4028 6352
537 335 641 402 199

1760 326 1817 391 S.
1860 326 2203 390 PROSPERI
2242 320 2573 399 AQUITANI

536 468 563 496 ιι
585 457 834 512 sententia
864 452 1137 510 voluntatis
1162 449 1279 515 Dei,
1310 457 1367 504 ut
1395 447 1486 502 alii
1511 463 1573 501 ea:
1594 446 1732 501 vobis
1760 446 1787 485 δ
1810 446 1875 500 de
1900 445 2122 514 in/ideli-
2152 453 2199 509 Α
2232 446 2407 513 pulum
2431 464 2530 499 non
2554 445 2789 499 existimo
2813 446 2991 501 debere
3011 446 3259 515 sumsere,
3282 447 3383 501 nisi
3406 444 3506 500 hoc
3526 447 3607 501 vel
3626 448 3820 519 aliquid

535 561 655 616 tate,
704 565 793 603 acc
823 558 909 621 pta
947 545 1217 601 obediettdi
1260 541 1545 607 uoluntate,
1583 540 1820 594 reneritis
1846 539 1914 592 ad
1944 538 2120 607 ﬁdgm,

534 644 610 696 rel
635 656 839 712 accepta
867 637 1258 707 perseverantia,
1300 636 1644 704 permuneatis
1686 634 1738 686 in
1771 632 1907 703 ﬁde;
1954 631 2124 685 ueteri

533 750 648 788 vero
676 737 763 804 qui
788 735 840 787 in
866 742 1194 805 peccatorum
1223 728 1565 784 delectatione
1607 727 1963 792 remoramini,
2006 728 2124 780 ideo

533 831 760 882 nondum
788 827 1105 891 surrexistis,
1136 825 1259 897 quia
1295 824 1512 878 necdum
1542 838 1628 876 vos
1653 821 1972 895 udjutorium
2003 836 2126 890 gra-

531 925 618 978 tia:
644 924 931 977 miserantis
960 924 1135 975 erexit.
1173 919 1534 975 Verumtamen
1564 918 1610 972 si
1634 920 1721 985 qui
1744 918 1865 972 estis
1892 916 2124 969 nondum

532 1019 712 1081 vocati,
740 1035 864 1088 quos
898 1017 1070 1089 gratia
1096 1033 1193 1071 sua
1226 1014 1668 1084 prmdestinaverit
1705 1013 2003 1085 eligendos,
2034 1026 2123 1064 ac-

528 1110 723 1179 cipietis
750 1110 977 1163 eamdem
1006 1110 1229 1182 gratiam
1254 1125 1359 1180 qua
1382 1106 1548 1162 velitis
1578 1114 1626 1160 et
1654 1107 1767 1161 sitis
1797 1106 1978 1171 electi;
2007 1113 2054 1157 et
2078 1104 2123 1157 si

527 1204 614 1272 qui
636 1202 870 1266 obeditis,
893 1205 935 1256 si
967 1200 1318 1274 prtedestinati
1341 1200 1462 1254 estis
1484 1197 1775 1270 rejiciendi,
1815 1197 2122 1250 subtrahen-

528 1305 620 1350 tur
650 1307 671 1335 ο
699 1296 968 1352 obediendi
996 1297 1147 1362 vires,
1182 1304 1236 1348 ut
1267 1292 1472 1346 obedire
1498 1291 1724 1347 cessetis.

1120 1385 1387 1442 RESPUN
1398 1384 1522 1440 510.

595 1476 796 1551 Stupeo
827 1480 1169 1535 sanctitatem
1202 1491 1461 1545 vestram,
1494 1474 1861 1544 obiectionem
1909 1473 2119 1529 calum-

526 1574 788 1630 niantium
825 1589 855 1628 a
885 1587 1114 1641 persona
1156 1571 1463 1627 defensoris
1504 1571 1697 1639 gratia:
1730 1585 1837 1623 non
1874 1568 2119 1638 potuisse

525 1667 859 1731 discernere,
886 1675 943 1722 et
967 1667 1130 1720 verba
1157 1662 1576 1720 obtrectantinm
1608 1663 1657 1718 ei
1688 1662 1790 1733 ipsi
1819 1662 1908 1734 qni
1938 1662 2121 1715 obtre-

523 1761 825 1817 ctatoribus
853 1761 965 1814 suis
995 1759 1286 1828 respondet
1316 1766 1556 1828 aptasse.
1591 1758 1717 1812 llaec
1743 1758 1887 1812 enim
1922 1756 1992 1813 de
2022 1756 2120 1810 du-

2230 539 2526 609 hujusmodi
2551 540 2733 602 addat,
2754 549 2809 591 ut
2826 538 2965 591 dicat
2986 554 3004 592 :
3036 538 3139 592 Vos
3154 540 3322 608 itaque
3348 540 3499 593 etiam
3522 541 3685 609 ipsam
3708 544 3822 596 obe-

2228 630 2401 684 diendi
2432 634 2853 703 perseverantiam
2884 648 2915 683 a
2944 629 3102 685 Patre
3126 631 3397 695 luminum,
3431 650 3462 685 a
3485 650 3587 704 qno
3614 637 3820 690 descen-

2226 724 2300 777 dit
2348 743 2494 780 onme
2530 728 2709 781 datum
2754 730 3003 798 Optimum
3033 738 3078 783 et
3118 744 3265 782 onme
3308 730 3503 784 donum
3546 732 3821 803 perfectum

2226 816 2376 890 (Jac.
2403 836 2458 885 tl,
2492 822 2555 875 l7
2572 820 2613 892 ),
2636 838 2841 893 sperare
2860 823 3069 887 debetis,
3094 832 3142 876 et
3163 824 3484 894 quotidianis
3504 826 3822 884 orationibus

2226 928 2433 982 poscere
2465 928 2485 967 :
2511 924 2661 984 atque
2701 916 2795 968 hoc
2825 916 3063 984 faciendo
3101 918 3358 985 conﬁdere
3401 934 3504 972 non
3533 934 3621 973 t'os
3663 936 3769 976 esse
3790 938 3821 975 a

2223 1008 2671 1077 prtedestinatione
2697 1009 2877 1081 populi
2902 1011 3014 1082 ejus
3042 1011 3274 1076 alienos;
3305 1010 3319 1063 i
3361 1014 3481 1083 quia
3512 1015 3666 1068 etiam
3698 1015 3813 1083 hoc,

2224 1106 2278 1150 ut
2317 1100 2543 1169 faciatis,
2574 1101 2683 1168 ipse
2707 1103 2942 1170 largitur.
2982 1103 3128 1158 Absit
3162 1117 3328 1158 antem
3357 1124 3389 1158 a
3414 1106 3551 1161 robis
3580 1107 3698 1162 ideo
3727 1108 3819 1162 de-

2220 1207 2429 1260 sperare
2456 1196 2521 1247 de
2545 1197 2705 1264 vobis,
2733 1198 2974 1265 quoniam
3012 1214 3152 1260 spem
3177 1214 3392 1253 vestram
3423 1200 3472 1252 in
3504 1202 3613 1271 ipso
3643 1202 3822 1258 habere

2211 1286 2483 1355 jubemmi,
2509 1304 2611 1341 non
2635 1290 2686 1342 itt
2706 1289 2862 1342 vobis.
2894 1289 3200 1344 lla/edictus
3221 1293 3357 1346 enim
3381 1296 3543 1348 omnis
3569 1299 3660 1365 qui
3680 1312 3821 1364 spem

2221 1376 2369 1430 habet
2401 1379 2451 1430 in
2481 1382 2681 1433 homine
2713 1379 2935 1451 (Jerem.
2963 1399 3091 1444 xvn.
3121 1382 3190 1454 5)
3222 1400 3236 1449 ;
3262 1395 3331 1450 et,
3365 1384 3566 1439 Bonum
3596 1402 3670 1442 est
3691 1405 3820 1444 cott-

2220 1468 2378 1536 ﬁdere
2406 1471 2458 1523 in
2491 1469 2708 1526 Domino
2738 1470 2763 1509 ¹ι
2803 1490 2958 1544 quam
2999 1477 3258 1540 conlidere
3301 1477 3353 1530 in
3385 1478 3589 1532 homine
3632 1479 3819 1548 (Psal.

2220 1574 2393 1625 Clu],
2440 1563 2548 1632 8);
2585 1561 2601 1601 ι
2636 1567 2875 1633 quoniam
2919 1569 3049 1621 beati
3099 1584 3274 1624 omnes
3323 1573 3407 1639 qui
3454 1574 3721 1643 conﬁdunt
3768 1578 3822 1632 in

2220 1668 2353 1708 eum.
2385 1662 2424 1690 ηι
2446 1654 2593 1709 llnnc
2614 1674 2755 1723 spem
2800 1670 3043 1724 tenentes,
3074 1663 3253 1717 servile
3285 1662 3505 1718 Domino
3534 1666 3585 1718 in
3619 1673 3817 1734 timore,
3866 1714 3876 1727 .

2219 1753 2265 1797 et
2296 1749 2546 1802 ersultate
2573 1750 2619 1802 ei
2646 1766 2762 1803 cum
2805 1763 3023 1807 tremore
3052 1754 3071 1823 (
3098 1753 3243 1808 Psal.
3282 1771 3341 1819 tt,
3380 1757 3438 1811 11
3466 1760 3506 1827 ).
3560 1762 3821 1825 Quoniam

522 1854 695 1912 ctrina
741 1853 998 1910 catholici
1043 1854 1141 1908 viri
1188 1854 1406 1924 quidam
1449 1852 1703 1922 nequiter
1738 1864 1790 1907 et
1836 1850 2114 1920 nugatoria

2226 1839 2287 1893 de
2309 1842 2414 1895 rita
2442 1855 2636 1898 arterna
2656 1886 2671 1910 ,
2716 1863 2873 1915 quam
2898 1846 3023 1917 [iliis
3054 1850 3407 1919 promissionis
3433 1854 3669 1923 promisit
3713 1872 3819 1910 non

521 1945 858 2018 jactitabant,
887 1945 1028 2015 quod
1057 1945 1148 2016 qui
1179 1946 1338 1999 talem
1385 1944 1479 1999 Dei
1510 1945 1737 2015 gratiam
1768 1942 2114 2012 prtediearct,

522 2047 583 2094 ut
611 2037 743 2093 ﬁdes
766 2046 820 2092 et
848 2037 1179 2103 obedientia,
1208 2047 1533 2107 exterasque
1564 2039 1830 2103 virtutes,
1860 2044 1917 2091 et
1954 2037 2007 2090 in
2038 2036 2119 2091 eis

522 2148 692 2205 usque
722 2134 777 2190 in
806 2134 965 2190 linem
998 2132 1426 2203 perseverantia,
1465 2149 1571 2186 non
1607 2132 1710 2185 nisi
1741 2146 1808 2186 ex
1841 2130 1987 2184 dono
2021 2129 2115 2184 Dei

522 2226 713 2283 haberi
749 2242 911 2299 posse
937 2226 1267 2292 credantur;
1297 2239 1641 2293 consequens
1670 2238 1793 2279 esse
1832 2233 1888 2277 ut
1919 2222 2117 2277 talibus

523 2320 709 2375 verbis
731 2331 974 2376 uteretur
993 2317 1060 2373 ad
1092 2318 1369 2387 pupulum,
1395 2326 1450 2371 ct
1483 2315 1789 2386 hujusmodi
1821 2315 2114 2369 denuntia-

522 2412 755 2468 tionibus
799 2427 1015 2467 omnem
1047 2411 1200 2465 liberi
1240 2409 1449 2464 arbitrii
1491 2408 1723 2463 evitaret
1762 2407 2112 2461 industriam.

521 2503 673 2571 Quod
698 2504 823 2575 quia
858 2502 1139 2573 piissimus
1176 2502 1371 2557 doctor
1415 2502 1612 2557 litteris
1657 2516 1848 2557 eorum
1880 2502 1946 2554 att
1978 2516 2115 2571 quos

519 2597 709 2654 serkiit
753 2604 1074 2668 agnoverat,
1105 2591 1133 2632 ει
1162 2595 1284 2650 ideo
1315 2592 1482 2666 254
1522 2593 1674 2655 dicit.
1726 2592 1834 2649 Sed
1864 2595 2034 2651 aiunt,
2060 2602 2116 2645 ut

518 2690 774 2755 scribitis;
802 2700 855 2745 et
884 2698 1091 2759 postea,
1118 2684 1231 2741 Ista
1252 2703 1368 2740 cum
1394 2686 1593 2740 dicunt.
1623 2682 1702 2740 Et
1734 2688 1837 2740 hoc
1861 2683 2115 2752 ιιοιιιί›ιίς

519 2781 825 2848 advertere,
857 2795 963 2834 non
991 2778 1171 2848 ipsum
1200 2779 1316 2832 haec
1338 2777 1546 2843 dicere,
1570 2776 1664 2831 sed
1697 2792 1791 2831 eos
1821 2775 1892 2831 de
1920 2776 2114 2845 quibus

520 2871 699 2928 dixit:
740 2871 849 2928 Sed
876 2876 1047 2936 alunt,
1089 2879 1144 2924 ut
1175 2870 1435 2935 scribitis;
1466 2876 1525 2923 et
1562 2912 1578 2935 ,
1613 2866 1728 2921 Ista
1767 2885 1882 2921 cum
1913 2869 2111 2922 dicunt.

519 2964 673 3036 Quod
700 2964 954 3021 simili-er
973 2971 1026 3018 et
1059 2965 1353 3032 Apostolus
1394 2964 1469 3017 ait
1501 2961 1690 3033 (Rom.
1733 2977 1788 3029 v,
1822 2962 1893 3033 8)
1920 2980 1935 3017 :
1966 2961 2113 3017 Sicut

520 3062 666 3116 aiunt
711 3077 802 3116 nos
844 3059 1056 3129 quidam
1094 3060 1284 3125 dicere,
1317 3056 1600 3112 Faciamus
1629 3057 1787 3117 mala.
1815 3066 1870 3110 ut
1907 3058 2114 3111 veniant

520 3155 672 3210 bona.
702 3153 929 3210 Inferius
958 3164 1161 3218 autem,
1196 3154 1282 3206 tibi
1320 3151 1534 3223 plenius
1560 3151 1627 3205 ad
1658 3151 1757 3205 ista
1790 3150 2108 3220 respondet,

2222 1937 2443 1991 mendax
2470 1935 2612 1994 Deus
2639 1950 2757 1993 ante
2801 1950 3031 2009 tempora
3059 1955 3281 2007 trterna,
3332 1962 3477 1998 nemo
3523 1958 3685 2014 potest
3711 1966 3822 2004 esse

2220 2044 2449 2096 securus,
2483 2030 2586 2085 nisi
2614 2046 2969 2088 consummata
3000 2037 3156 2102 fuerit
3187 2038 3285 2092 ista
3314 2039 3437 2102 vita,
3466 2054 3582 2103 qua:
3604 2043 3821 2096 tentatio

2219 2131 2292 2177 est
2312 2140 2467 2189 super
2493 2137 2717 2192 terram;
2740 2128 2828 2180 sed
2852 2135 2876 2162 η
2910 2127 3061 2198 faciet
3096 2146 3187 2182 nos
3218 2146 3541 2194 perseverare
3568 2133 3623 2186 in
3648 2150 3702 2186 se
3729 2151 3821 2189 us-

2218 2232 2314 2286 que
2337 2218 2405 2270 ad
2434 2216 2591 2290 hujus
2620 2219 2738 2273 vita:
2764 2219 2941 2288 ﬁnem.
2972 2222 3058 2274 cui
3083 2223 3314 2293 quotidie
3336 2224 3592 2278 dicimus:
3616 2222 3698 2280 Ne
3722 2242 3823 2282 nos

2218 2310 2413 2381 inferas
2435 2312 2487 2365 in
2514 2316 2845 2368 tentationem
2873 2313 3097 2386 (Matth.
3127 2333 3203 2382 Vt,
3231 2315 3349 2386 15).

2291 2402 2588 2471 Videtisne,
2621 2405 2884 2471 obsecro,
2916 2419 3177 2476 quantum
3207 2409 3369 2464 distet
3417 2408 3508 2465 hic
3538 2425 3717 2466 sermo
3742 2414 3822 2469 ab

2217 2508 2286 2549 εο
2330 2510 2491 2563 quem
2532 2498 2841 2563 composuit
2884 2500 3190 2568 malignitas
3230 2500 3679 2572 obloquenttuut;
3720 2506 3822 2575 qui

2217 2588 2542 2645 studuerunt
2567 2594 2730 2645 etiam
2762 2607 2825 2647 ea
2857 2608 2979 2662 qua:
3010 2593 3169 2666 255
3201 2610 3347 2650 recte
3382 2597 3516 2651 dicit
3543 2599 3821 2668 exquisita

2217 2682 2508 2737 verborum
2538 2682 2729 2738 fraude
2755 2690 3151 2756 corrumpere?
3182 2688 3256 2741 De
3279 2704 3386 2755 quo
3409 2699 3433 2723 ο
3460 2688 3600 2744 idem
3624 2693 3822 2749 dOrtOl'

2217 2774 2519 2829 rectissime
2562 2774 2635 2829 ait
2666 2775 2841 2847 (Aug.
2873 2776 2971 2833 lib.
3000 2777 3065 2831 de
3098 2778 3247 2832 Dono
3281 2779 3545 2836 Persever.
3581 2800 3630 2838 c.
3672 2784 3818 2855 22):

2220 2864 2400 2920 Dolosi
2425 2878 2595 2922 autem
2618 2869 2695 2922 rel
2722 2870 2945 2938 imperiti
2979 2872 3163 2924 medici
3186 2882 3280 2937 est,
3314 2873 3469 2927 etiam
3501 2874 3627 2928 utile
3653 2878 3823 2930 medi-

2213 2968 2503 3013 camentum
2528 2961 2600 3014 sic
2622 2960 2862 3032 alligare,
2891 2972 2945 3017 ut
2969 2980 3059 3017 aut
3088 2981 3193 3019 non
3220 2968 3408 3034 prosit,
3439 2978 3529 3021 aut
3560 2969 3711 3023 obsit.
3748 2971 3824 3027 Et

2214 3052 2408 3107 iterum
2433 3054 2502 3109 de
2537 3056 2700 3109 simili
2746 3055 2946 3127 ineptia
2996 3056 3551 3133 (lbidem):Nempe.
3597 3066 3776 3135 inquit
3802 3108 3821 3134 ,

2213 3146 2313 3202 hoc
2342 3150 2660 3205 verissimum
2686 3162 2759 3206 cst
2784 3168 2803 3207 :
2825 3154 2896 3207 ita
2924 3170 3070 3214 sane.
3095 3155 3184 3209 sed
3212 3157 3673 3225 improbissimum,
3718 3161 3825 3215 int-

519 3251 694 3306 muito
732 3250 1072 3305 manifestius
1115 3255 1263 3320 patet
1293 3257 1317 3285 θ
1349 3262 1508 3317 quam
1553 3246 1668 3301 haec
1695 3249 1763 3301 ab
1802 3245 1921 3315 ipso
1956 3262 2113 3300 ιιιιιιε-
2139 3240 2185 3305 C
2216 3246 2662 3315 portunissimum,
2703 3246 3319 3318 incongruentissimum;
3349 3262 3376 3302 tv
3406 3269 3508 3307 non
3540 3255 3679 3321 falso
3702 3259 3822 3311 elo-

520 3360 678 3414 quatn
727 3344 905 3397 taliter
944 3343 1088 3397 dicta
1138 3342 1280 3408 sint,
1311 3351 1366 3396 et
1396 3348 1658 3411 quantum
1701 3339 1750 3394 ei
1799 3339 2109 3408 huiusmodi

520 3435 921 3507 praedicationis
966 3433 1139 3489 forma
1186 3433 1511 3501 displiceat;
1550 3448 1711 3503 quant
1741 3433 2025 3504 corrigi-us
2054 3441 2112 3487 et

432 3556 448 3568 -
522 3528 788 3582 mundatis
831 3537 994 3592 atque
1020 3523 1342 3588 emendum,
1377 3524 1808 3581 tolerabiliorem
1840 3525 2113 3581 audienti-

520 3616 620 3675 bus
648 3618 810 3683 facit;
838 3632 961 3689 qua:
988 3632 1113 3671 vera
1146 3624 1275 3671 sunt
1302 3626 1635 3686 temperans.
1666 3633 1786 3688 qtne
1823 3617 1956 3671 falsa
1987 3626 2114 3671 sunt

521 3729 797 3779 resecans,
820 3725 873 3769 et
903 3722 1025 3781 post
1053 3710 1217 3764 multa
1245 3711 1507 3780 adjicieus
1538 3709 1722 3775 (Idem
1747 3713 1837 3767 lib.
1872 3712 1936 3765 de
1963 3712 2111 3767 Dono

524 3805 787 3861 Persrvcr.
818 3821 935 3871 cap.
962 3802 1102 3874 22):
1131 3800 1252 3856 1am
1281 3820 1397 3857 vero
1430 3804 1568 3875 quod
1594 3805 1700 3858 illis
1746 3805 1905 3858 verbis
1938 3802 1957 3841 ί
1987 3820 2114 3857 con-

522 3898 763 3959 nectitur,
790 3898 946 3950 miror
967 3897 1011 3950 si
1039 3898 1143 3951 ullo
1170 3897 1320 3951 ntodo
1342 3908 1500 3967 potest
1524 3898 1575 3951 in
1605 3898 1799 3966 populo
1825 3897 2114 3953 Christiano

522 3991 789 4062 quisquam
818 3989 1056 4055 inﬁrmus
1102 3991 1349 4056 patienter
1376 3991 1581 4053 audire,
1621 4007 1738 4043 cum
1780 3989 1971 4043 dicitur
1999 3990 2072 4044 eis
2095 4032 2111 4059 ,

525 4079 593 4136 Et
615 4083 658 4134 si
683 4082 769 4152 qui
790 4080 1022 4142 obeditis.
1044 4082 1124 4134 ssi
1141 4080 1486 4151 prcedestinati
1505 4083 1624 4134 estis
1650 4080 1935 4150 rejiciemli,
1955 4077 1981 4117 δ
1995 4082 2118 4135 διώ-

526 4174 793 4229 trahentur
821 4172 1116 4227 obedientite
1156 4175 1324 4239 vires,
1369 4185 1425 4227 ut
1470 4172 1675 4227 obedire
1721 4176 1946 4229 cessetis.
1998 4173 2117 4229 Hoc

525 4268 659 4323 enim
700 4265 886 4329 dicere,
910 4265 1034 4337 quid
1074 4265 1273 4320 videtur
1298 4266 1444 4319 aliud
1483 4282 1591 4318 esse
1610 4282 1765 4336 quam
1790 4266 2111 4337 maledicere,

525 4368 616 4413 aut
644 4358 779 4413 mala
804 4357 1026 4429 quodam
1049 4357 1198 4410 modo
1230 4358 1573 4427 prophetare?
1603 4356 1670 4411 Et
1700 4366 1821 4426 post
1850 4357 1967 4414 hare
1991 4374 2114 4414 cum

526 4449 733 4506 diceret
768 4452 1001 4521 qualiter
1036 4449 1105 4505 de
1133 4449 1216 4504 his
1242 4449 1570 4519 loquendum
1608 4460 1753 4506 esset
1782 4451 1833 4504 in
1868 4451 2071 4521 populo
2093 4495 2111 4519 ,

529 4544 737 4617 proprii
797 4558 989 4599 sensus
1038 4544 1201 4598 verba
1245 4545 1545 4600 connexuit
1594 4545 1783 4600 dicens
1834 4544 2023 4616 (Ibid.
2056 4547 2111 4617 )z

2214 3337 2358 3403 quia,
2382 3336 2474 3391 sed
2495 3353 2597 3391 non
2624 3337 2899 3394 salubriter
2922 3341 3205 3395 valetudini
3230 3343 3471 3398 humana:
3491 3346 3821 3412 inﬁrmitatis

2212 3429 2469 3501 apposito.
2500 3428 2616 3483 Non
2649 3429 2811 3500 igitur
2836 3446 3058 3488 necesse
3081 3442 3164 3488 est
3183 3435 3249 3489 de
3283 3437 3366 3490 his
3397 3438 3664 3492 rationem
3693 3439 3823 3495 red-

2213 3521 2363 3585 dere,
2394 3536 2516 3591 qua:
2558 3532 2614 3577 et
2652 3524 2723 3575 ab
2750 3522 2869 3577 aliis
2896 3524 3061 3589 dicta,
3107 3534 3163 3579 et
3208 3526 3275 3579 ab
3310 3525 3429 3596 ipso
3473 3529 3822 3586 Oslettdltﬂtls

2214 3616 2554 3684 improbata;
2584 3616 2655 3669 ita
2690 3629 2893 3682 tamen,
2922 3627 2981 3671 et
3011 3617 3143 3672 nihil
3178 3618 3284 3673 sibi
3317 3635 3414 3690 per
3437 3622 3697 3676 falsorum
3722 3623 3823 3679 ad-

2214 3709 2528 3762 mixtionem
2555 3709 2775 3779 praeripi
2800 3719 3077 3779 pateretur
3094 3726 3165 3766 ex
3190 3714 3352 3767 veris.
3378 3714 3641 3780 Quamvis
3666 3720 3820 3774 enim

2216 3815 2507 3869 numquam
2555 3809 2663 3853 tam
2715 3801 3031 3869 insipienter
3072 3803 3281 3857 locutus
3323 3804 3392 3859 sit
3435 3806 3501 3859 ad
3552 3813 3818 3876 populum

2212 3893 2604 3963 Christianum,
2636 3907 2690 3951 et
2718 3894 2772 3950 id
2794 3896 2937 3965 quod
2968 3897 3199 3951 mendax
3233 3899 3556 3954 obtrectatio
3589 3902 3822 3972 ineptis-

2214 3987 2352 4042 sime
2382 3987 2543 4041 ﬁnxit
2571 3997 2600 4038 ει
2629 3987 2937 4055 horruerit;
2971 3989 3053 4058 pia
3096 3998 3271 4044 tamen
3298 3992 3682 4060 citttstantiqtte
3712 3994 3823 4048 do-

2215 4083 2389 4134 ctrina
2425 4080 2767 4135 abundanter
2808 4080 3081 4149 probavit,
3119 4080 3519 4151 prmdicandatu
3552 4099 3677 4137 esse
3712 4087 3825 4143 Ec-

2214 4173 2396 4230 clesia:
2425 4187 2480 4231 et
2512 4174 3071 4245 prtedeStinatiunem,
3107 4177 3158 4228 in
3184 4192 3286 4243 qua
3318 4184 3403 4231 est
3430 4176 3621 4247 gratiae
3647 4179 3827 4252 256

2216 4272 2569 4341 prteparatio;
2598 4281 2650 4326 et
2689 4271 2917 4340 gratiam
2965 4271 3016 4325 in
3056 4286 3157 4340 qua
3190 4281 3274 4327 est
3316 4274 3825 4341 pra-destinationis

2216 4363 2472 4429 ellectus;
2530 4375 2583 4419 et
2636 4366 3035 4435 praescientiam
3098 4363 3225 4431 Dei,
3281 4380 3386 4435 qua
3434 4378 3562 4423 ante
3612 4370 3824 4428 saecula

2215 4467 2417 4512 atterna
2450 4458 2648 4528 quibus
2675 4469 2822 4513 esset
2847 4458 3142 4513 collaturus
3185 4474 3280 4514 sua
3314 4459 3455 4514 dona
3515 4463 3820 4532 praeseivit.

2215 4548 2382 4620 Cujus
2421 4551 2822 4621 pra‘dieationis
2862 4552 3108 4621 quisquis
3138 4562 3223 4607 est
3251 4553 3622 4625 itnpugnator,
3651 4572 3827 4627 aper-

528 4635 693 4693 Illum
736 4639 891 4693 etiam
940 4638 1179 4707 modum,
1232 4656 1333 4709 quo
1364 4636 1382 4677 ί
1417 4641 1659 4694 utendum
1706 4658 1813 4697 esse
1846 4642 1897 4696 in
1926 4643 2124 4713 praede-
2147 4625 2203 4690 Ῑ)
2228 4645 2467 4699 tissimus
2497 4653 2581 4699 est
2608 4643 2908 4715 Pelagianae
2935 4644 3186 4700 elationis
3213 4646 3452 4714 adiutor.

527 4731 818 4807 stinationis
848 4732 1210 4804 praedicatione
1241 4749 1337 4788 nos
1366 4732 1592 4789 diximus
1611 4775 1628 4802 ,
1661 4734 1887 4806 loquenti
1915 4736 1985 4789 ad
2023 4752 2120 4808 po-

600 4874 627 4904 ι
667 4864 841 4924 Editi.
872 4865 1104 4943 scientia.
1144 4866 1273 4921 Mss.
1304 4866 1413 4923 Jol.
1454 4878 1513 4923 et
1550 4866 1767 4939 Retnig.
1809 4884 1932 4925 cum
1971 4870 2110 4943 Aug.

528 4935 693 5002 libro,
721 4938 987 4991 sententia.
1716 4935 1740 4939 '
2049 4944 2054 4951 ‘

599 5006 627 5048 δ
669 5008 794 5064 ΙΙ.ιιο
825 5011 1010 5077 vetha,
1036 5009 1102 5063 de
1123 5008 1449 5079 inﬁdelitate,
1479 5009 1677 5064 absunt
1699 5026 1728 5063 a
1755 5025 1888 5068 mss.
1924 5012 2031 5069 Jol.
2060 5023 2114 5069 et

529 5078 776 5150 Remig.;
825 5082 1072 5143 leguntur
1114 5084 1164 5134 in
1195 5081 1356 5136 editis
1392 5084 1665 5148 omnibus,
1706 5096 1761 5137 et
1797 5084 1850 5138 in
1882 5084 2021 5142 ltbt'o
2050 5086 2109 5142 S.

530 5152 741 5223 August
790 5151 858 5207 de
879 5152 928 5223 D
954 5170 1035 5206 uno
1065 5152 1351 5207 [νει-μετιεῖ.

606 5222 635 5263 ε
673 5224 814 5277 Etlit.
850 5222 1039 5279 Venet.
1076 5234 1128 5279 et
1160 5222 1435 5289 Lugduni"
1463 5224 1767 5281 obedietttitz
1792 5225 1941 5283 vires.

600 5291 629 5334 δ
668 5294 757 5350 Sic
788 5310 887 5348 ms.
919 5294 1025 5349 Jol.
1058 5295 1208 5349 Alitis
1234 5295 1393 5359 editi,
1419 5296 1536 5349 ideo
1559 5297 1651 5351 ait.

605 5375 630 5405 ⁸
670 5366 767 5421 Ms.
799 5365 1075 5424 .lnlirthi“.
1102 5369 1240 5431 quos!
1271 5368 1379 5421 hac
1400 5367 1466 5419 ab
1494 5367 1627 5433 ipso.

608 5436 628 5478 ί
668 5437 763 5493 MS.
792 5437 920 5502 10L,
953 5440 1263 5492 ttttttet'tilttr.

605 5519 643 5585 ε
672 5509 815 5585 ﬁdit.
845 5508 1293 5585 l_._nv.._D_.tuc._t-t
1334 5508 1520 5585 Colon.
1567 5511 1872 5585 habebant,
1901 5516 1948 5568 si
1977 5532 2111 5585 prae-

531 5583 646 5655 sciti
676 5581 816 5655 estis.
848 5579 976 5634 M~s.
1009 5579 1118 5655 int.
1140 5592 1191 5635 et
1223 5581 1429 5655 Remig.
1458 5600 1579 5639 eum
1609 5584 1801 5655 ιλιαδ..
1842 5579 2031 5645 Venet.
2055 5599 2113 5645 et

533 5654 664 5711 edit.
692 5652 846 5717 Au;..
884 5652 1234 5721 prtedestinati
1264 5654 1403 5708 estis.

604 5720 633 5762 ⁸·
672 5721 797 5777 Mss.
836 5720 942 5801 .lot‘.
976 5737 1029 5775 et
1057 5725 1269 5801 lien-ig.
1318 5724 1680 5801 cntn__l.ugd.,
1710 5728 2106 5801 subtrahuntur,

536 5805 592 5853 et
622 5810 801 5856 antea.
842 5792 1011 5848 rodet
1046 5793 1298 5849 Julii-tusis
1326 5792 1590 5852 οὺειιῢδεηῖ

610 5864 628 5910 ί
672 5864 773 5924 bis.
809 5862 951 5931 Joh.
995 5869 1243 5922 utendum
1281 5877 1409 5924 esset
1448 5873 1707 5938 loquendo
1735 5872 1805 5929 ad
1833 5876 2103 5947 populum.

2294 4739 2407 4794 lloc
2436 4750 2616 4796 autem
2646 4738 2787 4811 quod
2815 4739 2869 4795 in
2904 4749 2925 4778 τ
2962 4742 3066 4795 line
3093 4742 3376 4811 posuistis,
3408 4744 3684 4814 superiori
3720 4761 3827 4804 ca-

2221 4872 2591 4952 Att_g.__lib._de
2630 4874 2782 4952 Dono
2808 4876 3059 4952 Persem,
3090 4878 3234 4948 apud
3266 4880 3530 4952 populum.

2294 4950 2309 5017 ρ
2362 4947 2458 5001 MS.
2490 4947 2598 5002 Jul.
2626 4989 2641 5011 ,
2675 4948 2763 5017 qui
2791 4950 2942 5002 etiam
2970 4950 3089 5004 hoc.

2279 5014 2315 5101 ξ
2358 5018 2414 5072 In
2453 5034 2555 5073 tus.
2587 5014 2698 5074 Jol.
2725 5019 2922 5075 desunt
2966 5021 3103 5092 bxc,
3149 5040 3303 5092 quam
3344 5023 3606 5094 conﬁdere
3632 5026 3687 5080 in
3716 5027 3831 5083 ho-

2220 5106 2374 5144 Mille.

2296 5160 2315 5200 ι
2361 5161 2523 5223 Etliti.
2555 5161 3026 5239 quia_beati._Mss_.
3068 5164 3171 5220 Jol.
3207 5176 3262 5220 et
3294 5167 3506 5239 Remis.
3543 5182 3665 5225 cum
3702 5170 3829 5228 Ve-

2218 5244 2333 5288 net.
2355 5250 2644 5307 ,ﬂquontam
2675 5236 2830 5290 beati.
2866 5236 3062 5303 Lttgd.,
3091 5254 3247 5307 quant
3277 5241 3430 5295 beati.

2288 5314 2327 5341 ω
2359 5304 2904 5382 _l:‘.itit._Lov.,_Dnac.
2934 5304 3230 5382 etrtlotunq
3268 5311 3331 5364 Et
3363 5314 3495 5364 hanc
3520 5328 3682 5382 spem.

2287 5383 2313 5411 υ
2357 5376 2482 5431 Mss.
2507 5375 2615 5431 .lnl.
2640 5390 2692 5429 o-t
2716 5376 2957 5448 llemig.,
2980 5381 3127 5447 faciet
3153 5398 3244 5436 nos

2214 5460 2316 5501 vox
2350 5448 2484 5513 ha-c,
2519 5464 2632 5508 nos.
2661 5452 2729 5501 ah
2757 5453 2942 5505 editis.

2288 5526 2314 5554 °
2354 5518 2449 5572 Ms.
2482 5518 2761 5579 Joliensis.
2791 5523 2929 5575 idem
2958 5534 3160 5581 auctor.

2287 5600 2317 5667 _P_
2355 5591 2428 5643 Ita
2460 5607 2571 5646 ωδε
2620 5592 2727 5667 Jul.
2752 5606 2801 5648 et
2830 5594 3038 5665 llt'tnig.
3070 5614 3193 5650 eum
3218 5598 3348 5652 edit.
3379 5598 3543 5667 Oper.
3576 5602 3819 5666 August.

2218 5661 2360 5741 Editt
2386 5679 2517 5716 vero
2538 5666 2952 5741 nostri‘nmnes.
2978 5661 3075 5721 non
3106 5672 3292 5737 falsum
3322 5661 3550 5741 eloquio,
3580 5661 3828 5733 seditiosa

2214 5736 2484 5813 salttbrtter
2504 5736 2787 5813 ‘t'tt’etndini
2818 5736 3058 5813 humanm
3085 5736 3397 5809 ih/irmdatis
3416 5736 3750 5813 appositum.

2289 5816 2315 5856 ς
2360 5806 2457 5860 Ms.
2494 5806 2777 5870 Juliensts,
2808 5809 3141 5865 inhorruerit.

2291 5888 2313 5917 ν
2359 5876 2608 5936 Editores
2658 5878 3048 5950 Lovauienses,
3078 5894 3137 5939 es
3162 5884 3252 5955 qui
3306 5884 3406 5943 hos
3443 5897 3576 5946 sunt
3612 5887 3810 5949 secuti

3266 5398 3609 5453 perseverare.
3634 5384 3787 5440 Abes
3799 5395 3826 5441 t

3717 328 3818 389 200
3860 361 3877 387 -.

3834 5274 3861 5319 θ

3840 5396 3857 5455 3
