4028 6352
659 365 864 427 LIBER
903 366 972 426 IN
1010 365 1150 436 QUO
1188 360 1704 421 PBOFERUNTUR
1745 358 2280 422 AUCTORITATES
2316 364 2827 440 EPISCOPORUM,
2857 367 3011 428 ETC.

3375 375 3487 436 210

203 492 530 565 adjutortum,
581 496 636 540 ut
684 504 785 541 non
833 485 1234 549 committantur,
1280 481 1554 534 anathema
1594 480 1678 534 sit.
1716 479 1913 542 EtAa
1953 480 2180 535 Domino
2213 484 2344 551 peti,
2391 500 2573 540 rerum
2620 485 2859 555 ipsarum
2910 493 3182 544 monstrat
3212 489 3482 546 edeetus:

202 587 384 643 iterum
412 587 610 648 quarto
636 578 876 649 capitulo
907 596 918 630 :
954 576 1019 632 Ut
1049 575 1280 647 quisquis
1311 573 1517 639 dixerit,
1562 572 1783 642 gratiam

203 677 288 734 Dei
315 671 608 747 perlesum
639 671 900 727 Christum
927 681 1134 742 prapter
1160 668 1257 722 hoc
1285 675 1486 722 tantum
1514 683 1606 721 nos
1627 666 1784 740 adju-

205 788 309 828 vare
352 771 418 824 ad
449 784 550 823 non
593 767 928 836 peccandum,
956 767 1078 837 quia
1106 774 1133 802 ⁸
1161 781 1252 836 per
1277 765 1443 832 ipsum
1473 763 1616 819 nobis
1646 780 1786 818 reve-

206 871 331 925 letur
366 877 414 921 et
445 865 676 936 aperitur
707 861 1046 934 intelligentia
1072 860 1455 922 mandatorum,
1487 867 1544 911 ut
1569 858 1785 912 sciamus

204 960 312 1030 quid
335 967 578 1027 appetere
598 964 647 1011 et
675 955 799 1024 quid
827 955 986 1008 vitare
1012 950 1322 1018 debeamus;
1377 966 1477 1003 non
1499 957 1672 1003 autem
1695 965 1788 1019 per

205 1051 334 1107 illam
378 1050 526 1104 nobis
557 1049 816 1118 prastari,
855 1056 910 1101 ut
934 1047 1070 1117 quod
1109 1045 1402 1116 faciendum
1433 1045 1783 1115 cognorimus,

208 1145 348 1198 etiam
373 1142 542 1213 facere
568 1140 849 1211 diligamus
876 1147 1032 1209 atque
1063 1137 1324 1190 valeamus
1350 1178 1364 1202 ,
1397 1136 1670 1189 anathema
1697 1137 1784 1190 sit.

209 1234 320 1291 Cum
367 1233 507 1288 enim
553 1231 692 1285 dicat
731 1231 1033 1300 Apostolus,
1084 1229 1311 1283 Scientia
1360 1229 1530 1298 inﬂat,
1563 1229 1789 1284 charitas

211 1342 310 1382 vero
340 1324 575 1394 aediﬁcat
615 1323 657 1393 (I
695 1320 814 1378 Cor.
843 1337 954 1387 vm,
987 1323 1064 1391 l),
1101 1321 1262 1394 275
1302 1322 1449 1375 valde
1472 1321 1686 1392 impium
1714 1331 1791 1377 est

215 1432 260 1476 ut
288 1421 584 1487 credamus,
623 1418 691 1471 ad
729 1433 841 1470 eam
878 1432 993 1487 qua:
1029 1416 1180 1486 inflat
1221 1431 1313 1469 nos
1351 1414 1538 1468 habere
1565 1415 1790 1486 gratiam

215 1517 410 1583 Christi,
444 1527 491 1571 et
536 1516 604 1568 ad
647 1529 758 1568 eam
787 1529 903 1584 qua:
933 1512 1160 1579 aediﬁcat
1191 1527 1292 1564 non
1323 1511 1544 1576 habere;
1583 1527 1699 1563 cum
1725 1510 1792 1565 sit

213 1619 467 1679 utrumque
510 1608 704 1661 donum
731 1605 846 1670 Dei,
886 1613 934 1658 et
964 1604 1096 1657 scire
1121 1602 1245 1672 quid
1285 1605 1453 1673 facere
1493 1601 1786 1668 debeamus,

214 1684 256 1756 ct
273 1700 486 1771 diligere
511 1708 563 1753 ut
586 1697 862 1768 faciamus,
887 1705 942 1748 ut
964 1694 1257 1763 wdiﬁcante
1286 1693 1552 1757 charitate,
1579 1693 1793 1747 scientia

216 1809 303 1846 non
331 1791 492 1860 possit
532 1791 740 1860 inﬂare.
785 1787 935 1844 Sicut
979 1796 1151 1840 autem
1187 1787 1251 1838 de
1281 1785 1388 1839 Deo
1420 1787 1664 1856 scriptum
1693 1793 1787 1851 est,

1887 576 2323 646 quandoquidem
2374 594 2440 634 ex
2486 581 2631 634 omni
2677 596 2927 636 errorum
2973 597 3178 652 genere
3221 585 3484 654 plurimos

1888 669 2029 724 Deus
2071 669 2323 739 dignatur
2363 673 2662 740 attrahere,
2704 689 2842 744 quos
2881 685 3072 730 erutos
3114 676 3184 732 de
3217 686 3487 746 potestate

1888 763 2053 834 276
2102 763 2451 818 tenebrarum
2489 767 2777 820 transferat
2815 766 2870 821 in
2904 782 3127 837 regnum
3152 767 3276 822 Filii
3305 766 3491 826 chari-

1889 858 2018 910 tatis
2049 871 2160 910 suae
2194 855 2422 926 (Coloss.
2453 873 2492 924 ι,
2526 858 2639 928 l5),
2674 868 2729 914 et
2758 875 2823 914 ex
2850 862 2993 915 vasis
3023 861 3120 917 irae
3153 861 3316 918 iaciat
3352 877 3488 920 vasa

1890 950 2287 1006 misericordiae
2315 951 2494 1019 (Rom.
2526 968 2603 1017 ix,
2629 952 2744 1022 22).
2773 953 2927 1021 Quod
2955 954 3093 1010 adeo
3116 963 3290 1010 totum
3318 955 3492 1013 divini

1891 1041 2075 1109 operis
2097 1057 2219 1097 esse
2244 1043 2501 1106 sentitur,
2536 1053 2593 1098 ut
2624 1043 2738 1098 haec
2759 1045 3018 1100 efficienti
3046 1045 3158 1102 Deo
3184 1047 3490 1116 gratiarum

1891 1147 2112 1202 semper
2133 1135 2296 1198 actio,
2323 1135 2609 1205 laudisque
2634 1136 2932 1205 confessio,
2965 1153 3064 1208 pro
3089 1137 3492 1197 illuminatione

1891 1225 2077 1280 talium
2111 1227 2194 1282 vel
2225 1227 2568 1284 correctione
2591 1230 2923 1284 referantur.

2181 1408 2577 1468 CAPITULUSI
2605 1412 2697 1468 IX.
2722 1413 2865 1467 Alias
2885 1411 3042 1468 CAP.
3075 1413 3194 1470 XII.

1896 1563 2049 1630 Quod
2078 1566 2298 1633 gratiam
2336 1565 2430 1620 Dei
2459 1568 2610 1620 etiam
2640 1566 3072 1638 baptizandorum
3101 1575 3310 1622 testetur
3333 1569 3491 1623 insti-

1966 1644 2075 1709 tuta
2103 1639 2357 1708 purgatio,
2389 1655 2504 1690 cum
2528 1642 2824 1692 exorcismis
2846 1649 2894 1692 et
2916 1640 3351 1708 exsuﬂlationibus
3381 1641 3497 1709 spi-

1965 1708 2094 1760 ritus
2120 1709 2183 1760 ab
2203 1710 2275 1762 eis
2299 1709 2579 1779 abiguntur
2604 1711 2875 1764 immundi.

219 1884 306 1950 Qui
353 1885 505 1938 docet
555 1883 813 1936 hominem
866 1881 1134 1934 scientiam
1198 1878 1374 1951 (Psal.
1436 1895 1604 1946 1cm,
1657 1881 1789 1946 10),
1821 1873 1870 1935 Β
1967 1883 2099 1940 Illud
2147 1887 2307 1940 etiam
2354 1885 2495 1954 quod
2539 1886 2680 1941 circa
2737 1885 3092 1956 baptizandos
3134 1888 3187 1940 in
3239 1888 3498 1942 universo

215 1978 280 2031 ita
293 1977 441 2030 etiam
453 1976 705 2046 scriptum
721 1982 794 2027 est
810 1989 828 2027 :
846 1971 1086 2027 Charitas
1098 1987 1161 2025 ea:
1173 1969 1283 2025 Deo
1303 1980 1375 2025 est
1393 1971 1433 2041 (Ι
1452 1970 1698 2038 Joan.tv,
1713 1973 1792 2044 7).

216 2065 243 2104 δ
269 2064 394 2122 Item
420 2065 609 2136 quinto
629 2063 900 2133 capitulo:
927 2061 995 2117 Ut
1021 2062 1249 2132 quisquis
1272 2062 1482 2126 dixerit,
1507 2063 1623 2116 ideo
1651 2064 1797 2116 nobis

218 2160 420 2231 gratiam
434 2157 832 2231 justiﬂcationis
853 2157 990 2222 dari,
1019 2166 1072 2208 ut
1101 2155 1242 2226 quod
1269 2156 1440 2225 facere
1466 2174 1555 2228 per
1579 2157 1798 2210 liberum

223 2263 243 2292 ε
259 2254 491 2326 jubemur
511 2252 805 2315 arbitrium,
830 2251 1040 2322 {acilius
1061 2250 1313 2322 possimus
1337 2251 1546 2322 implere
1572 2268 1660 2322 per
1680 2268 1799 2322 gra-

219 2345 364 2411 tiam;
410 2356 667 2416 tamquam
711 2345 755 2400 si
805 2343 976 2414 gratia
1025 2359 1126 2396 non
1167 2343 1399 2410 daretur,
1442 2360 1542 2397 non
1592 2345 1800 2414 quidem

223 2436 385 2507 facile,
422 2441 510 2491 sed
541 2446 712 2490 tamen
741 2436 994 2506 possimus
1025 2435 1181 2488 etiam
1211 2437 1321 2490 sine
1348 2437 1440 2489 illa
1481 2437 1692 2506 implere
1719 2436 1800 2489 di-

219 2530 334 2583 uina
371 2530 634 2599 mandata,
666 2530 942 2584 anathema
969 2530 1054 2583 sit.
1091 2529 1168 2584 De
1195 2529 1447 2601 fructibus
1478 2530 1613 2582 enim
1653 2546 1801 2583 man-

223 2622 447 2676 datorum
491 2621 743 2676 Dominus
786 2622 1112 2692 loquebatur,
1155 2623 1239 2678 ubi
1283 2640 1385 2677 non
1429 2625 1520 2690 ait,
1562 2624 1690 2678 Sine
1723 2640 1804 2679 me

229 2716 475 2786 difﬁcilius
506 2718 714 2788 potestis
739 2718 904 2787 facere
937 2733 955 2772 :
982 2719 1073 2772 sed
1099 2720 1197 2787 ait,
1234 2717 1362 2774 Sine
1397 2733 1476 2771 me
1505 2717 1636 2771 nihil
1661 2726 1802 2789 pote-

236 2809 328 2863 stis
353 2809 516 2878 facere
547 2808 723 2882 (Joan.
750 2827 832 2879 xv,
865 2813 941 2882 5).

492 2925 886 2982 CAPITULUM
909 2925 1048 2982 VIII.
1081 2926 1228 2980 Alias
1260 2925 1418 2982 CAP.
1451 2925 1538 2980 XI.

231 3016 381 3090 ngd
401 3029 580 3085 prteler
606 3027 800 3074 statuta
839 3019 974 3074 sedis
1003 3019 1318 3090 apostolicos,
1347 3035 1518 3073 omnes
1547 3020 1804 3074 orationes

293 3087 533 3143 Ecclesia:
559 3090 750 3143 Christi
778 3096 999 3160 gratiam
1027 3087 1287 3153 resonant,
1319 3108 1418 3160 qua
1439 3108 1599 3162 genus
1622 3091 1808 3144 huma-

292 3176 411 3213 num
435 3162 498 3214 ab
513 3172 707 3216 aeterna
735 3163 1072 3216 damnatione
1094 3172 1385 3230 reparatur.

1900 1978 2100 2031 mundo
2128 1986 2315 2032 sancta
2357 1977 2604 2033 Ecclesia
2646 1978 2988 2034 unifortuiter
3017 1979 3146 2049 agit,
3183 1993 3289 2034 non
3318 1980 3501 2035 otioso

1900 2071 2332 2140 contemplemur
2365 2071 2584 2126 intuitu.
2636 2072 2771 2127 Cum
2821 2072 2937 2128 sive
2985 2072 3217 2144 parvuli,
3263 2072 3377 2129 sive
3415 2073 3501 2142 ju-

1902 2181 2074 2221 venes
2101 2165 2168 2220 ad
2206 2166 2640 2236 regenerationis
2676 2165 2900 2220 veniunt
2935 2177 3360 2234 sacramentum,
3389 2181 3500 2221 nun

1902 2259 2054 2329 prius
2077 2257 2281 2314 fontem
2310 2259 2434 2313 vita:
2465 2257 2685 2323 adeunt,
2707 2274 2870 2330 quam
2899 2260 3220 2315 esorcismis
3245 2270 3296 2314 et
3320 2258 3502 2315 exsuf-

1903 2349 2214 2405 ﬂationibus
2239 2349 2568 2405 clericorum
2597 2351 2823 2420 spiritus
2843 2351 2912 2406 ab
2943 2353 3025 2406 eis
3054 2351 3366 2408 immundus
3389 2353 3502 2408 abi-

1901 2452 2100 2514 gatur;
2148 2453 2204 2498 ut
2251 2453 2378 2499 tunc
2416 2459 2546 2500 vere
2587 2455 2870 2514 appareat,
2921 2447 3195 2516 quomodo
3247 2448 3501 2517 princeps

1902 2535 2086 2590 mundi
2118 2535 2276 2604 hujus
2307 2537 2552 2591 mittatur
2587 2535 2734 2590 foras
2781 2535 2960 2608 (Joan.
3000 2554 3094 2607 xu,
3136 2539 3250 2609 31),
3281 2546 3338 2594 et
3366 2554 3500 2613 quo-

1904 2629 2066 2684 modo
2116 2620 2269 2700 prius
2311 2631 2558 2700 alligetur
2607 2631 2784 2699 fortis,
2809 2640 2861 2685 et
2905 2631 3164 2701 deinceps
3211 2646 3338 2687 vasa
3380 2633 3499 2702 ejus

1904 2723 2230 2792 diripiantur
2278 2723 2492 2794 (Matth.
2540 2739 2634 2789 xu,
2668 2723 2767 2790 9.9;
2804 2722 2970 2778 Marc.
3018 2740 3098 2789 ιιι,
3132 2724 3246 2794 27),
3291 2725 3344 2779 in
3377 2739 3503 2794 pos-

1904 2815 2208 2869 sessionem
2234 2815 2492 2868 translata
2516 2813 2761 2878 victoris,
2790 2816 2881 2884 qui
2907 2818 3178 2885 captivam
3202 2815 3351 2870 ducit
3374 2831 3503 2886 cap-

1906 2907 2165 2960 tivitatem
2201 2905 2375 2976 (Psal.
2425 2921 2598 2971 uvu,
2650 2906 2762 2976 l9),
2797 2916 2853 2961 et
2882 2906 2975 2960 dat
3014 2906 3156 2965 dona
3189 2906 3502 2964 hominibus

1909 2999 2122 3068 (Ephes.
2155 3015 2234 3065 tv,
2261 2999 2342 3070 8).

1979 3094 2076 3148 His
2120 3107 2248 3163 ergo
2281 3092 2672 3147 ecclesiasticis
2701 3092 2924 3162 regulis,
2957 3101 3012 3148 et
3041 3107 3107 3146 ex
3140 3091 3327 3146 divina
3356 3106 3506 3147 sum-

1910 3187 2017 3258 ptis
2042 3187 2364 3240 auctoritate
2403 3185 2768 3252 documentis,
2811 3185 2884 3239 ita
2917 3181 3206 3254 adjuvante
3249 3183 3497 3252 Domino,

289 3275 486 3331 Prteter
509 3276 840 3333 beatissima:
862 3286 918 3334 et
945 3279 1261 3349 apostolica:
1289 3278 1436 3333 sedis
1461 3278 1801 3336 inviolabiles
1829 3263 1876 3330 C
1907 3280 2228 3334 conformati
2273 3277 2456 3350 [Forte
2507 3275 2835 3347 confirmati]
2889 3291 3096 3345 sumus,
3154 3284 3212 3329 ut
3261 3276 3502 3332 omnium

224 3371 546 3435 sanctiones,
592 3371 790 3441 quibus
836 3386 936 3426 nos
970 3372 1197 3442 piissimi
1232 3381 1432 3441 patres,
1464 3370 1491 3408 ἀ
1534 3373 1805 3442 pestiferas

222 3461 472 3516 novitatis
488 3462 725 3518 elatione
745 3463 979 3532 deiecta,
1000 3474 1051 3518 et
1070 3465 1229 3518 bona:
1248 3464 1539 3518 voluntatis
1559 3464 1802 3534 exordia,

221 3561 272 3606 et
295 3554 630 3608 incrementa
667 3556 1024 3623 probabilium
1063 3557 1394 3623 studiorum,
1431 3566 1486 3611 et
1521 3559 1572 3612 in
1607 3559 1688 3613 eis
1720 3575 1808 3614 us-

223 3659 318 3716 que
364 3646 417 3700 in
467 3645 636 3701 ﬁnem
693 3649 1156 3718 perseverantiam
1211 3649 1276 3702 ad
1326 3649 1534 3704 Christi
1580 3651 1807 3720 gratiam

223 3736 418 3794 referre
463 3738 792 3805 docuerunt,
831 3741 1268 3796 obsecrationum
1297 3758 1515 3812 quoque
1557 3744 1812 3798 sacerdo-

226 3829 399 3883 talium
439 3837 787 3885 sacramenta
836 3833 1234 3901 respiciamus,
1279 3849 1399 3904 qua:
1443 3835 1509 3887 ab
1551 3836 1814 3904 apostolis

225 3923 403 3976 tradita
438 3965 456 3990 ,
493 3923 553 3977 in
585 3933 697 3978 toto
727 3925 928 3979 mundo
956 3936 1120 3996 atque
1153 3926 1206 3980 in
1237 3927 1384 3980 omni
1417 3926 1683 3981 catholica
1712 3927 1814 3982 Ec-

221 4014 379 4069 clesia
428 4013 785 4070 uniformiter
814 4016 1184 4084 celebrantur,
1230 4029 1288 4072 ut
1338 4019 1512 4086 legem
1556 4019 1814 4073 credendi

220 4105 300 4161 lex
337 4115 554 4162 statuat
593 4109 952 4178 supplicandi.
981 4108 1115 4163 Cum
1165 4111 1306 4164 enim
1355 4120 1665 4164 sanctarum
1698 4111 1815 4180 ple-

222 4197 355 4254 bium
381 4201 653 4270 prmsules
677 4202 931 4254 mandata
960 4201 1173 4255 sibimet
1225 4202 1498 4271 legatione
1528 4201 1816 4272 fungantur

223 4291 351 4359 apud
398 4292 645 4346 divinam
697 4291 1065 4359 clementiam,
1119 4293 1342 4346 humani
1385 4296 1602 4363 generis
1653 4303 1819 4362 agunt

224 4394 452 4449 causam,
490 4393 553 4439 ct
590 4392 698 4438 tota
729 4398 913 4438 secum
948 4383 1193 4438 Ecclesia
1220 4387 1685 4452 cungemiscente,
1724 4403 1822 4456 po-

222 4475 421 4528 stulant
458 4481 521 4529 et
558 4485 851 4545 precantur
882 4482 942 4528 ut
971 4474 1281 4530 inﬁdelibus
1312 4476 1549 4530 donetur
1575 4477 1728 4544 fides,
1762 4487 1820 4532 ut

224 4562 521 4622 idololatrre
566 4567 633 4620 ab
686 4567 980 4636 impietatis
1026 4582 1137 4621 sua:
1176 4568 1476 4623 liberentur
1515 4571 1814 4635 erroribus,

1907 3372 2175 3427 bonorum
2209 3371 2527 3434 aliectuutn,
2562 3379 2725 3440 atque
2759 3383 3012 3438 operum,
3044 3377 3100 3422 et
3126 3369 3366 3423 omnium
3392 3378 3508 3423 stu-

1910 3465 2145 3528 diorum,
2175 3463 2528 3531 omniumque
2551 3463 2834 3526 virtutum,
2875 3462 3070 3532 quibus
3096 3462 3164 3514 ab
3195 3461 3350 3515 initio
3379 3443 3538 3516 fideI‘

1916 3555 1935 3594 ί
1968 3557 2036 3611 ad
2067 3556 2234 3610 Deum
2259 3555 2523 3619 tenditur,
2549 3555 2713 3609 Deum
2740 3553 3096 3623 proﬂteamur
3122 3561 3424 3619 auctorem,
3450 3561 3508 3610 et

1912 3664 2020 3703 non
2043 3646 2347 3703 dubitemus
2367 3646 2435 3700 ab
2462 3647 2632 3712 ipsius
2644 3647 2817 3716 gratia
2847 3647 3025 3700 omnia
3052 3644 3290 3699 hominis
3313 3645 3509 3700 merita

1912 3743 2225 3812 prmveniri,
2258 3756 2356 3811 per
2378 3754 2536 3809 quem
2568 3739 2625 3794 lit
2654 3749 2714 3794 ut
2740 3739 2940 3809 aliquid
2972 3738 3098 3792 boni
3125 3745 3179 3792 et
3208 3738 3348 3794 velle
3375 3738 3508 3794 inci-

1915 3839 2125 3907 piamus
2154 3843 2209 3888 et
2242 3835 2439 3888 facere.
2471 3832 2594 3900 Quo
2626 3832 2812 3899 utique
2843 3830 3043 3886 auxilio
3073 3839 3128 3885 et
3152 3845 3380 3885 munere
3409 3829 3509 3886 Dei

1916 3943 2024 3981 non
2057 3924 2296 3979 aufertur
2324 3923 2557 3977 liberum
2581 3921 2888 3986 arbitrium,
2920 3921 3014 3977 sed
3043 3920 3334 3989 liberatur,
3358 3930 3418 3976 ut
3441 3923 3510 3977 de

1917 4019 2208 4076 tenebroso
2253 4015 2518 4083 lucidum,
2561 4015 2629 4070 de
2673 4029 2843 4082 pravo
2873 4023 3104 4079 rectum,
3143 4013 3212 4069 de
3253 4011 3510 4084 languido

1917 4127 2131 4174 sanum,
2163 4109 2229 4163 dc
2251 4107 2600 4177 imprudente
2629 4109 2702 4162 sit
2733 4107 3038 4176 providum.
3058 4106 3227 4161 Tanta
3251 4107 3394 4162 enim
3422 4115 3509 4162 est

1918 4221 2041 4274 erga
2065 4218 2257 4256 omnes
2277 4201 2524 4255 homines
2551 4199 2766 4254 bonitas
2798 4199 2918 4263 Dei,
2943 4209 3002 4252 ut
3024 4206 3211 4252 nostra
3236 4198 3366 4253 velit
3386 4211 3512 4254 esse

1920 4298 2136 4365 merita,
2166 4310 2287 4367 quae
2310 4303 2436 4348 sunt
2459 4293 2627 4363 ipsius
2648 4292 2812 4358 dona,
2837 4301 2889 4345 et
2914 4306 3013 4360 pro
3036 4289 3122 4346 his
3143 4307 3264 4361 quas
3287 4291 3512 4362 largitus

1920 4401 2024 4460 est,
2068 4400 2264 4446 aeterna
2298 4388 2518 4457 praemia
2563 4391 2634 4441 sit
2684 4385 3004 4440 donaturus.
3043 4385 3168 4455 Agit
3213 4385 3413 4456 quippe
3457 4385 3513 4441 in

1921 4483 2096 4548 nobis,
2130 4493 2183 4536 ut
2215 4481 2361 4551 quod
2387 4480 2500 4533 vult
2527 4487 2583 4533 et
2605 4478 2838 4533 velimus
2866 4487 2920 4532 et
2942 4492 3196 4546 agamus;
3223 4491 3320 4542 nec
3337 4478 3514 4533 otiosa

1922 4591 2042 4631 esse
2066 4577 2116 4629 in
2140 4574 2297 4628 nobis
2322 4573 2548 4642 patitur,
2573 4585 2693 4638 qua:
2720 4569 3047 4634 exercenda,
3068 4584 3174 4624 non
3195 4569 3515 4640 negligenda

222 4667 275 4710 ut
300 4659 537 4726 Judais,
555 4658 733 4713 ablato
753 4660 934 4715 cordis
958 4661 1251 4726 velamine,
1277 4661 1369 4715 lux
1398 4661 1639 4716 veritatis
1655 4678 1819 4732 appa-
1843 4650 1897 4710 D
1922 4668 2176 4731 donavit;
2218 4675 2277 4718 ut
2305 4674 2360 4718 et
2390 4677 2490 4718 nos
2519 4673 2905 4730 cooperatores
2934 4663 3104 4716 simus
3149 4663 3334 4732 gratiae
3383 4663 3509 4728 Dei;

219 4761 348 4815 reat,
387 4761 447 4806 ut
491 4751 740 4806 huetici
769 4753 1051 4808 catholica:
1086 4753 1212 4808 ﬁdei
1243 4764 1266 4790 θ
1299 4755 1652 4823 perceptione
1679 4756 1820 4810 resi-

216 4844 441 4914 piscant,
492 4856 558 4901 ut
590 4846 920 4902 schismatici
949 4848 1202 4917 spiritum
1243 4847 1504 4902 rediviva:
1532 4848 1816 4904 charitatis

217 4936 503 5008 accipiant,
533 4946 595 4992 ut
615 4939 780 5009 lapsis
812 4941 1148 5009 ptenitentia:
1171 4940 1412 4996 remedia
1440 4942 1814 5007 conferantur,

216 5036 270 5081 ut
294 5029 560 5102 denique,
593 5030 1005 5088 catechumenis
1042 5033 1110 5087 ad
1157 5034 1587 5104 regenerationis
1633 5050 1816 5090 sacra-

219 5135 390 5181 menta
420 5127 728 5197 perductis,
771 5130 1009 5185 ccelestis
1054 5130 1446 5188 misericorditc
1492 5135 1614 5188 aula
1671 5150 1820 5189 rese-

215 5227 376 5274 retur.
416 5219 555 5276 Ilaec
595 5227 776 5274 autem
823 5235 928 5275 non
974 5221 1346 5293 perfunctorie
1373 5240 1548 5295 neque
1585 5225 1819 5280 inaniter

215 5373 662 5513 ":Concilium
694 5373 1008 5447 Carthagin.
1046 5385 1098 5433 et
1122 5377 1287 5433 editio
1323 5378 1521 5436 Leonis
1547 5381 1807 5451 Operum,

323 5461 521 5513 ipsam.

323 5462 521 5499 ipsum.

280 5513 450 5588 {Sim
473 5514 870 5588 edit.append.
899 5528 938 5574 t.
959 5519 1006 5574 X
1026 5521 1127 5588 Op.
1147 5523 1374 5588 August.
1400 5538 1465 5578 ex
1489 5540 1622 5580 mss.
1647 5523 1815 5580 Corb.

214 5585 507 5670 etrIaeonis
539 5585 683 5642 edit.
707 5586 927 5660 Caneri,
971 5585 1194 5662 omisso,
1231 5585 1384 5660 item,
1427 5595 1494 5650 In
1521 5599 1698 5666 quinto
1733 5612 1819 5649 ca-

213 5660 428 5806 put?!qu
453 5744 528 5806 ex
557 5744 693 5786 mss.
721 5730 885 5788 Corb.
917 5735 1051 5806 edit.
1078 5735 1308 5806 August.
1336 5735 1591 5804 Operam.
1623 5738 1822 5794 Caeteri

213 5813 365 5885 veno,
374 5872 387 5885 Ι
393 5801 691 5885 jubegmur
705 5819 733 5885 ,1
754 5813 810 5858 et
839 5816 960 5874 post
988 5801 1196 5876 aliquot
1225 5801 1419 5875 lineas,
1450 5811 1664 5885 sinente
1693 5809 1827 5885 nihil

216 5870 502 5940 diﬁcitius.
528 5871 641 5929 Sed
662 5870 853 5933 minus
865 5885 1035 5946 recte,
1059 5870 1292 5956 excepto
1321 5870 1465 5950 quod
1489 5879 1822 5952 prlorisloco

1923 4775 1987 4814 ac
2009 4758 2056 4813 si
2084 4756 2210 4826 quid
2240 4757 2395 4810 nobis
2425 4771 2491 4810 ex
2517 4765 2700 4809 nostra
2730 4753 3030 4810 viderimus
3059 4753 3377 4809 remissione
3400 4755 3516 4808 lan-

1919 4866 2200 4922 guescere,
2249 4850 2315 4902 ad
2365 4848 2518 4902 illum
2550 4847 2782 4902 sollicite
2826 4861 3196 4912 recurramus,
3241 4847 3331 4916 qui
3364 4855 3516 4899 sanat

1921 4961 2095 5000 omnes
2140 4945 2409 5013 languores
2441 4949 2660 5005 nostros,
2691 4950 2737 4994 et
2775 4939 2980 4993 redimit
3011 4938 3073 4991 de
3107 4938 3318 4991 interitu
3355 4937 3515 4988 vitam

1921 5050 2148 5094 nostram
2179 5036 2353 5109 (Psal.
2385 5051 2478 5099 cu,
2526 5035 2605 5104 5),
2648 5043 2703 5089 et
2741 5035 2827 5088 cui
2866 5030 3106 5102 quotidie
3141 5029 3399 5084 dicimus:
3433 5025 3516 5081 Ne

1922 5133 2137 5186 inducas
2181 5146 2271 5182 nos
2323 5130 2376 5181 in
2421 5128 2774 5192 tentationem,
2820 5126 2908 5179 sed
2961 5123 3119 5176 libera
3162 5136 3254 5173 nos
3302 5135 3335 5170 α
3378 5118 3515 5171 malo

1924 5225 2140 5297 (Matth.
2166 5238 2242 5286 Vl,
2276 5221 2408 5290 15)!

1923 5381 2167 5454 etiamin
2194 5379 2373 5454 Leone
2403 5377 2655 5454 ltabnetur,
2676 5376 2938 5454 jubempr,
2969 5369 3400 5454 non‘jubeamur.

1995 5450 2021 5488 ά
2065 5452 2185 5506 Edit
2212 5453 2377 5504 Duae.
2406 5460 2459 5503 et
2484 5442 2688 5503 Coloni
2705 5460 2824 5500 cum
2843 5442 3245 5510 LeonisOper.,
3269 5443 3517 5514 pestifera

1924 5524 2162 5576 novitatis
2190 5522 2430 5576 elatione.

2000 5605 2023 5631 °
2064 5595 2120 5648 In
2141 5610 2296 5658 mss.,
2321 5590 2647 5664 perfectione.

2002 5665 2021 5702 ί
2065 5666 2156 5720 Sic
2181 5652 2709 5731 edit'.'appet.id.j.x
2729 5655 2894 5731 0_per.
2924 5657 3063 5731 Aug.
3095 5671 3161 5731 es
3192 5670 3320 5731 mss.
3349 5652 3511 5731 Corb.

1927 5744 1983 5791 et
2012 5735 2144 5792 edit.
2177 5737 2280 5804 0p.
2317 5725 2534 5804 Lédnis.
2578 5729 2724 5804 Editi
2761 5725 3106 5800 Prosperiani
3146 5727 3324 5784 minus
3351 5725 3514 5796 bene,

1927 5798 2244 5875 attenditur,
2267 5799 2395 5861 sine
2416 5803 2525 5868 bis,
2553 5800 2620 5853 ad
2646 5798 2830 5856 Deum.
