4028 6352
442 299 549 356 215

1704 285 1762 345 S.
1806 282 2146 345 PROSPERI
2183 280 2511 353 AQUITANI
2804 344 2807 347 ν

443 416 680 478 obiicere,
701 419 753 467 et
769 418 905 467 recta
927 410 1324 478 impugnaretet
1346 416 1495 478 prava
1517 402 1811 478 defendere,
1847 404 2065 478 ipsisque
2089 396 2999 478 Pelagianorum.jarnperetuptqrum
3029 391 3176 447 armis
3212 391 3500 447 intestinum
3537 394 3738 450 bellum

3619 281 3737 341 216

444 458 1208 541 Hiiiéiiié’sfs'ciibiiiri;(linire;
1228 458 1393 534 simul,
1421 475 1475 519 et
1496 458 1842 520 ecclesiasticis
1864 458 2291 528 imperatoriisq'ue
2308 458 2733 513 constitutionibus
2754 458 3019 509 rebellare.

984 629 1143 702 που]
1174 624 1403 684 CAPUT
1440 624 1484 680 ι.

440 771 851 827 Calumniatores
879 767 1129 824 doctrina:
1148 767 1315 820 sancti
1342 760 1619 833 Augustini
1644 775 1707 833 eo,
1729 759 2033 833 ducunt,_ut

507 844 707 898 inimici
746 843 927 902 qratite
965 837 1245 893 credantur
1295 835 1359 890 ab
1410 829 1649 888 Ecclesia
1694 832 1887 902 injuste
1934 829 2031 902 da-

509 916 694 969 mnati.
726 899 877 969 Unde
906 912 1105 966 oriatur
1125 910 1294 977 major
1322 905 1598 962 necessitas
1623 919 1707 959 eos
1729 899 2027 971 refellendi.

511 1093 751 1150 Gratiam
782 1090 919 1157 Dei,
972 1102 1077 1160 qua
1113 1084 1411 1144 Christiani
1443 1098 1661 1155 sumus,
1700 1082 1917 1155 quidam
1949 1081 2031 1137 di-

442 1200 567 1241 cere
606 1184 807 1239 audent
837 1198 867 1237 a
898 1187 1100 1236 sanctae
1130 1177 1409 1234 memorias
1445 1175 1746 1248 Augustino
1774 1176 2031 1246 episcopo

438 1295 546 1333 non
578 1287 725 1334 recte
756 1290 877 1332 esse
922 1273 1207 1329 defensam
1230 1314 1246 1341 ,
1280 1270 1557 1342 librosque
1582 1270 1703 1341 ejus
1728 1277 1914 1326 contra
1946 1284 2031 1325 er-

440 1388 625 1427 rorem
658 1370 1007 1440 Pelagianam
1048 1366 1298 1423 conditos
1334 1362 1707 1420 immoderatis
1745 1363 2029 1419 calumniis

440 1470 706 1536 impetere
734 1480 840 1520 non
870 1464 1179 1533 quiescunt.
1200 1461 1441 1529 Quorum
1467 1459 1613 1514 intus
1632 1457 2029 1528 interstrepens

438 1561 740 1617 domestica
784 1557 1091 1628 malignitas
1144 1571 1249 1610 non
1293 1556 1474 1609 minus
1512 1554 1817 1624 spernenda
1861 1563 2027 1619 esset,

440 1670 601 1726 quam
640 1652 772 1709 foris
814 1652 1019 1708 latrans
1059 1650 1314 1706 haeretica
1338 1649 1670 1719 loquacitas;
1700 1649 1807 1703 nisi
1839 1647 2029 1719 ejectis

440 1756 592 1803 extra
637 1746 780 1801 ovile
827 1742 1167 1799 Dominicum
1210 1741 1385 1812 lupis,
1418 1741 1583 1812 308
1615 1750 1641 1778 ι
1668 1740 1763 1811 qui
1797 1742 1899 1796 sub
1933 1755 2030 1796 no-

440 1841 585 1895 mine
608 1839 787 1894 ovium
818 1834 1172 1909 sunt(Matth.
1200 1851 1296 1901 vn,
1332 1834 1421 1906 15)
1453 1833 1905 1905 suﬂ'ragarentnr,
1936 1848 2027 1889 es-

439 1942 667 2003 sentque
701 1929 971 2001 ejusmodi
1002 1928 1030 1966 b
1062 1936 1122 1982 ut
1146 1942 1245 1983 nec
1276 1926 1408 1983 ordo
1440 1942 1631 1982 eorum
1662 1926 1717 1981 in
1760 1925 2028 1992 Ecclesia,

2060 620 2114 682 Α
2139 617 2408 689 praecipue
2437 615 2749 686 apostolicae
2791 613 2936 670 sedis
2962 610 2992 651 ¹ι
3031 613 3377 686 pontiﬁcibus
3406 615 3734 687 intulerunt,

2135 712 2204 767 ab
2250 713 2413 784 309
2454 710 2686 768 indoctis
2740 718 2795 767 et
2851 726 3049 782 parum
3103 712 3278 769 cautis
3322 713 3736 773 excellentioris

2135 804 2379 860 scientiae
2400 803 2733 875 judicantur,
2756 812 2810 860 et
2842 804 3044 860 misero
3071 816 3437 877 perversaque
3466 822 3738 866 successu

2140 897 2157 935 ί
2180 898 2395 954 facilem
2409 898 2692 955 mendacio
2714 913 3038 955 consensum
3054 897 3302 967 eliciunt,
3316 900 3438 971 quia
3462 916 3735 958 reveren-

2134 991 2262 1047 tiam
2291 992 2395 1047 sibi
2429 996 2854 1064 prtesumptione
2878 999 3229 1063 pepererunt.
3256 991 3367 1049 Nec
3389 994 3531 1050 enim
3551 1037 3567 1063 ,
3594 1012 3733 1052 cum

2133 1086 2243 1140 sint
2269 1086 2424 1141 bonae
2451 1086 2725 1155 opinionis
2771 1085 2907 1154 viri,
2953 1085 3248 1141 creduntur
3282 1086 3397 1141 ullo
3424 1088 3583 1143 modo
3610 1097 3740 1143 tar—

2133 1177 2303 1234 ditate
2332 1178 2735 1249 intelligentiae,
2782 1185 2876 1233 aut
2917 1179 3223 1234 temeritate
3244 1178 3462 1249 judicii,
3494 1183 3509 1231 l
3548 1182 3601 1236 in
3630 1197 3737 1238 su-

2134 1271 2353 1343 perflua:
2384 1272 2621 1343 querelae
2662 1271 3150 1327 conclamationem
3197 1274 3439 1343 potuisse
3469 1289 3735 1345 prorum-

2134 1382 2292 1437 pere;
2337 1382 2400 1421 ac
2439 1380 2545 1421 non
2586 1367 2765 1437 potius
2796 1380 2991 1437 magno
3029 1366 3247 1437 ingenio
3301 1375 3358 1423 et
3412 1367 3736 1425 vehementi

2133 1459 2157 1496 ιι
2174 1460 2353 1515 studio
2382 1459 2679 1524 laborasse,
2709 1468 2769 1514 ut
2795 1458 3135 1513 subtilissimi
3158 1460 3462 1514 tractatoris
3479 1459 3739 1530 disputa-

2132 1548 2371 1604 tionibus
2397 1549 2831 1619 comprehensis,
2865 1562 3097 1604 censura
3127 1545 3146 1586 ι
3176 1564 3321 1605 nunc
3346 1548 3645 1605 districtior
3666 1560 3738 1607 et

2134 1643 2399 1715 inspectio
2450 1644 2694 1715 sagacior
2745 1643 3060 1709 inveniret,
3109 1642 3251 1713 quod
3294 1651 3453 1699 antea
3493 1658 3738 1701 securus

2129 1737 2281 1793 favor
2311 1747 2366 1793 et
2389 1737 2692 1809 benignitas
2718 1738 2988 1793 incuriosa
3020 1752 3127 1793 non
3154 1737 3417 1803 videram

2201 1831 2257 1885 2.
2292 1830 2448 1887 Unde
2478 1845 2609 1901 ergo
2634 1840 2673 1868 ω
2702 1830 2819 1885 hazc
2859 1829 3138 1901 diligentia
3161 1839 3267 1885 tam
3299 1830 3477 1886 severi
3502 1833 3743 1889 emersit

2134 1924 2448 1979 examinis?
2477 1923 2634 1981 Unde
2656 1924 2709 1978 in
2740 1925 2881 1979 hanc
2912 1924 3285 1981 austeritatem
3318 1933 3348 1961 ιι
3375 1924 3740 1995 supercilium

439 2040 541 2081 nec
568 2023 784 2094 ingenia
809 2020 1156 2093 despicienda
1180 2020 1484 2075 videantur.
1517 2018 1796 2090 Siquidem
1820 2018 2030 2074 haben-
2060 2010 2106 2070 Β
2133 2031 2193 2072 se
2217 2017 2428 2071 tetricae
2460 2016 2659 2072 frontis
2687 2015 2943 2085 armavit,
2979 2025 3037 2070 ut
3085 2031 3371 2072 mensuras
3425 2031 3685 2073 sensuum
3713 2059 3737 2085 ,

438 2127 517 2173 tes
547 2118 782 2188 speciem
812 2114 1031 2185 pietatis
1065 2112 1133 2183 (ιι
1162 2111 1299 2167 Tim.
1334 2127 1417 2179 ιιι,
1446 2112 1505 2181 5)
1538 2112 1592 2166 in
1625 2110 1840 2177 studio,
1871 2110 2026 2180 cujus

436 2212 689 2265 virtutem
722 2207 1028 2263 diffitentur
1060 2206 1113 2260 in
1144 2219 1345 2269 sensu,
1379 2203 1601 2259 trahunt
1637 2202 1706 2258 ad
1736 2218 1794 2259 se
1825 2203 2027 2257 multos

436 2300 775 2369 ineruditos,
827 2307 881 2354 et
916 2312 1025 2353 non
1066 2296 1321 2351 habentia
1354 2306 1376 2334 ο
1410 2296 1697 2367 spirituum
1738 2294 2025 2350 discretio-

437 2407 561 2447 nem
591 2391 757 2447 corda
800 2388 1124 2445 conturbant
1149 2404 1163 2448 ;
1207 2398 1372 2458 atque
1399 2384 1426 2423 ει
1466 2387 1519 2442 in
1548 2403 1671 2443 eum
1700 2394 1902 2443 statum
1934 2386 2028 2442 de-

434 2486 636 2541 ducere
662 2498 879 2541 causam
914 2476 1171 2540 Ecclesiae
1202 2482 1514 2548 moliuntur,
1555 2487 1613 2536 ut
1649 2481 1776 2537 dum
1808 2493 2025 2537 nostros

433 2578 706 2633 affirmant
741 2591 849 2631 non
886 2575 1157 2631 veraciter
1201 2590 1300 2644 pro
1335 2575 1505 2646 gratia
1539 2584 1562 2611 ο
1591 2573 1761 2630 fuisse
1788 2574 2020 2643 locutos,

432 2672 684 2727 inimicos
711 2670 901 2742 gratia:
928 2667 1294 2739 persuadeant
1322 2667 1523 2739 injuste
1555 2683 1676 2724 esse
1716 2668 2018 2725 damnatos.

431 2764 548 2819 Non
578 2779 707 2836 ergo
737 2762 1119 2835 negligendum
1147 2771 1233 2818 est
1263 2763 1364 2817 hoc
1388 2762 1587 2817 malum
1606 2804 1621 2830 ,
1655 2764 1797 2833 quod
1830 2764 1899 2819 ab
1925 2779 2020 2819 oc-

431 2858 593 2913 cultis
628 2856 648 2895 τ
684 2856 970 2927 parvisque
998 2855 1293 2912 seminibus
1324 2864 1555 2926 augetur
1579 2855 1848 2925 quotidie,
1876 2864 1930 2911 et
1954 2856 2022 2910 ab

435 2962 560 3008 ortu
589 2967 688 3008 suo
717 2951 885 3008 latius
916 2951 1237 3023 longiusque
1275 2950 1600 3006 distenditur
1631 2966 1646 3011 ;
1674 2950 1770 3005 sed
1799 2950 2021 3005 studen-

431 3046 559 3103 dum
590 3055 697 3115 est,
731 3049 783 3102 in
813 3054 1073 3116 quantum
1110 3045 1370 3100 Dominus
1390 3043 1631 3114 adjuvat,
1667 3053 1727 3099 ut
1750 3044 2017 3099 fallacium

430 3140 883 3196 calumniatorum
937 3137 1247 3210 hypocrisis
1296 3135 1602 3206 delegatur,
1652 3137 1742 3204 qui
1792 3152 1862 3191 ex
1906 3137 2018 3207 ipsa

429 3230 645 3300 injuriae
690 3229 1099 3301 magnitudine,
1150 3242 1311 3299 quam
1366 3227 1423 3281 in
1466 3242 1576 3281 uno
1608 3234 1632 3269 κ
1666 3228 1905 3297 cunctis,
1953 3244 2017 3285 ac

430 3415 755 3470 Protectione
785 3411 901 3466 Dei.
931 3411 991 3465 In
1024 3424 1127 3463 ms.
1150 3407 1376 3463 Joliensi
1399 3420 1666 3460 annorum
1685 3405 1855 3460 ferme
1877 3406 1984 3463 500
2005 3392 2029 3461 :‘

428 3487 621 3558 Incipit
657 3486 782 3539 liber
831 3482 1074 3558 Prosperi
1111 3489 1290 3558 contra
1327 3475 1776 3558 librum-Cassiani
1806 3478 2017 3548 presby-

428 3546 657 3629 teri,'qui
681 3546 995 3629 praenotatur
1026 3552 1090 3629 de
1110 3548 1435 3629 Protectione
1458 3546 1560 3629 Dei
1576 3565 1594 3613 ;
1624 3547 1675 3602 id
1694 3558 1797 3613 est,
1829 3546 2019 3629 contra

426 3618 774 3685 enll'aiion'em
810 3626 1022 3679 tertiam
1056 3621 1350 3687 decimam,
1386 3618 1623 3673 habitam
1654 3634 1777 3673 cum
1820 3620 2019 3675 abbate

426 3700 801 3755 Chaeremone.
838 3694 1014 3748 Editio
1037 3691 1208 3762 Lugd.
1242 3707 1329 3744 an.
1363 3690 1500 3762 1:559
1534 3709 1546 3742 :
1582 3689 1659 3743 De
1681 3688 1863 3762 Gratia
1894 3690 2014 3759 Dei,

426 3772 531 3824 divi
563 3768 809 3833 Prosperi
836 3772 1014 3818 contra
1036 3760 1337 3817 Cassianum
1367 3760 1687 3833 Collatorem
1704 3761 1850 3817 liber.
1902 3763 2017 3817 Mo-

426 3851 576 3911 gunt.
609 3834 936 3911 ιιιιιιί-ξὲίὲι,Δ
966 3843 1035 3911 et_
1060 3835 1179 3911 alia}
1202 3835 1629 3911 subsequentes:
1666 3832 1815 3911 Liber
1852 3836 2017 3911 sancti

426 3903 676 3978 Prosperi
706 3907 871 3978 [νεα.
906 3904 1180 3976 Aquitani]
1210 3906 1273 3959 de
1294 3904 1475 3978 (gratia
1505 3903 1604 3978 Dei
1626 3912 1672 3957 et
1705 3904 1886 3978 Liber_o
1913 3904 2015 3958 Ar-

429 3973 619 4045 bitrio,
675 3973 767 4047 pro
797 3973 1091 4047 defensione
1112 4016 1130 4044 ,
1166 3973 1286 4031 'clc.
1314 3976 1475 4047 νειμ,
1504 3976 1587 4028 cui
1616 3985 1689 4027 est
1729 3974 1817 4047 de_
1836 3973 2018 4047 Prote-

426 4054 594 4105 ctione
618 4045 713 4104 Dei
728 4045 927 4103 titulus.
954 4076 1025 4087 —
1040 4048 1283 4115 Scriptus
1310 4057 1392 4100 est
1414 4046 1550 4100 liber
1570 4053 1758 4100 contra
1780 4045 2017 4101 Collato-

430 4138 546 4178 rem
578 4122 798 4176 circiter
817 4133 1017 4173 annum
1041 4117 1241 4173 Christi
1272 4117 1397 4172 452.

504 4203 527 4231 α
568 4194 678 4248 Sic.
711 4206 842 4245 mss.
875 4190 1039 4244 Corb.
1087 4188 1301 4256 Remig.
1343 4198 1398 4243 et
1442 4187 1548 4242 Jol.
1583 4201 1703 4241 cum
1738 4187 1870 4244 edit.
1904 4188 2016 4244 Mo-

426 4272 576 4329 gunt.
617 4264 838 4326 Veneta,
876 4270 928 4315 et
957 4274 1081 4329 app.
1113 4258 1214 4328 Op.
1250 4261 1307 4316 S.
1339 4260 1501 4328 Aug.;
1533 4258 1800 4313 editiones
1832 4272 2014 4315 autem

425 4334 623 4405 Lugd,
656 4334 812 4397 ιον..
838 4333 1005 4405 Duae.
1034 4339 1088 4384 et
1108 4331 1303 4385 Colon.
1323 4373 1336 4397 ,
1370 4340 1491 4400 post
1521 4343 1705 4384 vocem
1734 4330 1891 4399 lupis,
1923 4333 2013 4385 sub

426 4401 632 4459 nomine
657 4407 824 4459 ovium
855 4401 1285 4469 suffragarentur.

498 4476 524 4513 ι’
567 4477 692 4531 Mss.
744 4474 949 4543 Remig.
997 4481 1051 4526 et
1096 4470 1205 4526 Jol.
1259 4487 1381 4528 cum
1434 4471 1563 4526 edit.
1615 4470 2013 4541 antiquioribus

426 4547 667 4618 Mogunt.
700 4555 754 4618 et
782 4545 943 4618 vel...
975 4554 1029 4618 ut
1070 4559 1159 4618 nec
1198 4544 1323 4596 ordo
1366 4558 1541 4618 eorum
1566 4543 1933 4618 ,_nec_ingenia
1959 4546 2011 4599 in

425 4612 661 4673 Ecclesia
705 4614 1031 4687 despicienda
1076 4612 1363 4687 uideantur.
1415 4614 1538 4669 Sola
1585 4612 1867 4684 Lugdun.,
1920 4632 2011 4670 nec

426 4691 585 4743 corda
615 4684 803 4743 eorum
818 4687 873 4740 in
899 4684 1151 4738 Ecclesia.

501 4771 523 4798 ο
567 4758 657 4815 Sic
686 4773 789 4813 ms.
826 4757 1101 4812 Joliensis.
1142 4756 1212 4810 At
1250 4755 1604 4811 Lovaniensis
1651 4757 1849 4821 editio,
1894 4757 2007 4811 An-

423 4831 771 4900 tuerpiensis,
801 4827 996 4897 Lugd.,
1015 4826 1196 4900 _Dnac.
1221 4837 1274 4882 et
1302 4827 1518 4896 Colon.,
1548 4828 1790 4897 spiritum
1815 4828 2005 4883 discre-

422 4898 598 4957 tionis.
632 4898 1067 4971 Mognntinensis
1087 4913 1216 4971 vero
1234 4899 1476 4971 omnium
1497 4900 1691 4967 prima,
1719 4914 1836 4969 quae
1863 4914 2005 4954 anno

421 4971 564 5028 1524
594 4988 662 5028 ex
706 4969 808 5027 ms.
859 4969 1156 5038 exemplari
1188 4969 1659 5025 Benedictinorum
1698 4972 1899 5025 montis
1945 4971 2003 5027 S.

419 5042 606 5101 Jacobi
640 5042 859 5114 prodiit,
896 5041 1060 5114 habet
1085 5041 1361 5114 spirituum
1375 5042 1754 5114 discretionem
1786 5055 1887 5095 nec
1905 5042 2006 5114 ali-

420 5124 506 5169 ter
537 5110 831 5171 nistorb.
866 5122 920 5168 et
956 5111 1086 5166 edit.
1128 5110 1263 5166 Ven.
1302 5112 1507 5166 Alludit
1545 5111 1603 5167 S.
1633 5112 1864 5181 Prosper
1888 5112 2004 5168 adI

419 5185 547 5241 Cor.
584 5202 678 5252 xu,
714 5187 799 5242 ιθ.
843 5183 1042 5238 Locum
1074 5182 1229 5236 aliter
1256 5183 1431 5249 legere
1456 5192 1537 5235 est
1578 5184 1630 5236 in
1662 5182 1834 5251 Lugd.
1871 5184 2003 5237 edit.

420 5265 475 5309 et
504 5272 604 5311 ms.
630 5257 841 5327 ltemig.
871 5273 883 5307 :
926 5253 1251 5327 despicienda
1276 5254 1576 5327 videantur;
1610 5254 1654 5307 si
1679 5253 2007 5327 quidem/ta-

423 5326 589 5382 bcntes
633 5324 851 5400 speciem
898 5324 1101 5400 pietatis
1146 5325 1198 5376 in
1238 5324 1411 5400 studio
1438 5364 1450 5375 .
1480 5360 1495 5376 .
1524 5366 1537 5380 .
1589 5324 1790 5377 trahant
1840 5326 1907 5378 ad
1955 5344 2009 5381 se

422 5400 609 5453 multos
716 5437 730 5452 .
762 5395 1095 5452 conturbent:
1124 5404 1277 5460 atque
1300 5396 1355 5447 in
1381 5411 1495 5449 eum
1533 5404 1723 5449 statum
1748 5437 1760 5449 .
1792 5436 1804 5450 .
1834 5436 1848 5450 .
1900 5414 2008 5451 mo-

423 5470 637 5523 liantur.

498 5538 522 5575 d
564 5541 665 5595 Ms.
698 5540 936 5609 Remig.,
963 5538 1197 5605 Mogun-t.
1225 5537 1461 5609 et7Ven.,
1494 5538 1547 5591 in
1576 5554 1633 5592 eo
1660 5547 1817 5593 statu.

499 5620 521 5647 ⁶
563 5612 663 5666 M's.
696 5610 801 5665 Jol.
844 5626 965 5681 cum
998 5609 1141 5681 Mog.
1176 5616 1230 5681 et
1258 5608 1395 5663 Ven.
1424 5609 1573 5681 addit
1602 5625 1790 5667 vocem
1823 5612 2008 5681 fuisse.

503 5681 521 5719 ί
564 5682 655 5738 Sic
689 5696 821 5736 mss.
852 5680 956 5735 Jol.
1008 5690 1062 5735 et
1104 5679 1269 5732 Corb.
1316 5694 1435 5735 cum
1467 5680 1727 5749 Mogunt.,
1764 5679 2008 5747 et‘Ven.,

425 5763 481 5807 et
510 5756 646 5823 Aug.
680 5753 811 5807 edit.
845 5765 1005 5823 nova.
1040 5750 1174 5823 Alii,
1222 5754 1512 5820 pravisque.
1561 5750 1721 5822 L0v.,
1758 5754 1922 5811 Duae.
1958 5764 2013 5812 et

425 5821 637 5891 Coloni,
667 5824 720 5880 in
744 5822 1008 5900 margine,
1037 5821 1166 5875 alias
1199 5825 1395 5890 parvis.

2131 2108 2371 2179 pondera
2393 2109 2752 2179 locutionum,
2785 2123 3041 2165 numeros
3065 2108 3399 2181 syllabarum
3428 2109 3738 2167 insidiosos

2131 2210 2404 2258 scrutator
2449 2204 2730 2271 eventilet,
2765 2192 3131 2275 magnumque
3172 2217 3235 2259 se
3261 2204 3463 2276 aliquid
3498 2213 3522 2240 ο
3550 2206 3740 2261 conti-

2130 2310 2261 2352 cere
2290 2306 2602 2365 praesumat,
2637 2298 2683 2353 si
2712 2297 2985 2354 catholico
3016 2297 3355 2369 przedicatori
3403 2308 3585 2354 notam
3634 2314 3743 2356 er-

2129 2390 2271 2445 roris
2313 2389 2544 2460 alligat?
2589 2390 2754 2459 Quasi
2806 2390 3140 2462 incognitum
3185 2389 3404 2461 aliquod
3453 2405 3609 2462 opus,
3666 2402 3740 2447 et

2134 2495 2160 2534 ιι
2184 2484 2326 2555 quod
2355 2485 2614 2539 hactenus
2641 2485 2888 2552 latuerit,
2922 2485 3250 2555 impetatur:
3283 2498 3348 2540 ac
3375 2497 3484 2539 non
3514 2485 3609 2540 illa
3635 2484 3738 2541 bis

2136 2576 2411 2631 morsibus
2458 2576 2707 2632 doctrina
2735 2576 2992 2641 lanietur,
3024 2592 3147 2648 qua:
3186 2591 3454 2633 novorum
3502 2576 3740 2634 haereti-

2133 2684 2321 2725 corum
2348 2680 2657 2726 commenta
2687 2670 2926 2741 disjecit,
2979 2681 3033 2726 et
3072 2670 3401 2727 diabolicum
3455 2681 3739 2726 tumorem

2132 2761 2438 2833 Pelagianae
2490 2763 2748 2818 elationis
2778 2763 2943 2818 elisit.
2973 2762 3228 2832 qViginti
3276 2771 3335 2818 et
3378 2777 3445 2819 eo
3489 2763 3741 2833 amplius

2134 2857 2260 2911 anui
2289 2868 2434 2924 sunt,
2470 2857 2614 2928 quod
2652 2866 2842 2912 contra
2888 2857 3143 2912 inimicos
3181 2857 3371 2927 gratiae
3401 2856 3494 2912 Dei
3533 2857 3741 2913 catho-

2131 2947 2237 3003 lica
2267 2949 2411 3004 acies
2439 2990 2455 3015 ,
2506 2949 2669 3019 hujus
2700 2949 2799 3004 viri
2849 2950 3013 3005 ductu
3045 2957 3247 3019 pugnat
3276 2957 3330 3005 et
3370 2949 3558 3005 vincit.
3596 2959 3620 2986 τ
3655 2949 3742 3005 Et

2131 3042 2317 3108 vincit,
2365 3041 2509 3106 dico,
2545 3042 2671 3112 quia
2704 3056 2813 3097 non
2846 3041 3049 3112 patitur
3080 3041 3353 3113 respirare
3382 3057 3517 3112 quos
3546 3040 3685 3095 vicit
3718 3085 3737 3109 ,

2132 3146 2188 3193 et
2215 3140 2269 3193 in
2295 3153 2525 3208 quorum
2556 3137 2851 3205 excidium,
2905 3153 3067 3194 unam
3117 3145 3437 3193 cunctorum
3469 3133 3742 3192 sacerdo—

2128 3239 2239 3287 tum
2287 3245 2450 3286 manu
2499 3231 2829 3287 sententiam
2863 3230 3102 3302 scripsit.
3133 3229 3281 3285 Pulsi
3338 3228 3617 3300 pontificio
3670 3238 3739 3284 et

2201 3419 2226 3454 ιτ
2270 3410 2325 3464 In
2356 3425 2457 3465 ms.
2490 3408 2720 3465 Joliensi
2745 3409 2828 3464 his
2855 3408 3056 3475 verbis,
3083 3410 3135 3462 in
3161 3424 3286 3474 uno,
3328 3406 3633 3479 subjicitur,
3670 3410 3738 3465 id

2126 3490 2221 3543 est,
2254 3481 2401 3553 beato
2427 3483 2738 3553 Augustino,
2772 3496 2921 3550 quem
2948 3481 3137 3535 summi
3165 3480 3435 3553 pontiﬁces
3475 3479 3735 3553 laudaue-

2125 3561 2265 3607 runt.
2301 3552 2407 3608 Sed
2435 3550 2781 3623 suépicamur
2822 3567 3030 3607 merum
3062 3566 3183 3607 esse
3219 3551 3495 3621 glossema
3523 3550 3736 3608 scribae

2123 3638 2493 3679 amanuensrs.

2196 3694 2225 3767 ξι
2263 3695 2431 3766 Lugd.
2464 3694 2651 3763 editio,
2681 3694 3026 3767 pontiﬁcatui.

2202 3764 2216 3802 ί
2246 3763 2589 3835 Μδξιὶθιιιξς.
2611 3763 2833 3820 τιρέᾱίιζ
2865 3765 3003 3832 Mog.
3052 3773 3105 3819 et
3133 3763 3295 3832 Ven.,
3329 3764 3471 3833 facili
3499 3766 3733 3819 menda-

2122 3837 2224 3908 cio.
2258 3838 2360 3891 Ms.
2386 3838 2517 3903 Jol.,
2551 3838 2702 3906 facile
2732 3852 2830 3906 pro
2858 3838 3086 3908 facilem,
3118 3845 3211 3889 aut
3241 3836 3407 3905 facili.

2197 3907 2211 3957 ἱ
2252 3908 2393 3963 Edit.
2420 3909 2561 3978 Mog.
2586 3918 2640 3963 et
2670 3908 2831 3973 Ven.,
2860 3906 3068 3976 insuper
3094 3923 3202 3960 sua:
3241 3906 3463 3977 querella
3507 3911 3735 3963 concla-

2120 3981 2416 4035 mationem.
2450 3979 2559 4034 Nec
2601 3979 2759 4044 bene,
2795 3989 2851 4033 ut
2880 3980 3112 4034 videtur.
3164 3978 3335 4048 Lugd.
3381 3979 3584 4033 omisso
3622 3982 3684 4034 in
3712 4024 3731 4047 ,

2120 4051 2399 4120 superﬂua:
2424 4052 2645 4120 querella
2676 4052 3024 4105 conclusione.

2195 4121 2221 4191 ξι
2250 4121 2421 4191 Lugd.
2454 4122 2655 4176 omittit
2685 4137 2871 4176 vocem
2904 4125 3065 4184 hanc,
3087 4120 3283 4174 studio.
3632 4180 3636 4184 ,

2197 4189 2215 4229 ι
2250 4189 2394 4247 Edit.
2429 4192 2668 4263 Mogunt.
2703 4201 2757 4247 et
2788 4192 2945 4258 νειμ,
2999 4208 3214 4246 censura
3260 4200 3381 4263 tunc
3431 4192 3728 4249 districtior

2120 4270 2190 4319 et.
2216 4264 2343 4318 Haec
2376 4266 2555 4317 omnia
2596 4280 2705 4318 non
2735 4264 2985 4332 leguntur
3012 4264 3065 4317 in
3098 4263 3266 4333 Lugd.
3298 4262 3431 4318 edit.

2189 4344 2228 4371 ω
2256 4334 2503 4404 Lngdun.
2526 4335 2715 4400 editio,
2745 4333 2856 4387 hac
2878 4335 3150 4388 sententia.

2189 4413 2214 4441 η
2248 4402 2361 4461 διό
2384 4407 2609 4475 August.
2655 4404 2891 4473 append.
2914 4419 3035 4459 cum
3068 4420 3173 4459 ms.
3196 4402 3360 4459 Corb.
3385 4419 3447 4459 ac
3472 4404 3723 4474 Mogunt.

2119 4485 2173 4530 ct
2204 4476 2339 4530 Ven.
2372 4476 2567 4547 Lugd.,
2600 4476 2933 4547 supercilium
2966 4486 3070 4529 tam
3100 4476 3291 4530 tetrica
3319 4477 3507 4546 frontis
3534 4494 3731 4531 arma-

2118 4548 2184 4600 vit
2211 4548 2235 4600 .’
2266 4545 2495 4611 LovanI,
2522 4545 2687 4601 Duae.
2716 4556 2770 4600 et.
2792 4545 3009 4612 Colon.,
3036 4545 3365 4616 supercilium
3389 4555 3494 4600 tam
3518 4550 3728 4605 tetrica

2116 4620 2303 4685 frontis
2332 4636 2385 4672 se
2407 4620 2645 4672 armavit.
2671 4618 2770 4673 Ms.
2794 4618 2924 4685 Jol.,
2954 4619 3230 4686 supercilio
3260 4634 3313 4672 se
3339 4619 3530 4673 tetricae
3560 4623 3725 4691 fron-

2118 4691 2182 4743 tis
2215 4692 2454 4743 armavit.

2191 4770 2214 4795 ο
2240 4761 2338 4834 Ms.
2367 4761 2640 4834 Joliensis,
2668 4762 2834 4831 facere
2862 4770 3161 4834 praesumat.

2188 4842 2215 4881 ι)
2241 4833 2386 4887 Edit.
2412 4833 2572 4898 Ven.,
2600 4850 2700 4902 quo
2730 4833 2997 4889 hactenus.

2190 4913 2216 4952 (ι
2249 4904 2318 4957 Ita
2345 4919 2446 4957 ms.
2471 4905 2577 4961 Jol.
2598 4907 2732 4959 item
2758 4920 2858 4959 ms.
2884 4906 3045 4960 Corb.
3070 4904 3310 4974 Mogunt.
3335 4903 3467 4960 edit.
3492 4912 3546 4960 et
3568 4904 3721 4965 Ven.

2116 4975 2357 5047 erceptis
2385 4974 2491 5040 his,
2520 4985 2567 5029 et
2595 4993 2674 5030 eo.
2704 4975 2775 5031 At
2802 4980 3134 5046 posteriores
3179 4977 3445 5031 editiones
3477 4976 3721 5047 habent,

2124 5044 2319 5119 Viginti
2346 5048 2496 5101 annis
2516 5044 2861 5119 amplius;iet
2879 5049 3155 5114 omittunt,
3186 5059 3304 5101 sunt
3334 5047 3495 5117 quod.
3523 5044 3728 5117 Augst-

2117 5116 2291 5171 stinus
2318 5132 2501 5189 Διιοι-το
2541 5116 2730 5189 contra
2782 5118 3117 5189 Pelagianam
3172 5116 3422 5173 haeresim
3472 5116 3729 5188 pugnare

2117 5199 2259 5259 anno
2304 5186 2502 5259 Christi
2552 5188 2658 5242 412
2706 5186 3164 5259 coepitfscriptis
3212 5190 3279 5244 ad
3337 5186 3727 5249 Marcellinum

2119 5257 2269 5331 libris
2300 5258 2367 5331 de
2391 5266 2730 5331 peccatorum
2772 5261 2975 5315 Meritis
2998 5257 3157 5315 ac'de
3192 5261 3469 5329 Baptismo
3514 5278 3730 5331 parvu-

2119 5328 2314 5403 lorum.
2350 5329 2456 5385 lste
2483 5330 2694 5403 ergoS.
2723 5332 2973 5403 Prosperi
3020 5331 3158 5403 liber
3190 5328 3372 5400 viginti
3395 5339 3449 5385 et
3474 5328 3726 5403 amplius

2118 5401 2189 5523 at:
2213 5401 2526 5525 hin‘ggnnis
2553 5400 2755 5469 editus,
2806 5402 3000 5457 merito
3029 5401 3266 5458 refertur
3288 5404 3343 5457 in
3367 5400 3581 5460 annum'
3599 5405 3718 5462 cir.

2118 5485 2163 5525 ct
2192 5487 2251 5525 er
2390 5510 2403 5524 .

2118 5471 2251 5525 citer
2278 5471 2403 5525 432.

2196 5551 2217 5578 τ
2253 5542 2342 5619 Sic
2366 5542 2769 5619 MoguntLVen.
2791 5554 2843 5599 et
2873 5544 3105 5619 append.
3130 5547 3293 5619 Aug.,
3322 5566 3391 5608 ex
3418 5549 3723 5607 ms.Corb.

2120 5613 2316 5692 Lugd”
2347 5616 2551 5692 omisso
2572 5614 2670 5692 _Et,
2705 5624 2763 5669 ut
2790 5613 3122 5692 posteriores,
3160 5613 3373 5692 quoque
3422 5622 3686 5676 omittunt
3707 5666 3725 5683 .

2129 5683 2301 5764 Yincit
2329 5685 2466 5751 dico,
2497 5688 2741 5764 quianon
2770 5683 2965 5756 patitur
2988 5683 3243 5761 respirdre
3271 5683 3409 5764 quod
3432 5693 3589 5747 vincit
3616 5709 3635 5746 :
3673 5706 3731 5750 et

2121 5755 2175 5809 in
2221 5772 2437 5825 quorum
2488 5758 2744 5810 excidium
2774 5755 2998 5828 unum,
3046 5755 3347 5821 cunctorum
3391 5764 3728 5823 sacerdotum

2121 5841 2278 5881 manu
2305 5828 2611 5885 sententiam
2634 5830 2856 5899 scripsit.
