  <div class='ocr_page' id='page_1' title='image "/cluster/home/n/w/nwhite01/storage/ocr_20150623/51/hvd.32044015471568/114.png"; bbox 0 0 4028 6352; ppageno 0'>
   <div class='ocr_carea' id='block_1_1' title="bbox 279 285 394 347">
    <p class='ocr_par' dir='ltr' id='par_1_1' title="bbox 279 285 394 347">
     <span class='ocr_line' id='line_1_1' title="bbox 279 285 394 347; baseline 0.009 -3"><span class='ocrx_word' id='word_1_1' title='bbox 279 285 394 347; x_wconf 66' lang='lat' dir='ltr'><strong>Si?</strong></span> 
     </span>
    </p>
   </div>
   <div class='ocr_carea' id='block_1_2' title="bbox 1432 273 2468 340">
    <p class='ocr_par' dir='ltr' id='par_1_2' title="bbox 1432 273 2468 340">
     <span class='ocr_line' id='line_1_2' title="bbox 1432 273 2468 340; baseline 0.003 -6"><span class='ocrx_word' id='word_1_2' title='bbox 1432 275 1638 334; x_wconf 79' lang='lat' dir='ltr'><strong>LIBER</strong></span> <span class='ocrx_word' id='word_1_3' title='bbox 1672 273 1948 338; x_wconf 72' lang='lat' dir='ltr'><strong>CONTRA</strong></span> <span class='ocrx_word' id='word_1_4' title='bbox 1985 278 2468 340; x_wconf 81' lang='lat' dir='ltr'><strong>COLLATOREM.</strong></span> 
     </span>
    </p>
   </div>
   <div class='ocr_carea' id='block_1_3' title="bbox 3479 290 3590 352">
    <p class='ocr_par' dir='ltr' id='par_1_3' title="bbox 3479 290 3590 352">
     <span class='ocr_line' id='line_1_3' title="bbox 3479 290 3590 352; baseline 0.045 -5"><span class='ocrx_word' id='word_1_5' title='bbox 3479 290 3590 352; x_wconf 72' lang='grc'><strong>218</strong></span> 
     </span>
    </p>
   </div>
   <div class='ocr_carea' id='block_1_4' title="bbox 284 395 3586 474">
    <p class='ocr_par' dir='ltr' id='par_1_4' title="bbox 284 395 3586 474">
     <span class='ocr_line' id='line_1_4' title="bbox 284 395 3586 474; baseline 0 -12"><span class='ocrx_word' id='word_1_6' title='bbox 284 400 675 462; x_wconf 85' lang='lat' dir='ltr'><strong>communione</strong></span> <span class='ocrx_word' id='word_1_7' title='bbox 698 399 921 474; x_wconf 78' lang='lat' dir='ltr'><strong>privati,</strong></span> <span class='ocrx_word' id='word_1_8' title='bbox 939 408 965 440; x_wconf 82' lang='grc' dir='ltr'>ι</span> <span class='ocrx_word' id='word_1_9' title='bbox 987 405 1288 472; x_wconf 77' lang='lat' dir='ltr'><strong>querantur</strong></span> <span class='ocrx_word' id='word_1_10' title='bbox 1311 395 1380 453; x_wconf 89' lang='lat' dir='ltr'><strong>de</strong></span> <span class='ocrx_word' id='word_1_11' title='bbox 1406 395 1668 454; x_wconf 87' lang='lat' dir='ltr'><strong>lelicitate</strong></span> <span class='ocrx_word' id='word_1_12' title='bbox 1689 407 1892 456; x_wconf 71' lang='lat' dir='ltr'><strong>nostra:</strong></span> <span class='ocrx_word' id='word_1_13' title='bbox 1917 404 1969 467; x_wconf 78' lang='grc' dir='ltr'><strong>Α</strong></span> <span class='ocrx_word' id='word_1_14' title='bbox 1995 414 2076 466; x_wconf 89' lang='lat' dir='ltr'><strong>re,</strong></span> <span class='ocrx_word' id='word_1_15' title='bbox 2111 400 2438 456; x_wconf 80' lang='lat' dir='ltr'><strong>referemus.</strong></span> <span class='ocrx_word' id='word_1_16' title='bbox 2467 397 2482 450; x_wconf 87' lang='lat' dir='ltr'><strong>i</strong></span> <span class='ocrx_word' id='word_1_17' title='bbox 2520 398 2664 469; x_wconf 83' lang='lat' dir='ltr'><strong>Quas</strong></span> <span class='ocrx_word' id='word_1_18' title='bbox 2710 399 2876 457; x_wconf 88' lang='lat' dir='ltr'><strong>etiam</strong></span> <span class='ocrx_word' id='word_1_19' title='bbox 2904 401 2974 458; x_wconf 90' lang='lat' dir='ltr'><strong>ob</strong></span> <span class='ocrx_word' id='word_1_20' title='bbox 3003 401 3106 459; x_wconf 91' lang='lat' dir='ltr'><strong>hoc</strong></span> <span class='ocrx_word' id='word_1_21' title='bbox 3135 401 3312 460; x_wconf 90' lang='lat' dir='ltr'><strong>solum</strong></span> <span class='ocrx_word' id='word_1_22' title='bbox 3365 405 3586 464; x_wconf 89' lang='lat' dir='ltr'><strong>interim</strong></span> 
     </span>
    </p>
   </div>
   <div class='ocr_carea' id='block_1_5' title="bbox 283 491 1890 564">
    <p class='ocr_par' dir='ltr' id='par_1_5' title="bbox 283 491 1890 564">
     <span class='ocr_line' id='line_1_5' title="bbox 283 491 1890 564; baseline -0.003 -11"><span class='ocrx_word' id='word_1_23' title='bbox 283 496 555 564; x_wconf 65' lang='lat' dir='ltr'><strong>victorias,</strong></span> <span class='ocrx_word' id='word_1_24' title='bbox 589 503 645 550; x_wconf 88' lang='lat' dir='ltr'><strong>et</strong></span> <span class='ocrx_word' id='word_1_25' title='bbox 670 504 890 550; x_wconf 80' lang='lat' dir='ltr'><strong>arment</strong></span> <span class='ocrx_word' id='word_1_26' title='bbox 934 494 990 550; x_wconf 90' lang='lat' dir='ltr'><strong>in</strong></span> <span class='ocrx_word' id='word_1_27' title='bbox 1037 507 1136 548; x_wconf 87' lang='lat' dir='ltr'><strong>nos</strong></span> <span class='ocrx_word' id='word_1_28' title='bbox 1163 491 1376 562; x_wconf 91' lang='lat' dir='ltr'><strong>linguas</strong></span> <span class='ocrx_word' id='word_1_29' title='bbox 1422 505 1571 562; x_wconf 89' lang='lat' dir='ltr'><strong>suas,</strong></span> <span class='ocrx_word' id='word_1_30' title='bbox 1602 491 1693 562; x_wconf 90' lang='lat' dir='ltr'><strong>qui</strong></span> <span class='ocrx_word' id='word_1_31' title='bbox 1723 507 1890 548; x_wconf 81' lang='lat' dir='ltr'><strong>exsu-</strong></span> 
     </span>
    </p>
   </div>
   <div class='ocr_carea' id='block_1_6' title="bbox 283 585 1891 661">
    <p class='ocr_par' dir='ltr' id='par_1_6' title="bbox 283 585 1891 661">
     <span class='ocr_line' id='line_1_6' title="bbox 283 585 1891 661; baseline -0.006 -9"><span class='ocrx_word' id='word_1_32' title='bbox 283 595 406 651; x_wconf 83' lang='lat' dir='ltr'><strong>lare</strong></span> <span class='ocrx_word' id='word_1_33' title='bbox 433 609 466 649; x_wconf 90' lang='lat' dir='ltr'><strong>a</strong></span> <span class='ocrx_word' id='word_1_34' title='bbox 496 591 758 658; x_wconf 83' lang='lat' dir='ltr'><strong>veritate,</strong></span> <span class='ocrx_word' id='word_1_35' title='bbox 798 604 961 661; x_wconf 89' lang='lat' dir='ltr'><strong>quam</strong></span> <span class='ocrx_word' id='word_1_36' title='bbox 1016 589 1164 644; x_wconf 88' lang='lat' dir='ltr'><strong>cives</strong></span> <span class='ocrx_word' id='word_1_37' title='bbox 1204 601 1328 643; x_wconf 88' lang='lat' dir='ltr'><strong>esse</strong></span> <span class='ocrx_word' id='word_1_38' title='bbox 1373 585 1634 642; x_wconf 80' lang='lat' dir='ltr'><strong>Ecclesiae</strong></span> <span class='ocrx_word' id='word_1_39' title='bbox 1686 587 1891 644; x_wconf 86' lang='lat' dir='ltr'><strong>malue-</strong></span> 
     </span>
    </p>
   </div>
   <div class='ocr_carea' id='block_1_7' title="bbox 283 675 1893 751">
    <p class='ocr_par' dir='ltr' id='par_1_7' title="bbox 283 675 1893 751">
     <span class='ocr_line' id='line_1_7' title="bbox 283 675 1893 751; baseline -0.005 -9"><span class='ocrx_word' id='word_1_40' title='bbox 283 693 443 742; x_wconf 86' lang='lat' dir='ltr'><strong>runt:</strong></span> <span class='ocrx_word' id='word_1_41' title='bbox 468 681 644 739; x_wconf 88' lang='lat' dir='ltr'><strong>nostri</strong></span> <span class='ocrx_word' id='word_1_42' title='bbox 672 690 857 737; x_wconf 89' lang='lat' dir='ltr'><strong>autem</strong></span> <span class='ocrx_word' id='word_1_43' title='bbox 879 677 1296 751; x_wconf 88' lang='lat' dir='ltr'><strong>concorporales</strong></span> <span class='ocrx_word' id='word_1_44' title='bbox 1347 675 1375 716; x_wconf 62' lang='lat'><strong>5</strong></span> <span class='ocrx_word' id='word_1_45' title='bbox 1396 687 1450 733; x_wconf 89' lang='lat' dir='ltr'><strong>et</strong></span> <span class='ocrx_word' id='word_1_46' title='bbox 1475 678 1893 748; x_wconf 86' lang='lat' dir='ltr'><strong>comparticipes</strong></span> 
     </span>
    </p>
   </div>
   <div class='ocr_carea' id='block_1_8' title="bbox 280 771 1894 852">
    <p class='ocr_par' dir='ltr' id='par_1_8' title="bbox 280 771 1894 852">
     <span class='ocr_line' id='line_1_8' title="bbox 280 771 1894 852; baseline -0.005 -18"><span class='ocrx_word' id='word_1_47' title='bbox 280 779 475 852; x_wconf 70' lang='lat' dir='ltr'><strong>gratiae</strong></span> <span class='ocrx_word' id='word_1_48' title='bbox 497 777 665 848; x_wconf 76' lang='lat'><strong>310</strong></span> <span class='ocrx_word' id='word_1_49' title='bbox 692 774 927 842; x_wconf 85' lang='lat' dir='ltr'><strong>Christi,</strong></span> <span class='ocrx_word' id='word_1_50' title='bbox 960 788 1057 829; x_wconf 91' lang='lat' dir='ltr'><strong>cur</strong></span> <span class='ocrx_word' id='word_1_51' title='bbox 1085 771 1156 829; x_wconf 90' lang='lat' dir='ltr'><strong>de</strong></span> <span class='ocrx_word' id='word_1_52' title='bbox 1182 771 1268 827; x_wconf 88' lang='lat' dir='ltr'><strong>his</strong></span> <span class='ocrx_word' id='word_1_53' title='bbox 1304 771 1472 827; x_wconf 88' lang='lat' dir='ltr'><strong>armis</strong></span> <span class='ocrx_word' id='word_1_54' title='bbox 1517 773 1714 842; x_wconf 84' lang='lat' dir='ltr'><strong>quibus</strong></span> <span class='ocrx_word' id='word_1_55' title='bbox 1743 785 1894 827; x_wconf 91' lang='lat' dir='ltr'><strong>com-</strong></span> 
     </span>
    </p>
   </div>
   <div class='ocr_carea' id='block_1_9' title="bbox 280 864 1892 938">
    <p class='ocr_par' dir='ltr' id='par_1_9' title="bbox 280 864 1892 938">
     <span class='ocr_line' id='line_1_9' title="bbox 280 864 1892 938; baseline -0.003 -11"><span class='ocrx_word' id='word_1_56' title='bbox 280 873 468 928; x_wconf 91' lang='lat' dir='ltr'><strong>munis</strong></span> <span class='ocrx_word' id='word_1_57' title='bbox 499 871 633 925; x_wconf 87' lang='lat' dir='ltr'><strong>tides</strong></span> <span class='ocrx_word' id='word_1_58' title='bbox 669 877 755 925; x_wconf 89' lang='lat' dir='ltr'><strong>est</strong></span> <span class='ocrx_word' id='word_1_59' title='bbox 783 867 1038 933; x_wconf 74' lang='lat' dir='ltr'><strong>defensa.</strong></span> <span class='ocrx_word' id='word_1_60' title='bbox 1066 873 1364 923; x_wconf 76' lang='lat' dir='ltr'><strong>causentur</strong></span> <span class='ocrx_word' id='word_1_61' title='bbox 1410 864 1508 938; x_wconf 84' lang='lat' dir='ltr'><strong>(V.</strong></span> <span class='ocrx_word' id='word_1_62' title='bbox 1550 866 1892 922; x_wconf 87' lang='lat' dir='ltr'><strong>Constitutio-</strong></span> 
     </span>
    </p>
   </div>
   <div class='ocr_carea' id='block_1_10' title="bbox 279 958 1892 1034">
    <p class='ocr_par' dir='ltr' id='par_1_10' title="bbox 279 958 1892 1034">
     <span class='ocr_line' id='line_1_10' title="bbox 279 958 1892 1034; baseline -0.002 -16"><span class='ocrx_word' id='word_1_63' title='bbox 279 983 398 1020; x_wconf 85' lang='lat' dir='ltr'><strong>nem</strong></span> <span class='ocrx_word' id='word_1_64' title='bbox 421 962 812 1028; x_wconf 75' lang='lat' dir='ltr'><strong>Valentiniani;</strong></span> <span class='ocrx_word' id='word_1_65' title='bbox 831 962 973 1032; x_wconf 76' lang='lat' dir='ltr'><strong>infra</strong></span> <span class='ocrx_word' id='word_1_66' title='bbox 986 961 1211 1034; x_wconf 88' lang='lat' dir='ltr'><strong>append.</strong></span> <span class='ocrx_word' id='word_1_67' title='bbox 1237 977 1361 1033; x_wconf 87' lang='lat' dir='ltr'><strong>pag.</strong></span> <span class='ocrx_word' id='word_1_68' title='bbox 1377 959 1546 1031; x_wconf 71' lang='lat'><strong>272)?</strong></span> <span class='ocrx_word' id='word_1_69' title='bbox 1563 958 1670 1017; x_wconf 90' lang='lat' dir='ltr'><strong>Cur</strong></span> <span class='ocrx_word' id='word_1_70' title='bbox 1690 961 1892 1016; x_wconf 91' lang='lat' dir='ltr'><strong>bellum</strong></span> 
     </span>
    </p>
   </div>
   <div class='ocr_carea' id='block_1_11' title="bbox 279 1053 1890 1119">
    <p class='ocr_par' dir='ltr' id='par_1_11' title="bbox 279 1053 1890 1119">
     <span class='ocr_line' id='line_1_11' title="bbox 279 1053 1890 1119; baseline -0.001 -8"><span class='ocrx_word' id='word_1_71' title='bbox 279 1056 601 1112; x_wconf 80' lang='lat' dir='ltr'><strong>contectum</strong></span> <span class='ocrx_word' id='word_1_72' title='bbox 631 1061 954 1119; x_wconf 80' lang='lat' dir='ltr'><strong>retractant,</strong></span> <span class='ocrx_word' id='word_1_73' title='bbox 987 1062 1042 1109; x_wconf 91' lang='lat' dir='ltr'><strong>et</strong></span> <span class='ocrx_word' id='word_1_74' title='bbox 1069 1053 1406 1110; x_wconf 82' lang='lat' dir='ltr'><strong>munitiones</strong></span> <span class='ocrx_word' id='word_1_75' title='bbox 1447 1067 1657 1110; x_wconf 73' lang='lat' dir='ltr'><strong>securae</strong></span> <span class='ocrx_word' id='word_1_76' title='bbox 1689 1054 1890 1110; x_wconf 90' lang='lat' dir='ltr'><strong>dudum</strong></span> 
     </span>
    </p>
   </div>
   <div class='ocr_carea' id='block_1_12' title="bbox 283 1146 1891 1220">
    <p class='ocr_par' dir='ltr' id='par_1_12' title="bbox 283 1146 1891 1220">
     <span class='ocr_line' id='line_1_12' title="bbox 283 1146 1891 1220; baseline 0 -18"><span class='ocrx_word' id='word_1_77' title='bbox 283 1150 434 1220; x_wconf 86' lang='lat' dir='ltr'><strong>pacis</strong></span> <span class='ocrx_word' id='word_1_78' title='bbox 457 1148 740 1203; x_wconf 80' lang='lat' dir='ltr'><strong>inﬁrmant</strong></span> <span class='ocrx_word' id='word_1_79' title='bbox 760 1148 784 1203; x_wconf 75' lang='grc'><strong><em>2</em></strong></span> <span class='ocrx_word' id='word_1_80' title='bbox 808 1146 891 1202; x_wconf 80' lang='lat' dir='ltr'><strong>An</strong></span> <span class='ocrx_word' id='word_1_81' title='bbox 922 1146 1162 1202; x_wconf 82' lang='lat' dir='ltr'><strong>victores</strong></span> <span class='ocrx_word' id='word_1_82' title='bbox 1191 1146 1506 1218; x_wconf 85' lang='lat' dir='ltr'><strong>displicent,</strong></span> <span class='ocrx_word' id='word_1_83' title='bbox 1529 1154 1587 1203; x_wconf 91' lang='lat' dir='ltr'><strong>et</strong></span> <span class='ocrx_word' id='word_1_84' title='bbox 1605 1147 1738 1204; x_wconf 81' lang='lat' dir='ltr'><strong>victi</strong></span> <span class='ocrx_word' id='word_1_85' title='bbox 1770 1147 1891 1218; x_wconf 89' lang='lat' dir='ltr'><strong>pla-</strong></span> 
     </span>
    </p>
   </div>
   <div class='ocr_carea' id='block_1_13' title="bbox 283 1239 1884 1313">
    <p class='ocr_par' dir='ltr' id='par_1_13' title="bbox 283 1239 1884 1313">
     <span class='ocr_line' id='line_1_13' title="bbox 283 1239 1884 1313; baseline -0.001 -14"><span class='ocrx_word' id='word_1_86' title='bbox 283 1251 438 1308; x_wconf 88' lang='lat' dir='ltr'><strong>cent;</strong></span> <span class='ocrx_word' id='word_1_87' title='bbox 471 1253 733 1313; x_wconf 87' lang='lat' dir='ltr'><strong>tantaque</strong></span> <span class='ocrx_word' id='word_1_88' title='bbox 762 1240 1055 1297; x_wconf 86' lang='lat' dir='ltr'><strong>insolentia</strong></span> <span class='ocrx_word' id='word_1_89' title='bbox 1083 1240 1333 1296; x_wconf 83' lang='lat' dir='ltr'><strong>damnati</strong></span> <span class='ocrx_word' id='word_1_90' title='bbox 1361 1239 1615 1297; x_wconf 81' lang='lat' dir='ltr'><strong>loventur</strong></span> <span class='ocrx_word' id='word_1_91' title='bbox 1644 1255 1884 1309; x_wconf 89' lang='lat' dir='ltr'><strong>errores,</strong></span> 
     </span>
    </p>
   </div>
   <div class='ocr_carea' id='block_1_14' title="bbox 287 1335 1893 1408">
    <p class='ocr_par' dir='ltr' id='par_1_14' title="bbox 287 1335 1893 1408">
     <span class='ocr_line' id='line_1_14' title="bbox 287 1335 1893 1408; baseline 0 -16"><span class='ocrx_word' id='word_1_92' title='bbox 287 1344 352 1392; x_wconf 87' lang='lat' dir='ltr'><strong>ut</strong></span> <span class='ocrx_word' id='word_1_93' title='bbox 376 1335 665 1406; x_wconf 73' lang='lat' dir='ltr'><strong>pravitatis</strong></span> <span class='ocrx_word' id='word_1_94' title='bbox 706 1335 930 1403; x_wconf 87' lang='lat' dir='ltr'><strong>invidia,</strong></span> <span class='ocrx_word' id='word_1_95' title='bbox 961 1343 1017 1392; x_wconf 89' lang='lat' dir='ltr'><strong>et</strong></span> <span class='ocrx_word' id='word_1_96' title='bbox 1045 1345 1067 1374; x_wconf 72' lang='grc' dir='ltr'><strong>ο</strong></span> <span class='ocrx_word' id='word_1_97' title='bbox 1100 1344 1356 1393; x_wconf 90' lang='lat' dir='ltr'><strong>auctores</strong></span> <span class='ocrx_word' id='word_1_98' title='bbox 1385 1337 1560 1392; x_wconf 86' lang='lat' dir='ltr'><strong>nostri</strong></span> <span class='ocrx_word' id='word_1_99' title='bbox 1609 1339 1893 1408; x_wconf 87' lang='lat' dir='ltr'><strong>pulsentur</strong></span> 
     </span>
    </p>
   </div>
   <div class='ocr_carea' id='block_1_15' title="bbox 287 1433 1896 1509">
    <p class='ocr_par' dir='ltr' id='par_1_15' title="bbox 287 1433 1896 1509">
     <span class='ocr_line' id='line_1_15' title="bbox 287 1433 1896 1509; baseline -0.001 -14"><span class='ocrx_word' id='word_1_100' title='bbox 287 1447 348 1496; x_wconf 87' lang='lat' dir='ltr'><strong>et</strong></span> <span class='ocrx_word' id='word_1_101' title='bbox 366 1438 624 1509; x_wconf 76' lang='lat' dir='ltr'><strong>iudices?</strong></span> <span class='ocrx_word' id='word_1_102' title='bbox 655 1439 741 1494; x_wconf 89' lang='lat' dir='ltr'><strong>An</strong></span> <span class='ocrx_word' id='word_1_103' title='bbox 770 1452 901 1494; x_wconf 90' lang='lat' dir='ltr'><strong>vero</strong></span> <span class='ocrx_word' id='word_1_104' title='bbox 927 1437 1002 1493; x_wconf 89' lang='lat' dir='ltr'><strong>ita</strong></span> <span class='ocrx_word' id='word_1_105' title='bbox 1029 1433 1134 1493; x_wconf 69' lang='lat' dir='ltr'><strong>tte‘l</strong></span> <span class='ocrx_word' id='word_1_106' title='bbox 1160 1452 1427 1494; x_wconf 89' lang='lat' dir='ltr'><strong>novorum</strong></span> <span class='ocrx_word' id='word_1_107' title='bbox 1451 1452 1740 1494; x_wconf 89' lang='lat' dir='ltr'><strong>censorum</strong></span> <span class='ocrx_word' id='word_1_108' title='bbox 1767 1454 1896 1494; x_wconf 88' lang='lat' dir='ltr'><strong>uor-</strong></span> 
     </span>
    </p>
   </div>
   <div class='ocr_carea' id='block_1_16' title="bbox 287 1539 1892 1611">
    <p class='ocr_par' dir='ltr' id='par_1_16' title="bbox 287 1539 1892 1611">
     <span class='ocr_line' id='line_1_16' title="bbox 287 1539 1892 1611; baseline 0 -15"><span class='ocrx_word' id='word_1_109' title='bbox 287 1556 376 1596; x_wconf 89' lang='lat' dir='ltr'><strong>ma</strong></span> <span class='ocrx_word' id='word_1_110' title='bbox 399 1539 648 1597; x_wconf 81' lang='lat' dir='ltr'><strong>exactior</strong></span> <span class='ocrx_word' id='word_1_111' title='bbox 677 1539 1040 1610; x_wconf 86' lang='lat' dir='ltr'><strong>temperavit,</strong></span> <span class='ocrx_word' id='word_1_112' title='bbox 1076 1548 1101 1576; x_wconf 86' lang='grc'>⁶</span> <span class='ocrx_word' id='word_1_113' title='bbox 1130 1547 1189 1594; x_wconf 91' lang='lat' dir='ltr'><strong>ut</strong></span> <span class='ocrx_word' id='word_1_114' title='bbox 1233 1548 1287 1595; x_wconf 90' lang='lat' dir='ltr'><strong>et</strong></span> <span class='ocrx_word' id='word_1_115' title='bbox 1333 1539 1486 1595; x_wconf 90' lang='lat' dir='ltr'><strong>nulla</strong></span> <span class='ocrx_word' id='word_1_116' title='bbox 1529 1555 1722 1596; x_wconf 89' lang='lat' dir='ltr'><strong>eorum</strong></span> <span class='ocrx_word' id='word_1_117' title='bbox 1767 1556 1892 1611; x_wconf 67' lang='lat' dir='ltr'><strong>quae</strong></span> 
     </span>
    </p>
   </div>
   <div class='ocr_carea' id='block_1_17' title="bbox 287 1639 1893 1712">
    <p class='ocr_par' dir='ltr' id='par_1_17' title="bbox 287 1639 1893 1712">
     <span class='ocr_line' id='line_1_17' title="bbox 287 1639 1893 1712; baseline -0.001 -14"><span class='ocrx_word' id='word_1_118' title='bbox 287 1643 482 1698; x_wconf 72' lang='lat' dir='ltr'><strong>excisa</strong></span> <span class='ocrx_word' id='word_1_119' title='bbox 513 1649 662 1708; x_wconf 86' lang='lat' dir='ltr'><strong>sunt,</strong></span> <span class='ocrx_word' id='word_1_120' title='bbox 701 1639 722 1679; x_wconf 68' lang='grc' dir='ltr'><em>ι</em></span> <span class='ocrx_word' id='word_1_121' title='bbox 749 1648 992 1708; x_wconf 88' lang='lat' dir='ltr'><strong>asserat,</strong></span> <span class='ocrx_word' id='word_1_122' title='bbox 1032 1648 1088 1696; x_wconf 89' lang='lat' dir='ltr'><strong>et</strong></span> <span class='ocrx_word' id='word_1_123' title='bbox 1132 1639 1379 1710; x_wconf 67' lang='lat' dir='ltr'><strong>quaedam</strong></span> <span class='ocrx_word' id='word_1_124' title='bbox 1423 1655 1492 1696; x_wconf 89' lang='lat' dir='ltr'><strong>ex</strong></span> <span class='ocrx_word' id='word_1_125' title='bbox 1526 1640 1610 1696; x_wconf 92' lang='lat' dir='ltr'><strong>his</strong></span> <span class='ocrx_word' id='word_1_126' title='bbox 1646 1657 1766 1712; x_wconf 70' lang='lat' dir='ltr'><strong>qure</strong></span> <span class='ocrx_word' id='word_1_127' title='bbox 1795 1641 1893 1698; x_wconf 89' lang='lat' dir='ltr'><strong>de-</strong></span> 
     </span>
    </p>
   </div>
   <div class='ocr_carea' id='block_1_18' title="bbox 289 1732 1889 1803">
    <p class='ocr_par' dir='ltr' id='par_1_18' title="bbox 289 1732 1889 1803">
     <span class='ocr_line' id='line_1_18' title="bbox 289 1732 1889 1803; baseline 0.001 -15"><span class='ocrx_word' id='word_1_128' title='bbox 289 1732 446 1789; x_wconf 75' lang='lat' dir='ltr'><strong>fensa</strong></span> <span class='ocrx_word' id='word_1_129' title='bbox 488 1742 636 1800; x_wconf 90' lang='lat' dir='ltr'><strong>sunt,</strong></span> <span class='ocrx_word' id='word_1_130' title='bbox 671 1733 933 1803; x_wconf 77' lang='lat' dir='ltr'><strong>respuat?</strong></span> <span class='ocrx_word' id='word_1_131' title='bbox 962 1732 1106 1788; x_wconf 85' lang='lat' dir='ltr'><strong>Ecce</strong></span> <span class='ocrx_word' id='word_1_132' title='bbox 1143 1732 1293 1788; x_wconf 89' lang='lat' dir='ltr'><strong>salva</strong></span> <span class='ocrx_word' id='word_1_133' title='bbox 1321 1732 1602 1789; x_wconf 75' lang='lat' dir='ltr'><strong>catholicae</strong></span> <span class='ocrx_word' id='word_1_134' title='bbox 1647 1749 1781 1803; x_wconf 87' lang='lat' dir='ltr'><strong>pace</strong></span> <span class='ocrx_word' id='word_1_135' title='bbox 1809 1735 1889 1790; x_wconf 88' lang='lat' dir='ltr'><strong>vi-</strong></span> 
     </span>
    </p>
   </div>
   <div class='ocr_carea' id='block_1_19' title="bbox 282 1835 1884 1904">
    <p class='ocr_par' dir='ltr' id='par_1_19' title="bbox 282 1835 1884 1904">
     <span class='ocr_line' id='line_1_19' title="bbox 282 1835 1884 1904; baseline -0.002 -10"><span class='ocrx_word' id='word_1_136' title='bbox 282 1837 498 1904; x_wconf 69' lang='lat' dir='ltr'><strong>ctoriae,</strong></span> <span class='ocrx_word' id='word_1_137' title='bbox 525 1837 676 1893; x_wconf 87' lang='lat' dir='ltr'><strong>salva</strong></span> <span class='ocrx_word' id='word_1_138' title='bbox 701 1835 1163 1892; x_wconf 90' lang='lat' dir='ltr'><strong>indissolubilium</strong></span> <span class='ocrx_word' id='word_1_139' title='bbox 1183 1836 1490 1892; x_wconf 88' lang='lat' dir='ltr'><strong>reverentia</strong></span> <span class='ocrx_word' id='word_1_140' title='bbox 1513 1835 1884 1904; x_wconf 83' lang='lat' dir='ltr'><strong>decretorum,</strong></span> 
     </span>
    </p>
   </div>
   <div class='ocr_carea' id='block_1_20' title="bbox 283 1936 1889 2011">
    <p class='ocr_par' dir='ltr' id='par_1_20' title="bbox 283 1936 1889 2011">
     <span class='ocr_line' id='line_1_20' title="bbox 283 1936 1889 2011; baseline 0 -17"><span class='ocrx_word' id='word_1_141' title='bbox 283 1939 461 2011; x_wconf 84' lang='lat' dir='ltr'><strong>parati</strong></span> <span class='ocrx_word' id='word_1_142' title='bbox 490 1953 683 1994; x_wconf 89' lang='lat' dir='ltr'><strong>sumus</strong></span> <span class='ocrx_word' id='word_1_143' title='bbox 724 1946 982 2009; x_wconf 84' lang='lat' dir='ltr'><strong>patronos</strong></span> <span class='ocrx_word' id='word_1_144' title='bbox 1037 1936 1306 1992; x_wconf 68' lang='lat' dir='ltr'><strong>doctrinae</strong></span> <span class='ocrx_word' id='word_1_145' title='bbox 1353 1937 1748 1994; x_wconf 87' lang='lat' dir='ltr'><strong>emendatioris</strong></span> <span class='ocrx_word' id='word_1_146' title='bbox 1793 1954 1889 1994; x_wconf 85' lang='lat' dir='ltr'><strong>au-</strong></span> 
     </span>
    </p>
   </div>
   <div class='ocr_carea' id='block_1_21' title="bbox 282 2028 1890 2096">
    <p class='ocr_par' dir='ltr' id='par_1_21' title="bbox 282 2028 1890 2096">
     <span class='ocr_line' id='line_1_21' title="bbox 282 2028 1890 2096; baseline -0.002 -9"><span class='ocrx_word' id='word_1_147' title='bbox 282 2031 428 2096; x_wconf 86' lang='lat' dir='ltr'><strong>dire,</strong></span> <span class='ocrx_word' id='word_1_148' title='bbox 468 2037 526 2086; x_wconf 87' lang='lat' dir='ltr'><strong>et</strong></span> <span class='ocrx_word' id='word_1_149' title='bbox 569 2029 932 2085; x_wconf 77' lang='lat' dir='ltr'><strong>circumcisae</strong></span> <span class='ocrx_word' id='word_1_150' title='bbox 957 2028 1028 2084; x_wconf 89' lang='lat' dir='ltr'><strong>ab</strong></span> <span class='ocrx_word' id='word_1_151' title='bbox 1055 2029 1204 2083; x_wconf 88' lang='lat' dir='ltr'><strong>omni</strong></span> <span class='ocrx_word' id='word_1_152' title='bbox 1233 2043 1424 2085; x_wconf 90' lang='lat' dir='ltr'><strong>errore</strong></span> <span class='ocrx_word' id='word_1_153' title='bbox 1467 2029 1638 2085; x_wconf 90' lang='lat' dir='ltr'><strong>lineas</strong></span> <span class='ocrx_word' id='word_1_154' title='bbox 1669 2039 1696 2079; x_wconf 85' lang='lat' dir='ltr'><strong>s</strong></span> <span class='ocrx_word' id='word_1_155' title='bbox 1718 2030 1890 2085; x_wconf 89' lang='lat' dir='ltr'><strong>subti-</strong></span> 
     </span>
    </p>
   </div>
   <div class='ocr_carea' id='block_1_22' title="bbox 284 2117 1887 2192">
    <p class='ocr_par' dir='ltr' id='par_1_22' title="bbox 284 2117 1887 2192">
     <span class='ocr_line' id='line_1_22' title="bbox 284 2117 1887 2192; baseline 0 -16"><span class='ocrx_word' id='word_1_156' title='bbox 284 2121 512 2177; x_wconf 86' lang='lat' dir='ltr'><strong>lissimae</strong></span> <span class='ocrx_word' id='word_1_157' title='bbox 558 2119 909 2176; x_wconf 86' lang='lat' dir='ltr'><strong>discretionis</strong></span> <span class='ocrx_word' id='word_1_158' title='bbox 957 2133 1280 2192; x_wconf 77' lang='lat' dir='ltr'><strong>agnoscere.</strong></span> <span class='ocrx_word' id='word_1_159' title='bbox 1332 2118 1706 2176; x_wconf 89' lang='lat' dir='ltr'><strong>Constituatur</strong></span> <span class='ocrx_word' id='word_1_160' title='bbox 1759 2117 1787 2158; x_wconf 72' lang='grc' dir='ltr'><strong>ιι</strong></span> <span class='ocrx_word' id='word_1_161' title='bbox 1835 2122 1887 2176; x_wconf 94' lang='lat' dir='ltr'><strong>in</strong></span> 
     </span>
    </p>
   </div>
   <div class='ocr_carea' id='block_1_23' title="bbox 281 2212 1605 2286">
    <p class='ocr_par' dir='ltr' id='par_1_23' title="bbox 281 2212 1605 2286">
     <span class='ocr_line' id='line_1_23' title="bbox 281 2212 1605 2286; baseline -0.001 -15"><span class='ocrx_word' id='word_1_162' title='bbox 281 2215 550 2284; x_wconf 88' lang='lat' dir='ltr'><strong>medium,</strong></span> <span class='ocrx_word' id='word_1_163' title='bbox 580 2213 729 2286; x_wconf 91' lang='lat' dir='ltr'><strong>quod</strong></span> <span class='ocrx_word' id='word_1_164' title='bbox 761 2212 778 2252; x_wconf 82' lang='grc' dir='ltr'>ί</span> <span class='ocrx_word' id='word_1_165' title='bbox 815 2213 885 2269; x_wconf 88' lang='lat' dir='ltr'><strong>de</strong></span> <span class='ocrx_word' id='word_1_166' title='bbox 916 2213 1071 2269; x_wconf 88' lang='lat' dir='ltr'><strong>novis</strong></span> <span class='ocrx_word' id='word_1_167' title='bbox 1100 2213 1329 2270; x_wconf 89' lang='lat' dir='ltr'><strong>emersit</strong></span> <span class='ocrx_word' id='word_1_168' title='bbox 1357 2213 1605 2284; x_wconf 75' lang='lat' dir='ltr'><strong>ingeniis.</strong></span> 
     </span>
    </p>
   </div>
   <div class='ocr_carea' id='block_1_24' title="bbox 922 2390 1260 2448">
    <p class='ocr_par' dir='ltr' id='par_1_24' title="bbox 922 2390 1260 2448">
     <span class='ocr_line' id='line_1_24' title="bbox 922 2390 1260 2448; baseline 0 -2"><span class='ocrx_word' id='word_1_169' title='bbox 922 2391 1154 2448; x_wconf 81' lang='lat' dir='ltr'><strong>CAPUT</strong></span> <span class='ocrx_word' id='word_1_170' title='bbox 1195 2390 1260 2447; x_wconf 89' lang='lat' dir='ltr'><strong>ll.</strong></span> 
     </span>
    </p>
   </div>
   <div class='ocr_carea' id='block_1_25' title="bbox 285 2527 1890 2602">
    <p class='ocr_par' dir='ltr' id='par_1_25' title="bbox 285 2527 1890 2602">
     <span class='ocr_line' id='line_1_25' title="bbox 285 2527 1890 2602; baseline -0.001 -18"><span class='ocrx_word' id='word_1_171' title='bbox 285 2529 394 2584; x_wconf 87' lang='lat' dir='ltr'><strong>Cur</strong></span> <span class='ocrx_word' id='word_1_172' title='bbox 423 2527 759 2602; x_wconf 79' lang='lat' dir='ltr'><strong>aggrediatur</strong></span> <span class='ocrx_word' id='word_1_173' title='bbox 789 2527 942 2582; x_wconf 89' lang='lat' dir='ltr'><strong>unius</strong></span> <span class='ocrx_word' id='word_1_174' title='bbox 983 2527 1221 2582; x_wconf 80' lang='lat' dir='ltr'><strong>Cassiani</strong></span> <span class='ocrx_word' id='word_1_175' title='bbox 1248 2528 1575 2599; x_wconf 90' lang='lat' dir='ltr'><strong>potissimum</strong></span> <span class='ocrx_word' id='word_1_176' title='bbox 1623 2529 1890 2596; x_wconf 76' lang='lat' dir='ltr'><strong>deﬁnitio-</strong></span> 
     </span>
    </p>
   </div>
   <div class='ocr_carea' id='block_1_26' title="bbox 329 2606 1891 2680">
    <p class='ocr_par' dir='ltr' id='par_1_26' title="bbox 329 2606 1891 2680">
     <span class='ocr_line' id='line_1_26' title="bbox 329 2606 1891 2680; baseline 0 -18"><span class='ocrx_word' id='word_1_177' title='bbox 329 2628 332 2631; x_wconf 94' lang='grc'>·</span> <span class='ocrx_word' id='word_1_178' title='bbox 361 2625 475 2664; x_wconf 88' lang='lat' dir='ltr'><strong>nes.</strong></span> <span class='ocrx_word' id='word_1_179' title='bbox 509 2607 750 2661; x_wconf 81' lang='lat' dir='ltr'><strong>Cassiani</strong></span> <span class='ocrx_word' id='word_1_180' title='bbox 770 2608 936 2680; x_wconf 91' lang='lat' dir='ltr'><strong>prima</strong></span> <span class='ocrx_word' id='word_1_181' title='bbox 963 2607 1201 2672; x_wconf 78' lang='lat' dir='ltr'><strong>tle/initio</strong></span> <span class='ocrx_word' id='word_1_182' title='bbox 1225 2606 1500 2661; x_wconf 77' lang='lat' dir='ltr'><strong>catholica.</strong></span> <span class='ocrx_word' id='word_1_183' title='bbox 1525 2609 1566 2662; x_wconf 88' lang='grc' dir='ltr'><em>Α</em></span> <span class='ocrx_word' id='word_1_184' title='bbox 1597 2625 1697 2678; x_wconf 86' lang='lat' dir='ltr'><strong>quo</strong></span> <span class='ocrx_word' id='word_1_185' title='bbox 1715 2617 1891 2677; x_wconf 85' lang='lat' dir='ltr'><strong>postea</strong></span> 
     </span>
    </p>
   </div>
   <div class='ocr_carea' id='block_1_27' title="bbox 367 2688 1876 2758">
    <p class='ocr_par' dir='ltr' id='par_1_27' title="bbox 367 2688 1876 2758">
     <span class='ocr_line' id='line_1_27' title="bbox 367 2688 1876 2758; baseline 0.001 -16"><span class='ocrx_word' id='word_1_186' title='bbox 367 2688 552 2758; x_wconf 79' lang='lat' dir='ltr'><strong>incipit</strong></span> <span class='ocrx_word' id='word_1_187' title='bbox 587 2688 842 2741; x_wconf 81' lang='lat' dir='ltr'><strong>introduci</strong></span> <span class='ocrx_word' id='word_1_188' title='bbox 878 2688 1142 2757; x_wconf 84' lang='lat' dir='ltr'><strong>deﬁnitio,</strong></span> <span class='ocrx_word' id='word_1_189' title='bbox 1180 2704 1280 2758; x_wconf 89' lang='lat' dir='ltr'><strong>qua</strong></span> <span class='ocrx_word' id='word_1_190' title='bbox 1327 2689 1542 2743; x_wconf 80' lang='lat' dir='ltr'><strong>docetur</strong></span> <span class='ocrx_word' id='word_1_191' title='bbox 1588 2689 1778 2743; x_wconf 84' lang='lat' dir='ltr'><strong>multos</strong></span> <span class='ocrx_word' id='word_1_192' title='bbox 1807 2689 1876 2743; x_wconf 90' lang='lat' dir='ltr'><strong>ad</strong></span> 
     </span>
    </p>
   </div>
   <div class='ocr_carea' id='block_1_28' title="bbox 375 2766 1142 2840">
    <p class='ocr_par' dir='ltr' id='par_1_28' title="bbox 375 2766 1142 2840">
     <span class='ocr_line' id='line_1_28' title="bbox 375 2766 1142 2840; baseline 0.004 -21"><span class='ocrx_word' id='word_1_193' title='bbox 375 2770 603 2840; x_wconf 83' lang='lat' dir='ltr'><strong>gratiam</strong></span> <span class='ocrx_word' id='word_1_194' title='bbox 628 2766 795 2821; x_wconf 75' lang='lat' dir='ltr'><strong>uenire</strong></span> <span class='ocrx_word' id='word_1_195' title='bbox 816 2768 922 2822; x_wconf 91' lang='lat' dir='ltr'><strong>sine</strong></span> <span class='ocrx_word' id='word_1_196' title='bbox 949 2768 1142 2839; x_wconf 86' lang='lat' dir='ltr'><strong>gratia.</strong></span> 
     </span>
    </p>
   </div>
   <div class='ocr_carea' id='block_1_29' title="bbox 377 2907 1891 2981">
    <p class='ocr_par' dir='ltr' id='par_1_29' title="bbox 377 2907 1891 2981">
     <span class='ocr_line' id='line_1_29' title="bbox 377 2907 1891 2981; baseline 0.003 -18"><span class='ocrx_word' id='word_1_197' title='bbox 377 2909 426 2963; x_wconf 77' lang='lat' dir='ltr'><strong>l.</strong></span> <span class='ocrx_word' id='word_1_198' title='bbox 457 2909 524 2964; x_wconf 85' lang='lat' dir='ltr'><strong>Et</strong></span> <span class='ocrx_word' id='word_1_199' title='bbox 552 2923 620 2964; x_wconf 90' lang='lat' dir='ltr'><strong>ne</strong></span> <span class='ocrx_word' id='word_1_200' title='bbox 647 2907 713 2964; x_wconf 87' lang='lat' dir='ltr'><strong>ad</strong></span> <span class='ocrx_word' id='word_1_201' title='bbox 744 2907 1137 2964; x_wconf 89' lang='lat' dir='ltr'><strong>obscurandam</strong></span> <span class='ocrx_word' id='word_1_202' title='bbox 1163 2909 1444 2965; x_wconf 85' lang='lat' dir='ltr'><strong>scientiam</strong></span> <span class='ocrx_word' id='word_1_203' title='bbox 1465 2909 1769 2967; x_wconf 91' lang='lat' dir='ltr'><strong>doctiorum</strong></span> <span class='ocrx_word' id='word_1_204' title='bbox 1787 2955 1802 2981; x_wconf 93' lang='lat'><strong>,</strong></span> <span class='ocrx_word' id='word_1_205' title='bbox 1828 2927 1891 2968; x_wconf 89' lang='lat' dir='ltr'><strong>ea</strong></span> 
     </span>
    </p>
   </div>
   <div class='ocr_carea' id='block_1_30' title="bbox 301 3000 1890 3076">
    <p class='ocr_par' dir='ltr' id='par_1_30' title="bbox 301 3000 1890 3076">
     <span class='ocr_line' id='line_1_30' title="bbox 301 3000 1890 3076; baseline 0.001 -17"><span class='ocrx_word' id='word_1_206' title='bbox 301 3003 576 3074; x_wconf 83' lang='lat' dir='ltr'><strong>exagitare</strong></span> <span class='ocrx_word' id='word_1_207' title='bbox 626 3000 929 3068; x_wconf 84' lang='lat' dir='ltr'><strong>videamur,</strong></span> <span class='ocrx_word' id='word_1_208' title='bbox 963 3017 1084 3073; x_wconf 68' lang='lat' dir='ltr'><strong>quae</strong></span> <span class='ocrx_word' id='word_1_209' title='bbox 1113 3003 1308 3074; x_wconf 89' lang='lat' dir='ltr'><strong>vulgus</strong></span> <span class='ocrx_word' id='word_1_210' title='bbox 1338 3003 1580 3073; x_wconf 82' lang='lat' dir='ltr'><strong>ignobile</strong></span> <span class='ocrx_word' id='word_1_211' title='bbox 1602 3013 1658 3060; x_wconf 89' lang='lat' dir='ltr'><strong>et</strong></span> <span class='ocrx_word' id='word_1_212' title='bbox 1688 3019 1890 3076; x_wconf 82' lang='lat' dir='ltr'><strong>procax</strong></span> 
     </span>
    </p>
   </div>
   <div class='ocr_carea' id='block_1_31' title="bbox 296 3097 1892 3169">
    <p class='ocr_par' dir='ltr' id='par_1_31' title="bbox 296 3097 1892 3169">
     <span class='ocr_line' id='line_1_31' title="bbox 296 3097 1892 3169; baseline -0.001 -15"><span class='ocrx_word' id='word_1_213' title='bbox 296 3098 609 3168; x_wconf 83' lang='lat' dir='ltr'><strong>ineptorum</strong></span> <span class='ocrx_word' id='word_1_214' title='bbox 639 3098 939 3168; x_wconf 83' lang='lat' dir='ltr'><strong>loquacitas</strong></span> <span class='ocrx_word' id='word_1_215' title='bbox 964 3098 1394 3169; x_wconf 86' lang='lat' dir='ltr'><strong>intemperanter</strong></span> <span class='ocrx_word' id='word_1_216' title='bbox 1423 3097 1686 3165; x_wconf 75' lang='lat' dir='ltr'><strong>effundit;</strong></span> <span class='ocrx_word' id='word_1_217' title='bbox 1734 3098 1892 3153; x_wconf 90' lang='lat' dir='ltr'><strong>unius</strong></span> 
     </span>
    </p>
   </div>
   <div class='ocr_carea' id='block_1_32' title="bbox 1997 493 3582 570">
    <p class='ocr_par' dir='ltr' id='par_1_32' title="bbox 1997 493 3582 570">
     <span class='ocr_line' id='line_1_32' title="bbox 1997 493 3582 570; baseline 0.006 -22"><span class='ocrx_word' id='word_1_218' title='bbox 1997 494 2049 549; x_wconf 87' lang='lat' dir='ltr'><strong>in</strong></span> <span class='ocrx_word' id='word_1_219' title='bbox 2072 493 2520 565; x_wconf 86' lang='lat' dir='ltr'><strong>disceptationem</strong></span> <span class='ocrx_word' id='word_1_220' title='bbox 2555 501 2772 565; x_wconf 89' lang='lat' dir='ltr'><strong>oportet</strong></span> <span class='ocrx_word' id='word_1_221' title='bbox 2799 493 2826 533; x_wconf 72' lang='grc' dir='ltr'>ι</span> <span class='ocrx_word' id='word_1_222' title='bbox 2857 510 3170 567; x_wconf 84' lang='lat' dir='ltr'><strong>assumere,</strong></span> <span class='ocrx_word' id='word_1_223' title='bbox 3221 499 3346 570; x_wconf 91' lang='lat' dir='ltr'><strong>quia</strong></span> <span class='ocrx_word' id='word_1_224' title='bbox 3401 509 3582 557; x_wconf 90' lang='lat' dir='ltr'><strong>utrum</strong></span> 
     </span>
    </p>
   </div>
   <div class='ocr_carea' id='block_1_33' title="bbox 1994 587 3584 661">
    <p class='ocr_par' dir='ltr' id='par_1_33' title="bbox 1994 587 3584 661">
     <span class='ocr_line' id='line_1_33' title="bbox 1994 587 3584 661; baseline 0.004 -18"><span class='ocrx_word' id='word_1_225' title='bbox 1994 587 2066 644; x_wconf 90' lang='lat' dir='ltr'><strong>ita</strong></span> <span class='ocrx_word' id='word_1_226' title='bbox 2090 603 2150 645; x_wconf 90' lang='lat' dir='ltr'><strong>se</strong></span> <span class='ocrx_word' id='word_1_227' title='bbox 2179 589 2442 655; x_wconf 80' lang='lat' dir='ltr'><strong>habeant,</strong></span> <span class='ocrx_word' id='word_1_228' title='bbox 2477 603 2586 645; x_wconf 91' lang='lat' dir='ltr'><strong>non</strong></span> <span class='ocrx_word' id='word_1_229' title='bbox 2617 596 2797 660; x_wconf 85' lang='lat' dir='ltr'><strong>potest</strong></span> <span class='ocrx_word' id='word_1_230' title='bbox 2823 588 3085 645; x_wconf 87' lang='lat' dir='ltr'><strong>dubitari.</strong></span> <span class='ocrx_word' id='word_1_231' title='bbox 3123 587 3142 628; x_wconf 82' lang='grc' dir='ltr'><strong><em>ι</em></strong></span> <span class='ocrx_word' id='word_1_232' title='bbox 3182 591 3413 661; x_wconf 65' lang='lat' dir='ltr'><strong>Scripta</strong></span> <span class='ocrx_word' id='word_1_233' title='bbox 3439 595 3584 650; x_wconf 90' lang='lat' dir='ltr'><strong>enim</strong></span> 
     </span>
    </p>
   </div>
   <div class='ocr_carea' id='block_1_34' title="bbox 1994 682 3582 754">
    <p class='ocr_par' dir='ltr' id='par_1_34' title="bbox 1994 682 3582 754">
     <span class='ocr_line' id='line_1_34' title="bbox 1994 682 3582 754; baseline 0.003 -18"><span class='ocrx_word' id='word_1_234' title='bbox 1994 691 2141 752; x_wconf 90' lang='lat' dir='ltr'><strong>sunt,</strong></span> <span class='ocrx_word' id='word_1_235' title='bbox 2182 691 2236 739; x_wconf 90' lang='lat' dir='ltr'><strong>et</strong></span> <span class='ocrx_word' id='word_1_236' title='bbox 2266 682 2504 738; x_wconf 89' lang='lat' dir='ltr'><strong>auctoris</strong></span> <span class='ocrx_word' id='word_1_237' title='bbox 2530 683 2614 739; x_wconf 92' lang='lat' dir='ltr'><strong>sui</strong></span> <span class='ocrx_word' id='word_1_238' title='bbox 2645 683 2884 739; x_wconf 89' lang='lat' dir='ltr'><strong>editione</strong></span> <span class='ocrx_word' id='word_1_239' title='bbox 2916 683 3244 754; x_wconf 65' lang='lat' dir='ltr'><strong>publicata:</strong></span> <span class='ocrx_word' id='word_1_240' title='bbox 3296 700 3395 740; x_wconf 89' lang='lat' dir='ltr'><strong>nec</strong></span> <span class='ocrx_word' id='word_1_241' title='bbox 3440 686 3582 754; x_wconf 84' lang='lat' dir='ltr'><strong>jam,</strong></span> 
     </span>
    </p>
   </div>
   <div class='ocr_carea' id='block_1_35' title="bbox 1995 777 3588 848">
    <p class='ocr_par' dir='ltr' id='par_1_35' title="bbox 1995 777 3588 848">
     <span class='ocr_line' id='line_1_35' title="bbox 1995 777 3588 848; baseline 0.004 -18"><span class='ocrx_word' id='word_1_242' title='bbox 1995 791 2062 831; x_wconf 89' lang='lat' dir='ltr'><strong>an</strong></span> <span class='ocrx_word' id='word_1_243' title='bbox 2093 777 2223 842; x_wconf 88' lang='lat' dir='ltr'><strong>sint,</strong></span> <span class='ocrx_word' id='word_1_244' title='bbox 2253 777 2608 848; x_wconf 74' lang='lat' dir='ltr'><strong>quzerendnm</strong></span> <span class='ocrx_word' id='word_1_245' title='bbox 2640 783 2756 843; x_wconf 87' lang='lat' dir='ltr'><strong>est;</strong></span> <span class='ocrx_word' id='word_1_246' title='bbox 2795 777 2889 832; x_wconf 87' lang='lat' dir='ltr'><strong>sed</strong></span> <span class='ocrx_word' id='word_1_247' title='bbox 2919 777 3049 848; x_wconf 90' lang='lat' dir='ltr'><strong>quid</strong></span> <span class='ocrx_word' id='word_1_248' title='bbox 3078 779 3332 846; x_wconf 85' lang='lat' dir='ltr'><strong>doceant,</strong></span> <span class='ocrx_word' id='word_1_249' title='bbox 3363 779 3588 836; x_wconf 87' lang='lat' dir='ltr'><strong>demon-</strong></span> 
     </span>
    </p>
   </div>
   <div class='ocr_carea' id='block_1_36' title="bbox 1993 868 3587 942">
    <p class='ocr_par' dir='ltr' id='par_1_36' title="bbox 1993 868 3587 942">
     <span class='ocr_line' id='line_1_36' title="bbox 1993 868 3587 942; baseline 0.001 -19"><span class='ocrx_word' id='word_1_250' title='bbox 1993 868 2299 924; x_wconf 90' lang='lat' dir='ltr'><strong>strandum.</strong></span> <span class='ocrx_word' id='word_1_251' title='bbox 2333 868 2497 940; x_wconf 88' lang='lat' dir='ltr'><strong>Igitur</strong></span> <span class='ocrx_word' id='word_1_252' title='bbox 2528 869 2686 942; x_wconf 78' lang='lat'><strong>311</strong></span> <span class='ocrx_word' id='word_1_253' title='bbox 2713 871 2767 923; x_wconf 91' lang='lat' dir='ltr'><strong>in</strong></span> <span class='ocrx_word' id='word_1_254' title='bbox 2790 869 2929 925; x_wconf 92' lang='lat' dir='ltr'><strong>libro</strong></span> <span class='ocrx_word' id='word_1_255' title='bbox 2945 869 3103 942; x_wconf 87' lang='lat' dir='ltr'><strong>cujus</strong></span> <span class='ocrx_word' id='word_1_256' title='bbox 3131 873 3450 941; x_wconf 72' lang='lat' dir='ltr'><strong>praenotatio</strong></span> <span class='ocrx_word' id='word_1_257' title='bbox 3480 884 3587 937; x_wconf 75' lang='lat' dir='ltr'><strong>esr,</strong></span> 
     </span>
    </p>
   </div>
   <div class='ocr_carea' id='block_1_37' title="bbox 1995 959 3588 1037">
    <p class='ocr_par' dir='ltr' id='par_1_37' title="bbox 1995 959 3588 1037">
     <span class='ocr_line' id='line_1_37' title="bbox 1995 959 3588 1037; baseline 0.003 -23"><span class='ocrx_word' id='word_1_258' title='bbox 1995 961 2058 1014; x_wconf 91' lang='lat' dir='ltr'><strong>de</strong></span> <span class='ocrx_word' id='word_1_259' title='bbox 2081 959 2411 1016; x_wconf 85' lang='lat' dir='ltr'><strong>Protectione</strong></span> <span class='ocrx_word' id='word_1_260' title='bbox 2449 959 2568 1028; x_wconf 89' lang='lat' dir='ltr'><strong>Dei,</strong></span> <span class='ocrx_word' id='word_1_261' title='bbox 2601 962 2928 1037; x_wconf 85' lang='lat' dir='ltr'><strong>vir_quidam</strong></span> <span class='ocrx_word' id='word_1_262' title='bbox 2973 963 3331 1019; x_wconf 81' lang='lat' dir='ltr'><strong>sacerdotalis</strong></span> <span class='ocrx_word' id='word_1_263' title='bbox 3360 975 3400 1002; x_wconf 72' lang='grc' dir='ltr'><strong>ιιι</strong></span> <span class='ocrx_word' id='word_1_264' title='bbox 3433 964 3588 1037; x_wconf 88' lang='lat' dir='ltr'><strong>(Cas-</strong></span> 
     </span>
    </p>
   </div>
   <div class='ocr_carea' id='block_1_38' title="bbox 1994 1027 3585 1126">
    <p class='ocr_par' dir='ltr' id='par_1_38' title="bbox 1994 1027 3585 1126">
     <span class='ocr_line' id='line_1_38' title="bbox 1994 1027 3585 1126; baseline 0.004 -20"><span class='ocrx_word' id='word_1_265' title='bbox 1994 1053 2225 1125; x_wconf 89' lang='lat' dir='ltr'><strong>sianus),</strong></span> <span class='ocrx_word' id='word_1_266' title='bbox 2258 1055 2347 1125; x_wconf 92' lang='lat' dir='ltr'><strong>qui</strong></span> <span class='ocrx_word' id='word_1_267' title='bbox 2373 1027 2832 1124; x_wconf 47' lang='lat' dir='ltr'><strong>disputandirusu</strong></span> <span class='ocrx_word' id='word_1_268' title='bbox 2882 1054 3025 1110; x_wconf 87' lang='lat' dir='ltr'><strong>inter</strong></span> <span class='ocrx_word' id='word_1_269' title='bbox 3060 1071 3178 1125; x_wconf 86' lang='lat' dir='ltr'><strong>eos,</strong></span> <span class='ocrx_word' id='word_1_270' title='bbox 3212 1065 3240 1094; x_wconf 72' lang='grc' dir='ltr'><strong>υ</strong></span> <span class='ocrx_word' id='word_1_271' title='bbox 3264 1027 3585 1126; x_wconf 77' lang='lat' dir='ltr'><strong>quibuscum</strong></span> 
     </span>
    </p>
   </div>
   <div class='ocr_carea' id='block_1_39' title="bbox 1996 1143 3588 1220">
    <p class='ocr_par' dir='ltr' id='par_1_39' title="bbox 1996 1143 3588 1220">
     <span class='ocr_line' id='line_1_39' title="bbox 1996 1143 3588 1220; baseline 0.002 -21"><span class='ocrx_word' id='word_1_272' title='bbox 1996 1143 2165 1215; x_wconf 83' lang='lat' dir='ltr'><strong>degit,</strong></span> <span class='ocrx_word' id='word_1_273' title='bbox 2220 1147 2466 1211; x_wconf 82' lang='lat' dir='ltr'><strong>excellit,</strong></span> <span class='ocrx_word' id='word_1_274' title='bbox 2519 1147 2772 1202; x_wconf 87' lang='lat' dir='ltr'><strong>abbatem</strong></span> <span class='ocrx_word' id='word_1_275' title='bbox 2820 1148 3108 1218; x_wconf 89' lang='lat' dir='ltr'><strong>quemdam</strong></span> <span class='ocrx_word' id='word_1_276' title='bbox 3160 1148 3588 1220; x_wconf 76' lang='lat' dir='ltr'><strong>(Cineremonem)</strong></span> 
     </span>
    </p>
   </div>
   <div class='ocr_carea' id='block_1_40' title="bbox 1994 1237 3592 1312">
    <p class='ocr_par' dir='ltr' id='par_1_40' title="bbox 1994 1237 3592 1312">
     <span class='ocr_line' id='line_1_40' title="bbox 1994 1237 3592 1312; baseline 0.004 -20"><span class='ocrx_word' id='word_1_277' title='bbox 1994 1237 2293 1296; x_wconf 86' lang='lat' dir='ltr'><strong>introducit</strong></span> <span class='ocrx_word' id='word_1_278' title='bbox 2319 1241 2385 1297; x_wconf 88' lang='lat' dir='ltr'><strong>de</strong></span> <span class='ocrx_word' id='word_1_279' title='bbox 2429 1240 2597 1312; x_wconf 88' lang='lat' dir='ltr'><strong>gratia</strong></span> <span class='ocrx_word' id='word_1_280' title='bbox 2644 1239 2740 1295; x_wconf 87' lang='lat' dir='ltr'><strong>Dei</strong></span> <span class='ocrx_word' id='word_1_281' title='bbox 2777 1249 2831 1295; x_wconf 88' lang='lat' dir='ltr'><strong>et</strong></span> <span class='ocrx_word' id='word_1_282' title='bbox 2859 1240 3034 1296; x_wconf 90' lang='lat' dir='ltr'><strong>libero</strong></span> <span class='ocrx_word' id='word_1_283' title='bbox 3065 1242 3287 1298; x_wconf 90' lang='lat' dir='ltr'><strong>arbitrio</strong></span> <span class='ocrx_word' id='word_1_284' title='bbox 3314 1244 3592 1298; x_wconf 87' lang='lat' dir='ltr'><strong>disseren-</strong></span> 
     </span>
    </p>
   </div>
   <div class='ocr_carea' id='block_1_41' title="bbox 1997 1333 3591 1406">
    <p class='ocr_par' dir='ltr' id='par_1_41' title="bbox 1997 1333 3591 1406">
     <span class='ocr_line' id='line_1_41' title="bbox 1997 1333 3591 1406; baseline 0.003 -19"><span class='ocrx_word' id='word_1_285' title='bbox 1997 1341 2127 1400; x_wconf 89' lang='lat' dir='ltr'><strong>tem,</strong></span> <span class='ocrx_word' id='word_1_286' title='bbox 2170 1334 2326 1402; x_wconf 90' lang='lat' dir='ltr'><strong>cujus</strong></span> <span class='ocrx_word' id='word_1_287' title='bbox 2377 1349 2437 1390; x_wconf 92' lang='lat' dir='ltr'><strong>se</strong></span> <span class='ocrx_word' id='word_1_288' title='bbox 2486 1349 2583 1404; x_wconf 91' lang='lat' dir='ltr'><strong>per</strong></span> <span class='ocrx_word' id='word_1_289' title='bbox 2631 1334 2814 1388; x_wconf 88' lang='lat' dir='ltr'><strong>omnia</strong></span> <span class='ocrx_word' id='word_1_290' title='bbox 2869 1333 3131 1403; x_wconf 86' lang='lat' dir='ltr'><strong>probasse</strong></span> <span class='ocrx_word' id='word_1_291' title='bbox 3168 1349 3234 1390; x_wconf 89' lang='lat' dir='ltr'><strong>ac</strong></span> <span class='ocrx_word' id='word_1_292' title='bbox 3282 1335 3591 1406; x_wconf 79' lang='lat' dir='ltr'><strong>suscepisse</strong></span> 
     </span>
    </p>
   </div>
   <div class='ocr_carea' id='block_1_42' title="bbox 1996 1427 3592 1496">
    <p class='ocr_par' dir='ltr' id='par_1_42' title="bbox 1996 1427 3592 1496">
     <span class='ocr_line' id='line_1_42' title="bbox 1996 1427 3592 1496; baseline 0.003 -15"><span class='ocrx_word' id='word_1_293' title='bbox 1996 1427 2234 1482; x_wconf 90' lang='lat' dir='ltr'><strong>ostendit</strong></span> <span class='ocrx_word' id='word_1_294' title='bbox 2264 1428 2628 1484; x_wconf 88' lang='lat' dir='ltr'><strong>sententiam:</strong></span> <span class='ocrx_word' id='word_1_295' title='bbox 2657 1435 2716 1482; x_wconf 88' lang='lat' dir='ltr'><strong>ut</strong></span> <span class='ocrx_word' id='word_1_296' title='bbox 2736 1427 2849 1496; x_wconf 89' lang='lat' dir='ltr'><strong>jam</strong></span> <span class='ocrx_word' id='word_1_297' title='bbox 2878 1441 2986 1481; x_wconf 92' lang='lat' dir='ltr'><strong>non</strong></span> <span class='ocrx_word' id='word_1_298' title='bbox 3033 1443 3155 1482; x_wconf 90' lang='lat' dir='ltr'><strong>cum</strong></span> <span class='ocrx_word' id='word_1_299' title='bbox 3205 1427 3301 1482; x_wconf 92' lang='lat' dir='ltr'><strong>illo</strong></span> <span class='ocrx_word' id='word_1_300' title='bbox 3337 1429 3494 1484; x_wconf 87' lang='lat' dir='ltr'><strong>nobis</strong></span> <span class='ocrx_word' id='word_1_301' title='bbox 3521 1427 3592 1485; x_wconf 86' lang='lat' dir='ltr'><strong>sit</strong></span> 
     </span>
    </p>
   </div>
   <div class='ocr_carea' id='block_1_43' title="bbox 1996 1518 3591 1590">
    <p class='ocr_par' dir='ltr' id='par_1_43' title="bbox 1996 1518 3591 1590">
     <span class='ocr_line' id='line_1_43' title="bbox 1996 1518 3591 1590; baseline 0 -16"><span class='ocrx_word' id='word_1_302' title='bbox 1996 1520 2268 1588; x_wconf 76' lang='lat' dir='ltr'><strong>negotium</strong></span> <span class='ocrx_word' id='word_1_303' title='bbox 2296 1560 2311 1587; x_wconf 89' lang='lat'><strong>,</strong></span> <span class='ocrx_word' id='word_1_304' title='bbox 2351 1520 2443 1590; x_wconf 92' lang='lat' dir='ltr'><strong>qui</strong></span> <span class='ocrx_word' id='word_1_305' title='bbox 2499 1519 2639 1574; x_wconf 75' lang='lat' dir='ltr'><strong>forte</strong></span> <span class='ocrx_word' id='word_1_306' title='bbox 2684 1518 2822 1574; x_wconf 84' lang='lat' dir='ltr'><strong>tales</strong></span> <span class='ocrx_word' id='word_1_307' title='bbox 2878 1518 3169 1588; x_wconf 81' lang='lat' dir='ltr'><strong>Opiniones</strong></span> <span class='ocrx_word' id='word_1_308' title='bbox 3221 1533 3346 1574; x_wconf 87' lang='lat' dir='ltr'><strong>snas</strong></span> <span class='ocrx_word' id='word_1_309' title='bbox 3377 1529 3468 1574; x_wconf 90' lang='lat' dir='ltr'><strong>aut</strong></span> <span class='ocrx_word' id='word_1_310' title='bbox 3492 1534 3591 1575; x_wconf 85' lang='lat' dir='ltr'><strong>ne-</strong></span> 
     </span>
    </p>
   </div>
   <div class='ocr_carea' id='block_1_44' title="bbox 1994 1610 3586 1682">
    <p class='ocr_par' dir='ltr' id='par_1_44' title="bbox 1994 1610 3586 1682">
     <span class='ocr_line' id='line_1_44' title="bbox 1994 1610 3586 1682; baseline 0.001 -17"><span class='ocrx_word' id='word_1_311' title='bbox 1994 1611 2175 1681; x_wconf 77' lang='lat' dir='ltr'><strong>gando</strong></span> <span class='ocrx_word' id='word_1_312' title='bbox 2201 1611 2483 1676; x_wconf 83' lang='lat' dir='ltr'><strong>refutaret,</strong></span> <span class='ocrx_word' id='word_1_313' title='bbox 2533 1619 2626 1666; x_wconf 86' lang='lat' dir='ltr'><strong>aut</strong></span> <span class='ocrx_word' id='word_1_314' title='bbox 2654 1610 2978 1682; x_wconf 89' lang='lat' dir='ltr'><strong>corrigendo</strong></span> <span class='ocrx_word' id='word_1_315' title='bbox 3015 1611 3284 1678; x_wconf 84' lang='lat' dir='ltr'><strong>dilueret;</strong></span> <span class='ocrx_word' id='word_1_316' title='bbox 3317 1610 3417 1667; x_wconf 90' lang='lat' dir='ltr'><strong>sed</strong></span> <span class='ocrx_word' id='word_1_317' title='bbox 3462 1627 3586 1666; x_wconf 88' lang='lat' dir='ltr'><strong>cum</strong></span> 
     </span>
    </p>
   </div>
   <div class='ocr_carea' id='block_1_45' title="bbox 1995 1701 3591 1776">
    <p class='ocr_par' dir='ltr' id='par_1_45' title="bbox 1995 1701 3591 1776">
     <span class='ocr_line' id='line_1_45' title="bbox 1995 1701 3591 1776; baseline 0 -17"><span class='ocrx_word' id='word_1_318' title='bbox 1995 1705 2122 1771; x_wconf 90' lang='lat' dir='ltr'><strong>isto,</strong></span> <span class='ocrx_word' id='word_1_319' title='bbox 2152 1705 2241 1776; x_wconf 89' lang='lat' dir='ltr'><strong>qui</strong></span> <span class='ocrx_word' id='word_1_320' title='bbox 2291 1704 2357 1759; x_wconf 89' lang='lat' dir='ltr'><strong>ad</strong></span> <span class='ocrx_word' id='word_1_321' title='bbox 2389 1704 2808 1761; x_wconf 86' lang='lat' dir='ltr'><strong>instrumentum</strong></span> <span class='ocrx_word' id='word_1_322' title='bbox 2863 1701 3210 1759; x_wconf 88' lang='lat' dir='ltr'><strong>inimicorum</strong></span> <span class='ocrx_word' id='word_1_323' title='bbox 3241 1703 3431 1776; x_wconf 70' lang='lat' dir='ltr'><strong>gratiae</strong></span> <span class='ocrx_word' id='word_1_324' title='bbox 3462 1704 3591 1772; x_wconf 87' lang='lat' dir='ltr'><strong>Dei,</strong></span> 
     </span>
    </p>
   </div>
   <div class='ocr_carea' id='block_1_46' title="bbox 1915 1796 3038 1868">
    <p class='ocr_par' dir='ltr' id='par_1_46' title="bbox 1915 1796 3038 1868">
     <span class='ocr_line' id='line_1_46' title="bbox 1915 1796 3038 1868; baseline -0.002 -14"><span class='ocrx_word' id='word_1_325' title='bbox 1915 1805 1964 1866; x_wconf 87' lang='grc' dir='ltr'>Β</span> <span class='ocrx_word' id='word_1_326' title='bbox 1995 1799 2154 1854; x_wconf 89' lang='lat' dir='ltr'><strong>talem</strong></span> <span class='ocrx_word' id='word_1_327' title='bbox 2187 1798 2399 1854; x_wconf 92' lang='lat' dir='ltr'><strong>studuit</strong></span> <span class='ocrx_word' id='word_1_328' title='bbox 2432 1798 2679 1868; x_wconf 82' lang='lat' dir='ltr'><strong>proferre</strong></span> <span class='ocrx_word' id='word_1_329' title='bbox 2711 1796 3038 1852; x_wconf 91' lang='lat' dir='ltr'><strong>doctrinam.</strong></span> 
     </span>
    </p>
   </div>
   <div class='ocr_carea' id='block_1_47' title="bbox 2059 1887 3596 1958">
    <p class='ocr_par' dir='ltr' id='par_1_47' title="bbox 2059 1887 3596 1958">
     <span class='ocr_line' id='line_1_47' title="bbox 2059 1887 3596 1958; baseline -0.001 -12"><span class='ocrx_word' id='word_1_330' title='bbox 2059 1892 2116 1946; x_wconf 77' lang='lat'><strong>2.</strong></span> <span class='ocrx_word' id='word_1_331' title='bbox 2157 1902 2180 1925; x_wconf 74' lang='grc' dir='ltr'><strong>ε’</strong></span> <span class='ocrx_word' id='word_1_332' title='bbox 2205 1892 2337 1958; x_wconf 66' lang='lat' dir='ltr'><strong>Quae</strong></span> <span class='ocrx_word' id='word_1_333' title='bbox 2369 1897 2551 1944; x_wconf 87' lang='lat' dir='ltr'><strong>tamen</strong></span> <span class='ocrx_word' id='word_1_334' title='bbox 2580 1891 2724 1945; x_wconf 89' lang='lat' dir='ltr'><strong>inter</strong></span> <span class='ocrx_word' id='word_1_335' title='bbox 2754 1889 2905 1944; x_wconf 88' lang='lat' dir='ltr'><strong>initia</strong></span> <span class='ocrx_word' id='word_1_336' title='bbox 2930 1887 3312 1958; x_wconf 87' lang='lat' dir='ltr'><strong>disputationis</strong></span> <span class='ocrx_word' id='word_1_337' title='bbox 3341 1904 3370 1942; x_wconf 73' lang='grc' dir='ltr'><strong>τι</strong></span> <span class='ocrx_word' id='word_1_338' title='bbox 3396 1887 3596 1946; x_wconf 79' lang='lat' dir='ltr'><strong>verita-</strong></span> 
     </span>
    </p>
   </div>
   <div class='ocr_carea' id='block_1_48' title="bbox 1991 1980 3596 2053">
    <p class='ocr_par' dir='ltr' id='par_1_48' title="bbox 1991 1980 3596 2053">
     <span class='ocr_line' id='line_1_48' title="bbox 1991 1980 3596 2053; baseline 0.001 -17"><span class='ocrx_word' id='word_1_339' title='bbox 1991 1983 2061 2037; x_wconf 90' lang='lat' dir='ltr'><strong>tis</strong></span> <span class='ocrx_word' id='word_1_340' title='bbox 2089 1983 2290 2053; x_wconf 89' lang='lat' dir='ltr'><strong>pietate</strong></span> <span class='ocrx_word' id='word_1_341' title='bbox 2321 1997 2430 2037; x_wconf 92' lang='lat' dir='ltr'><strong>non</strong></span> <span class='ocrx_word' id='word_1_342' title='bbox 2455 1982 2720 2047; x_wconf 87' lang='lat' dir='ltr'><strong>dissonat,</strong></span> <span class='ocrx_word' id='word_1_343' title='bbox 2749 1991 2806 2036; x_wconf 91' lang='lat' dir='ltr'><strong>et</strong></span> <span class='ocrx_word' id='word_1_344' title='bbox 2832 1981 2981 2051; x_wconf 88' lang='lat' dir='ltr'><strong>justo</strong></span> <span class='ocrx_word' id='word_1_345' title='bbox 3005 1980 3264 2036; x_wconf 86' lang='lat' dir='ltr'><strong>honorari</strong></span> <span class='ocrx_word' id='word_1_346' title='bbox 3315 1981 3596 2050; x_wconf 70' lang='lat' dir='ltr'><strong>praeconio</strong></span> 
     </span>
    </p>
   </div>
   <div class='ocr_carea' id='block_1_49' title="bbox 1991 2073 3596 2143">
    <p class='ocr_par' dir='ltr' id='par_1_49' title="bbox 1991 2073 3596 2143">
     <span class='ocr_line' id='line_1_49' title="bbox 1991 2073 3596 2143; baseline 0 -15"><span class='ocrx_word' id='word_1_347' title='bbox 1991 2083 2318 2139; x_wconf 86' lang='lat' dir='ltr'><strong>mereretur,</strong></span> <span class='ocrx_word' id='word_1_348' title='bbox 2369 2074 2470 2128; x_wconf 90' lang='lat' dir='ltr'><strong>nisi</strong></span> <span class='ocrx_word' id='word_1_349' title='bbox 2525 2073 2789 2142; x_wconf 74' lang='lat' dir='ltr'><strong>praecipiti</strong></span> <span class='ocrx_word' id='word_1_350' title='bbox 2822 2073 3126 2143; x_wconf 70' lang='lat' dir='ltr'><strong>Plaevoque</strong></span> <span class='ocrx_word' id='word_1_351' title='bbox 3178 2087 3491 2143; x_wconf 90' lang='lat' dir='ltr'><strong>progressu,</strong></span> <span class='ocrx_word' id='word_1_352' title='bbox 3526 2073 3596 2128; x_wconf 87' lang='lat' dir='ltr'><strong>ab</strong></span> 
     </span>
    </p>
   </div>
   <div class='ocr_carea' id='block_1_50' title="bbox 1991 2164 3596 2236">
    <p class='ocr_par' dir='ltr' id='par_1_50' title="bbox 1991 2164 3596 2236">
     <span class='ocr_line' id='line_1_50' title="bbox 1991 2164 3596 2236; baseline -0.002 -14"><span class='ocrx_word' id='word_1_353' title='bbox 1991 2167 2248 2222; x_wconf 86' lang='lat' dir='ltr'><strong>inchoata</strong></span> <span class='ocrx_word' id='word_1_354' title='bbox 2277 2165 2602 2222; x_wconf 88' lang='lat' dir='ltr'><strong>rectitudine</strong></span> <span class='ocrx_word' id='word_1_355' title='bbox 2632 2166 2894 2222; x_wconf 86' lang='lat' dir='ltr'><strong>deviaret.</strong></span> <span class='ocrx_word' id='word_1_356' title='bbox 2920 2164 3055 2236; x_wconf 74' lang='lat' dir='ltr'><strong>Nam</strong></span> <span class='ocrx_word' id='word_1_357' title='bbox 3084 2173 3209 2236; x_wconf 89' lang='lat' dir='ltr'><strong>post</strong></span> <span class='ocrx_word' id='word_1_358' title='bbox 3231 2165 3596 2234; x_wconf 85' lang='lat' dir='ltr'><strong>comparatio-</strong></span> 
     </span>
    </p>
   </div>
   <div class='ocr_carea' id='block_1_51' title="bbox 1991 2259 3596 2331">
    <p class='ocr_par' dir='ltr' id='par_1_51' title="bbox 1991 2259 3596 2331">
     <span class='ocr_line' id='line_1_51' title="bbox 1991 2259 3596 2331; baseline -0.001 -15"><span class='ocrx_word' id='word_1_359' title='bbox 1991 2275 2119 2316; x_wconf 87' lang='lat' dir='ltr'><strong>nem</strong></span> <span class='ocrx_word' id='word_1_360' title='bbox 2161 2259 2436 2331; x_wconf 71' lang='lat' dir='ltr'><strong>agricolte,</strong></span> <span class='ocrx_word' id='word_1_361' title='bbox 2468 2271 2496 2310; x_wconf 71' lang='grc' dir='ltr'><strong>σι</strong></span> <span class='ocrx_word' id='word_1_362' title='bbox 2528 2259 2615 2316; x_wconf 92' lang='lat' dir='ltr'><strong>cui</strong></span> <span class='ocrx_word' id='word_1_363' title='bbox 2668 2261 2903 2316; x_wconf 83' lang='lat' dir='ltr'><strong>formam</strong></span> <span class='ocrx_word' id='word_1_364' title='bbox 2953 2261 3055 2316; x_wconf 86' lang='lat' dir='ltr'><strong>sub</strong></span> <span class='ocrx_word' id='word_1_365' title='bbox 3081 2259 3252 2330; x_wconf 88' lang='lat' dir='ltr'><strong>gratia</strong></span> <span class='ocrx_word' id='word_1_366' title='bbox 3296 2274 3360 2314; x_wconf 89' lang='lat' dir='ltr'><strong>ac</strong></span> <span class='ocrx_word' id='word_1_367' title='bbox 3387 2259 3491 2316; x_wconf 86' lang='lat' dir='ltr'><strong>tide</strong></span> <span class='ocrx_word' id='word_1_368' title='bbox 3514 2259 3596 2315; x_wconf 86' lang='lat' dir='ltr'><strong>vi-</strong></span> 
     </span>
    </p>
   </div>
   <div class='ocr_carea' id='block_1_52' title="bbox 1992 2350 3594 2422">
    <p class='ocr_par' dir='ltr' id='par_1_52' title="bbox 1992 2350 3594 2422">
     <span class='ocr_line' id='line_1_52' title="bbox 1992 2350 3594 2422; baseline -0.001 -15"><span class='ocrx_word' id='word_1_369' title='bbox 1992 2352 2172 2408; x_wconf 89' lang='lat' dir='ltr'><strong>ventis</strong></span> <span class='ocrx_word' id='word_1_370' title='bbox 2203 2352 2438 2422; x_wconf 88' lang='lat' dir='ltr'><strong>aptavit,</strong></span> <span class='ocrx_word' id='word_1_371' title='bbox 2487 2359 2543 2407; x_wconf 88' lang='lat' dir='ltr'><strong>et</strong></span> <span class='ocrx_word' id='word_1_372' title='bbox 2572 2351 2728 2422; x_wconf 84' lang='lat' dir='ltr'><strong>cujus</strong></span> <span class='ocrx_word' id='word_1_373' title='bbox 2777 2352 3172 2407; x_wconf 80' lang='lat' dir='ltr'><strong>infructuosum</strong></span> <span class='ocrx_word' id='word_1_374' title='bbox 3201 2365 3322 2407; x_wconf 87' lang='lat' dir='ltr'><strong>esse</strong></span> <span class='ocrx_word' id='word_1_375' title='bbox 3353 2350 3490 2407; x_wconf 89' lang='lat' dir='ltr'><strong>dixit</strong></span> <span class='ocrx_word' id='word_1_376' title='bbox 3515 2351 3594 2406; x_wconf 80' lang='lat' dir='ltr'><strong>la-</strong></span> 
     </span>
    </p>
   </div>
   <div class='ocr_carea' id='block_1_53' title="bbox 1992 2445 3597 2516">
    <p class='ocr_par' dir='ltr' id='par_1_53' title="bbox 1992 2445 3597 2516">
     <span class='ocr_line' id='line_1_53' title="bbox 1992 2445 3597 2516; baseline -0.001 -15"><span class='ocrx_word' id='word_1_377' title='bbox 1992 2446 2206 2514; x_wconf 90' lang='lat' dir='ltr'><strong>borem,</strong></span> <span class='ocrx_word' id='word_1_378' title='bbox 2243 2445 2350 2500; x_wconf 89' lang='lat' dir='ltr'><strong>nisi</strong></span> <span class='ocrx_word' id='word_1_379' title='bbox 2377 2461 2474 2516; x_wconf 90' lang='lat' dir='ltr'><strong>per</strong></span> <span class='ocrx_word' id='word_1_380' title='bbox 2523 2447 2707 2501; x_wconf 91' lang='lat' dir='ltr'><strong>omnia</strong></span> <span class='ocrx_word' id='word_1_381' title='bbox 2746 2446 2840 2501; x_wconf 90' lang='lat' dir='ltr'><strong>Dei</strong></span> <span class='ocrx_word' id='word_1_382' title='bbox 2869 2445 3388 2516; x_wconf 83' lang='lat' dir='ltr'><strong>auxiliojuvaretur,</strong></span> <span class='ocrx_word' id='word_1_383' title='bbox 3415 2445 3597 2500; x_wconf 90' lang='lat' dir='ltr'><strong>intulit</strong></span> 
     </span>
    </p>
   </div>
   <div class='ocr_carea' id='block_1_54' title="bbox 1993 2539 3596 2607">
    <p class='ocr_par' dir='ltr' id='par_1_54' title="bbox 1993 2539 3596 2607">
     <span class='ocr_line' id='line_1_54' title="bbox 1993 2539 3596 2607; baseline -0.001 -13"><span class='ocrx_word' id='word_1_384' title='bbox 1993 2539 2369 2595; x_wconf 79' lang='lat' dir='ltr'><strong>deﬁnitionem</strong></span> <span class='ocrx_word' id='word_1_385' title='bbox 2406 2550 2428 2577; x_wconf 71' lang='grc' dir='ltr'><strong>τ</strong></span> <span class='ocrx_word' id='word_1_386' title='bbox 2463 2539 2969 2607; x_wconf 88' lang='lat' dir='ltr'><strong>catholicissimam,</strong></span> <span class='ocrx_word' id='word_1_387' title='bbox 2999 2539 3226 2595; x_wconf 90' lang='lat' dir='ltr'><strong>dicens:</strong></span> <span class='ocrx_word' id='word_1_388' title='bbox 3259 2539 3458 2606; x_wconf 82' lang='lat' dir='ltr'><strong>Quibus</strong></span> <span class='ocrx_word' id='word_1_389' title='bbox 3483 2555 3596 2593; x_wconf 86' lang='lat' dir='ltr'><strong>ma-</strong></span> 
     </span>
    </p>
   </div>
   <div class='ocr_carea' id='block_1_55' title="bbox 1994 2626 3694 2701">
    <p class='ocr_par' dir='ltr' id='par_1_55' title="bbox 1994 2626 3694 2701">
     <span class='ocr_line' id='line_1_55' title="bbox 1994 2626 3694 2701; baseline -0.001 -17"><span class='ocrx_word' id='word_1_390' title='bbox 1994 2631 2180 2699; x_wconf 74' lang='lat' dir='ltr'><strong>nifeste</strong></span> <span class='ocrx_word' id='word_1_391' title='bbox 2225 2631 2512 2701; x_wconf 87' lang='lat' dir='ltr'><strong>colligitur,</strong></span> <span class='ocrx_word' id='word_1_392' title='bbox 2571 2647 2677 2684; x_wconf 87' lang='lat' dir='ltr'><strong>non</strong></span> <span class='ocrx_word' id='word_1_393' title='bbox 2726 2630 2896 2684; x_wconf 86' lang='lat' dir='ltr'><strong>solum</strong></span> <span class='ocrx_word' id='word_1_394' title='bbox 2949 2640 3181 2697; x_wconf 87' lang='lat' dir='ltr'><strong>actuum,</strong></span> <span class='ocrx_word' id='word_1_395' title='bbox 3223 2645 3398 2684; x_wconf 71' lang='lat' dir='ltr'><strong>verum</strong></span> <span class='ocrx_word' id='word_1_396' title='bbox 3435 2630 3591 2683; x_wconf 88' lang='lat' dir='ltr'><strong>etiam</strong></span> <span class='ocrx_word' id='word_1_397' title='bbox 3691 2626 3694 2630; x_wconf 78' lang='grc'><em>’</em></span> 
     </span>
    </p>
   </div>
   <div class='ocr_carea' id='block_1_56' title="bbox 1997 2723 3595 2796">
    <p class='ocr_par' dir='ltr' id='par_1_56' title="bbox 1997 2723 3595 2796">
     <span class='ocr_line' id='line_1_56' title="bbox 1997 2723 3595 2796; baseline 0 -18"><span class='ocrx_word' id='word_1_398' title='bbox 1997 2725 2374 2796; x_wconf 85' lang='lat' dir='ltr'><strong>cogitationum</strong></span> <span class='ocrx_word' id='word_1_399' title='bbox 2404 2723 2657 2778; x_wconf 84' lang='lat' dir='ltr'><strong>bonarum</strong></span> <span class='ocrx_word' id='word_1_400' title='bbox 2686 2740 2750 2778; x_wconf 79' lang='lat' dir='ltr'><strong>ea:</strong></span> <span class='ocrx_word' id='word_1_401' title='bbox 2778 2723 2890 2778; x_wconf 89' lang='lat' dir='ltr'><strong>Deo</strong></span> <span class='ocrx_word' id='word_1_402' title='bbox 2940 2741 3050 2779; x_wconf 90' lang='lat' dir='ltr'><strong>esse</strong></span> <span class='ocrx_word' id='word_1_403' title='bbox 3081 2734 3104 2762; x_wconf 78' lang='grc'><strong><em>³</em></strong></span> <span class='ocrx_word' id='word_1_404' title='bbox 3135 2724 3479 2795; x_wconf 84' lang='lat' dir='ltr'><strong>principium:</strong></span> <span class='ocrx_word' id='word_1_405' title='bbox 3506 2725 3595 2794; x_wconf 86' lang='lat' dir='ltr'><strong>qui</strong></span> 
     </span>
    </p>
   </div>
   <div class='ocr_carea' id='block_1_57' title="bbox 1996 2815 3596 2887">
    <p class='ocr_par' dir='ltr' id='par_1_57' title="bbox 1996 2815 3596 2887">
     <span class='ocr_line' id='line_1_57' title="bbox 1996 2815 3596 2887; baseline -0.001 -17"><span class='ocrx_word' id='word_1_406' title='bbox 1996 2818 2142 2871; x_wconf 87' lang='lat' dir='ltr'><strong>nobis</strong></span> <span class='ocrx_word' id='word_1_407' title='bbox 2167 2825 2214 2870; x_wconf 91' lang='lat' dir='ltr'><strong>et</strong></span> <span class='ocrx_word' id='word_1_408' title='bbox 2255 2817 2408 2870; x_wconf 87' lang='lat' dir='ltr'><strong>initia</strong></span> <span class='ocrx_word' id='word_1_409' title='bbox 2457 2826 2650 2871; x_wconf 72' lang='lat' dir='ltr'><strong>sancta:</strong></span> <span class='ocrx_word' id='word_1_410' title='bbox 2674 2815 2956 2871; x_wconf 84' lang='lat' dir='ltr'><strong>voluntatis</strong></span> <span class='ocrx_word' id='word_1_411' title='bbox 2996 2816 3240 2887; x_wconf 82' lang='lat' dir='ltr'><strong>inspirat,</strong></span> <span class='ocrx_word' id='word_1_412' title='bbox 3270 2825 3316 2869; x_wconf 91' lang='lat' dir='ltr'><strong>et</strong></span> <span class='ocrx_word' id='word_1_413' title='bbox 3356 2815 3596 2870; x_wconf 80' lang='lat' dir='ltr'><strong>virtutem</strong></span> 
     </span>
    </p>
   </div>
   <div class='ocr_carea' id='block_1_58' title="bbox 2002 2906 3596 2980">
    <p class='ocr_par' dir='ltr' id='par_1_58' title="bbox 2002 2906 3596 2980">
     <span class='ocr_line' id='line_1_58' title="bbox 2002 2906 3596 2980; baseline -0.001 -19"><span class='ocrx_word' id='word_1_414' title='bbox 2002 2917 2152 2979; x_wconf 89' lang='lat' dir='ltr'><strong>atque</strong></span> <span class='ocrx_word' id='word_1_415' title='bbox 2177 2909 2613 2980; x_wconf 78' lang='lat' dir='ltr'><strong>Opportunitatem</strong></span> <span class='ocrx_word' id='word_1_416' title='bbox 2634 2923 2808 2963; x_wconf 90' lang='lat' dir='ltr'><strong>eorum</strong></span> <span class='ocrx_word' id='word_1_417' title='bbox 2830 2923 2946 2980; x_wconf 65' lang='lat' dir='ltr'><strong>qua</strong></span> <span class='ocrx_word' id='word_1_418' title='bbox 2966 2920 3100 2963; x_wconf 89' lang='lat' dir='ltr'><strong>recte</strong></span> <span class='ocrx_word' id='word_1_419' title='bbox 3127 2909 3383 2979; x_wconf 86' lang='lat' dir='ltr'><strong>cupimus,</strong></span> <span class='ocrx_word' id='word_1_420' title='bbox 3418 2906 3596 2962; x_wconf 84' lang='lat' dir='ltr'><strong>tribuit</strong></span> 
     </span>
    </p>
   </div>
   <div class='ocr_carea' id='block_1_59' title="bbox 1998 2999 3594 3074">
    <p class='ocr_par' dir='ltr' id='par_1_59' title="bbox 1998 2999 3594 3074">
     <span class='ocr_line' id='line_1_59' title="bbox 1998 2999 3594 3074; baseline -0.002 -18"><span class='ocrx_word' id='word_1_421' title='bbox 1998 3001 2280 3074; x_wconf 82' lang='lat' dir='ltr'><strong>peragendi</strong></span> <span class='ocrx_word' id='word_1_422' title='bbox 2304 3001 2514 3069; x_wconf 75' lang='lat' dir='ltr'><strong>(Iacob.</strong></span> <span class='ocrx_word' id='word_1_423' title='bbox 2541 3018 2580 3069; x_wconf 84' lang='grc' dir='ltr'><strong>ι,</strong></span> <span class='ocrx_word' id='word_1_424' title='bbox 2616 3002 2726 3068; x_wconf 78' lang='grc'><strong>17).</strong></span> <span class='ocrx_word' id='word_1_425' title='bbox 2759 2999 2923 3056; x_wconf 88' lang='lat' dir='ltr'><strong>Omne</strong></span> <span class='ocrx_word' id='word_1_426' title='bbox 2969 3003 3103 3056; x_wconf 88' lang='lat' dir='ltr'><strong>enim</strong></span> <span class='ocrx_word' id='word_1_427' title='bbox 3127 3000 3309 3055; x_wconf 89' lang='lat' dir='ltr'><strong>datum</strong></span> <span class='ocrx_word' id='word_1_428' title='bbox 3340 3001 3527 3055; x_wconf 86' lang='lat' dir='ltr'><strong>bonum</strong></span> <span class='ocrx_word' id='word_1_429' title='bbox 3544 3007 3594 3054; x_wconf 90' lang='lat' dir='ltr'><strong>et</strong></span> 
     </span>
    </p>
   </div>
   <div class='ocr_carea' id='block_1_60' title="bbox 1998 3091 3595 3166">
    <p class='ocr_par' dir='ltr' id='par_1_60' title="bbox 1998 3091 3595 3166">
     <span class='ocr_line' id='line_1_60' title="bbox 1998 3091 3595 3166; baseline -0.002 -18"><span class='ocrx_word' id='word_1_430' title='bbox 1998 3111 2146 3149; x_wconf 90' lang='lat' dir='ltr'><strong>omne</strong></span> <span class='ocrx_word' id='word_1_431' title='bbox 2217 3095 2413 3149; x_wconf 86' lang='lat' dir='ltr'><strong>donum</strong></span> <span class='ocrx_word' id='word_1_432' title='bbox 2480 3095 2762 3166; x_wconf 79' lang='lat' dir='ltr'><strong>perfectum</strong></span> <span class='ocrx_word' id='word_1_433' title='bbox 2802 3094 3070 3148; x_wconf 85' lang='lat' dir='ltr'><strong>desursum</strong></span> <span class='ocrx_word' id='word_1_434' title='bbox 3121 3103 3236 3159; x_wconf 90' lang='lat' dir='ltr'><strong>est,</strong></span> <span class='ocrx_word' id='word_1_435' title='bbox 3281 3091 3595 3147; x_wconf 84' lang='lat' dir='ltr'><strong>descendens</strong></span> 
     </span>
    </p>
   </div>
   <div class='ocr_carea' id='block_1_61' title="bbox 292 3186 3596 3264">
    <p class='ocr_par' dir='ltr' id='par_1_61' title="bbox 292 3186 3596 3264">
     <span class='ocr_line' id='line_1_61' title="bbox 292 3186 3596 3264; baseline -0.002 -20"><span class='ocrx_word' id='word_1_436' title='bbox 292 3189 640 3260; x_wconf 85' lang='lat' dir='ltr'><strong>potissimum</strong></span> <span class='ocrx_word' id='word_1_437' title='bbox 679 3187 1054 3254; x_wconf 80' lang='lat' dir='ltr'><strong>deﬁnitiones,</strong></span> <span class='ocrx_word' id='word_1_438' title='bbox 1081 3203 1242 3259; x_wconf 90' lang='lat' dir='ltr'><strong>quem</strong></span> <span class='ocrx_word' id='word_1_439' title='bbox 1275 3205 1382 3244; x_wconf 91' lang='lat' dir='ltr'><strong>non</strong></span> <span class='ocrx_word' id='word_1_440' title='bbox 1426 3188 1653 3244; x_wconf 90' lang='lat' dir='ltr'><strong>dubium</strong></span> <span class='ocrx_word' id='word_1_441' title='bbox 1684 3199 1765 3244; x_wconf 91' lang='lat' dir='ltr'><strong>est</strong></span> <span class='ocrx_word' id='word_1_442' title='bbox 1792 3190 1898 3245; x_wconf 88' lang='lat' dir='ltr'><strong>illis</strong></span> <span class='ocrx_word' id='word_1_443' title='bbox 1926 3200 1973 3264; x_wconf 72' lang='grc' dir='ltr'>ο</span> <span class='ocrx_word' id='word_1_444' title='bbox 2002 3207 2035 3243; x_wconf 89' lang='lat' dir='ltr'><strong>a</strong></span> <span class='ocrx_word' id='word_1_445' title='bbox 2061 3188 2220 3244; x_wconf 85' lang='lat' dir='ltr'><strong>Patre</strong></span> <span class='ocrx_word' id='word_1_446' title='bbox 2243 3188 2536 3243; x_wconf 85' lang='lat' dir='ltr'><strong>luminum:</strong></span> <span class='ocrx_word' id='word_1_447' title='bbox 2565 3189 2654 3259; x_wconf 87' lang='lat' dir='ltr'><strong>qui</strong></span> <span class='ocrx_word' id='word_1_448' title='bbox 2675 3197 2722 3242; x_wconf 92' lang='lat' dir='ltr'><strong>et</strong></span> <span class='ocrx_word' id='word_1_449' title='bbox 2746 3189 2926 3257; x_wconf 86' lang='lat' dir='ltr'><strong>incipit</strong></span> <span class='ocrx_word' id='word_1_450' title='bbox 2946 3203 3062 3258; x_wconf 66' lang='lat' dir='ltr'><strong>quae</strong></span> <span class='ocrx_word' id='word_1_451' title='bbox 3105 3186 3236 3240; x_wconf 86' lang='lat' dir='ltr'><strong>bona</strong></span> <span class='ocrx_word' id='word_1_452' title='bbox 3266 3194 3408 3249; x_wconf 88' lang='lat' dir='ltr'><strong>sunt,</strong></span> <span class='ocrx_word' id='word_1_453' title='bbox 3439 3194 3484 3238; x_wconf 92' lang='lat' dir='ltr'><strong>et</strong></span> <span class='ocrx_word' id='word_1_454' title='bbox 3505 3197 3596 3238; x_wconf 81' lang='lat' dir='ltr'><strong>ea:-</strong></span> 
     </span>
    </p>
   </div>
   <div class='ocr_carea' id='block_1_62' title="bbox 293 3279 1883 3351">
    <p class='ocr_par' dir='ltr' id='par_1_62' title="bbox 293 3279 1883 3351">
     <span class='ocr_line' id='line_1_62' title="bbox 293 3279 1883 3351; baseline 0 -15"><span class='ocrx_word' id='word_1_455' title='bbox 293 3281 554 3337; x_wconf 84' lang='lat' dir='ltr'><strong>omnibus</strong></span> <span class='ocrx_word' id='word_1_456' title='bbox 585 3280 640 3335; x_wconf 91' lang='lat' dir='ltr'><strong>in</strong></span> <span class='ocrx_word' id='word_1_457' title='bbox 666 3288 978 3336; x_wconf 89' lang='lat' dir='ltr'><strong>sanctarum</strong></span> <span class='ocrx_word' id='word_1_458' title='bbox 1007 3279 1416 3351; x_wconf 88' lang='lat' dir='ltr'><strong>Scripturarum</strong></span> <span class='ocrx_word' id='word_1_459' title='bbox 1447 3280 1629 3336; x_wconf 87' lang='lat' dir='ltr'><strong>studio</strong></span> <span class='ocrx_word' id='word_1_460' title='bbox 1658 3289 1883 3351; x_wconf 77' lang='lat' dir='ltr'><strong>praesta-</strong></span> 
     </span>
    </p>
   </div>
   <div class='ocr_carea' id='block_1_63' title="bbox 369 3419 1899 3492">
    <p class='ocr_par' dir='ltr' id='par_1_63' title="bbox 369 3419 1899 3492">
     <span class='ocr_line' id='line_1_63' title="bbox 369 3419 1899 3492; baseline -0.001 -17"><span class='ocrx_word' id='word_1_461' title='bbox 369 3431 395 3459; x_wconf 71' lang='grc' dir='ltr'><strong>ε</strong></span> <span class='ocrx_word' id='word_1_462' title='bbox 426 3420 628 3491; x_wconf 87' lang='lat' dir='ltr'><strong>Lugd.,</strong></span> <span class='ocrx_word' id='word_1_463' title='bbox 659 3419 894 3486; x_wconf 87' lang='lat' dir='ltr'><strong>Lovan.,</strong></span> <span class='ocrx_word' id='word_1_464' title='bbox 923 3419 1096 3492; x_wconf 72' lang='lat' dir='ltr'><strong>Duae.</strong></span> <span class='ocrx_word' id='word_1_465' title='bbox 1129 3427 1182 3492; x_wconf 87' lang='lat' dir='ltr'><strong>et</strong></span> <span class='ocrx_word' id='word_1_466' title='bbox 1207 3419 1600 3492; x_wconf 87' lang='lat' dir='ltr'><strong>Colon.,quasi</strong></span> <span class='ocrx_word' id='word_1_467' title='bbox 1635 3419 1899 3492; x_wconf 66' lang='lat' dir='ltr'><strong>defetici-</strong></span> 
     </span>
    </p>
   </div>
   <div class='ocr_carea' id='block_1_64' title="bbox 299 3490 1903 3561">
    <p class='ocr_par' dir='ltr' id='par_1_64' title="bbox 299 3490 1903 3561">
     <span class='ocr_line' id='line_1_64' title="bbox 299 3490 1903 3561; baseline -0.001 -16"><span class='ocrx_word' id='word_1_468' title='bbox 299 3502 402 3547; x_wconf 87' lang='lat' dir='ltr'><strong>tate</strong></span> <span class='ocrx_word' id='word_1_469' title='bbox 426 3490 616 3547; x_wconf 65' lang='lat' dir='ltr'><strong>nostra:</strong></span> <span class='ocrx_word' id='word_1_470' title='bbox 642 3492 890 3545; x_wconf 64' lang='lat' dir='ltr'><strong>uictoria.</strong></span> <span class='ocrx_word' id='word_1_471' title='bbox 921 3490 1023 3546; x_wconf 85' lang='lat' dir='ltr'><strong>Ms.</strong></span> <span class='ocrx_word' id='word_1_472' title='bbox 1049 3491 1305 3547; x_wconf 83' lang='lat' dir='ltr'><strong>Joliensis</strong></span> <span class='ocrx_word' id='word_1_473' title='bbox 1334 3491 1554 3556; x_wconf 89' lang='lat' dir='ltr'><strong>omittit,</strong></span> <span class='ocrx_word' id='word_1_474' title='bbox 1579 3490 1744 3561; x_wconf 82' lang='lat' dir='ltr'><strong>quasi.</strong></span> <span class='ocrx_word' id='word_1_475' title='bbox 1775 3491 1903 3544; x_wconf 84' lang='lat' dir='ltr'><strong>Edi-</strong></span> 
     </span>
    </p>
   </div>
   <div class='ocr_carea' id='block_1_65' title="bbox 301 3562 1904 3632">
    <p class='ocr_par' dir='ltr' id='par_1_65' title="bbox 301 3562 1904 3632">
     <span class='ocr_line' id='line_1_65' title="bbox 301 3562 1904 3632; baseline -0.001 -14"><span class='ocrx_word' id='word_1_476' title='bbox 301 3568 378 3619; x_wconf 91' lang='lat' dir='ltr'><strong>tio</strong></span> <span class='ocrx_word' id='word_1_477' title='bbox 405 3579 538 3618; x_wconf 87' lang='lat' dir='ltr'><strong>vero</strong></span> <span class='ocrx_word' id='word_1_478' title='bbox 570 3562 814 3632; x_wconf 89' lang='lat' dir='ltr'><strong>Mogunt.</strong></span> <span class='ocrx_word' id='word_1_479' title='bbox 848 3572 1164 3631; x_wconf 89' lang='lat' dir='ltr'><strong>sequentem</strong></span> <span class='ocrx_word' id='word_1_480' title='bbox 1204 3565 1526 3618; x_wconf 88' lang='lat' dir='ltr'><strong>sententiam</strong></span> <span class='ocrx_word' id='word_1_481' title='bbox 1556 3576 1677 3616; x_wconf 91' lang='lat' dir='ltr'><strong>cum</strong></span> <span class='ocrx_word' id='word_1_482' title='bbox 1702 3577 1904 3630; x_wconf 64' lang='lat' dir='ltr'><strong>praece-</strong></span> 
     </span>
    </p>
   </div>
   <div class='ocr_carea' id='block_1_66' title="bbox 299 3633 1901 3701">
    <p class='ocr_par' dir='ltr' id='par_1_66' title="bbox 299 3633 1901 3701">
     <span class='ocr_line' id='line_1_66' title="bbox 299 3633 1901 3701; baseline -0.002 -11"><span class='ocrx_word' id='word_1_483' title='bbox 299 3638 486 3701; x_wconf 89' lang='lat' dir='ltr'><strong>dente,</strong></span> <span class='ocrx_word' id='word_1_484' title='bbox 508 3649 612 3689; x_wconf 89' lang='lat' dir='ltr'><strong>ceu</strong></span> <span class='ocrx_word' id='word_1_485' title='bbox 654 3639 762 3689; x_wconf 89' lang='lat' dir='ltr'><strong>duo</strong></span> <span class='ocrx_word' id='word_1_486' title='bbox 803 3634 964 3688; x_wconf 91' lang='lat' dir='ltr'><strong>unius</strong></span> <span class='ocrx_word' id='word_1_487' title='bbox 993 3633 1280 3688; x_wconf 72' lang='lat' dir='ltr'><strong>sententia:</strong></span> <span class='ocrx_word' id='word_1_488' title='bbox 1310 3634 1574 3695; x_wconf 85' lang='lat' dir='ltr'><strong>membra,</strong></span> <span class='ocrx_word' id='word_1_489' title='bbox 1603 3633 1901 3697; x_wconf 90' lang='lat' dir='ltr'><strong>connectit,</strong></span> 
     </span>
    </p>
   </div>
   <div class='ocr_carea' id='block_1_67' title="bbox 299 3705 1899 3773">
    <p class='ocr_par' dir='ltr' id='par_1_67' title="bbox 299 3705 1899 3773">
     <span class='ocr_line' id='line_1_67' title="bbox 299 3705 1899 3773; baseline -0.001 -16"><span class='ocrx_word' id='word_1_490' title='bbox 299 3717 356 3760; x_wconf 78' lang='lat' dir='ltr'><strong>et</strong></span> <span class='ocrx_word' id='word_1_491' title='bbox 386 3709 509 3760; x_wconf 88' lang='lat' dir='ltr'><strong>loco</strong></span> <span class='ocrx_word' id='word_1_492' title='bbox 536 3716 852 3773; x_wconf 59' lang='lat' dir='ltr'><strong>querantur.</strong></span> <span class='ocrx_word' id='word_1_493' title='bbox 869 3713 1103 3770; x_wconf 86' lang='lat' dir='ltr'><strong>arment;</strong></span> <span class='ocrx_word' id='word_1_494' title='bbox 1133 3705 1312 3772; x_wconf 85' lang='lat' dir='ltr'><strong>habet,</strong></span> <span class='ocrx_word' id='word_1_495' title='bbox 1341 3713 1646 3773; x_wconf 87' lang='lat' dir='ltr'><strong>queruntur,</strong></span> <span class='ocrx_word' id='word_1_496' title='bbox 1676 3713 1899 3757; x_wconf 85' lang='lat' dir='ltr'><strong>armant.</strong></span> 
     </span>
    </p>
   </div>
   <div class='ocr_carea' id='block_1_68' title="bbox 307 3772 1903 3845">
    <p class='ocr_par' dir='ltr' id='par_1_68' title="bbox 307 3772 1903 3845">
     <span class='ocr_line' id='line_1_68' title="bbox 307 3772 1903 3845; baseline -0.004 -12"><span class='ocrx_word' id='word_1_497' title='bbox 307 3777 457 3833; x_wconf 88' lang='lat' dir='ltr'><strong>ldem</strong></span> <span class='ocrx_word' id='word_1_498' title='bbox 481 3775 704 3831; x_wconf 79' lang='lat' dir='ltr'><strong>exhibet</strong></span> <span class='ocrx_word' id='word_1_499' title='bbox 730 3785 786 3830; x_wconf 91' lang='lat' dir='ltr'><strong>et</strong></span> <span class='ocrx_word' id='word_1_500' title='bbox 812 3772 1020 3830; x_wconf 79' lang='lat' dir='ltr'><strong>Veneta</strong></span> <span class='ocrx_word' id='word_1_501' title='bbox 1047 3775 1254 3832; x_wconf 86' lang='lat' dir='ltr'><strong>editio:</strong></span> <span class='ocrx_word' id='word_1_502' title='bbox 1289 3772 1590 3830; x_wconf 40' lang='lat' dir='ltr'><strong>at&#39;sensum</strong></span> <span class='ocrx_word' id='word_1_503' title='bbox 1615 3775 1772 3845; x_wconf 85' lang='lat' dir='ltr'><strong>hujus</strong></span> <span class='ocrx_word' id='word_1_504' title='bbox 1799 3775 1903 3829; x_wconf 90' lang='lat' dir='ltr'><strong>loci</strong></span> 
     </span>
    </p>
   </div>
   <div class='ocr_carea' id='block_1_69' title="bbox 306 3845 1904 3920">
    <p class='ocr_par' dir='ltr' id='par_1_69' title="bbox 306 3845 1904 3920">
     <span class='ocr_line' id='line_1_69' title="bbox 306 3845 1904 3920; baseline -0.003 -16"><span class='ocrx_word' id='word_1_505' title='bbox 306 3865 336 3904; x_wconf 87' lang='lat' dir='ltr'><strong>a</strong></span> <span class='ocrx_word' id='word_1_506' title='bbox 358 3847 797 3920; x_wconf 67' lang='lat' dir='ltr'><strong>praecedentibus</strong></span> <span class='ocrx_word' id='word_1_507' title='bbox 849 3846 1128 3917; x_wconf 87' lang='lat' dir='ltr'><strong>distinguit</strong></span> <span class='ocrx_word' id='word_1_508' title='bbox 1157 3855 1366 3903; x_wconf 87' lang='lat' dir='ltr'><strong>comate</strong></span> <span class='ocrx_word' id='word_1_509' title='bbox 1403 3857 1457 3902; x_wconf 87' lang='lat' dir='ltr'><strong>et</strong></span> <span class='ocrx_word' id='word_1_510' title='bbox 1487 3845 1680 3915; x_wconf 85' lang='lat' dir='ltr'><strong>majori</strong></span> <span class='ocrx_word' id='word_1_511' title='bbox 1726 3846 1904 3900; x_wconf 87' lang='lat' dir='ltr'><strong>littera</strong></span> 
     </span>
    </p>
   </div>
   <div class='ocr_carea' id='block_1_70' title="bbox 307 3919 770 3989">
    <p class='ocr_par' dir='ltr' id='par_1_70' title="bbox 307 3919 770 3989">
     <span class='ocr_line' id='line_1_70' title="bbox 307 3919 770 3989; baseline -0.009 -14"><span class='ocrx_word' id='word_1_512' title='bbox 307 3919 468 3975; x_wconf 88' lang='lat' dir='ltr'><strong>initio</strong></span> <span class='ocrx_word' id='word_1_513' title='bbox 502 3919 770 3989; x_wconf 86' lang='lat' dir='ltr'><strong>apposita.</strong></span> 
     </span>
    </p>
   </div>
   <div class='ocr_carea' id='block_1_71' title="bbox 376 3987 1898 4060">
    <p class='ocr_par' dir='ltr' id='par_1_71' title="bbox 376 3987 1898 4060">
     <span class='ocr_line' id='line_1_71' title="bbox 376 3987 1898 4060; baseline -0.003 -15"><span class='ocrx_word' id='word_1_514' title='bbox 376 3990 405 4030; x_wconf 67' lang='grc' dir='ltr'>δ</span> <span class='ocrx_word' id='word_1_515' title='bbox 433 3987 628 4060; x_wconf 66' lang='lat' dir='ltr'><strong>Lugd,</strong></span> <span class='ocrx_word' id='word_1_516' title='bbox 662 3989 906 4060; x_wconf 85' lang='lat' dir='ltr'><strong>Lovan.,</strong></span> <span class='ocrx_word' id='word_1_517' title='bbox 937 3988 1106 4046; x_wconf 89' lang='lat' dir='ltr'><strong>Duac.</strong></span> <span class='ocrx_word' id='word_1_518' title='bbox 1131 3987 1412 4051; x_wconf 89' lang='lat' dir='ltr'><strong>etColon.,</strong></span> <span class='ocrx_word' id='word_1_519' title='bbox 1443 4005 1503 4042; x_wconf 89' lang='lat' dir='ltr'><strong>ac</strong></span> <span class='ocrx_word' id='word_1_520' title='bbox 1530 3987 1898 4060; x_wconf 54' lang='lat' dir='ltr'><strong>participem...</strong></span> 
     </span>
    </p>
   </div>
   <div class='ocr_carea' id='block_1_72' title="bbox 306 4058 1901 4134">
    <p class='ocr_par' dir='ltr' id='par_1_72' title="bbox 306 4058 1901 4134">
     <span class='ocr_line' id='line_1_72' title="bbox 306 4058 1901 4134; baseline -0.004 -18"><span class='ocrx_word' id='word_1_521' title='bbox 306 4058 600 4134; x_wconf 74' lang='lat' dir='ltr'><strong>defensam.</strong></span> <span class='ocrx_word' id='word_1_522' title='bbox 625 4059 727 4134; x_wconf 87' lang='lat' dir='ltr'><strong>Ms.</strong></span> <span class='ocrx_word' id='word_1_523' title='bbox 755 4060 863 4114; x_wconf 83' lang='lat' dir='ltr'><strong>Jul.</strong></span> <span class='ocrx_word' id='word_1_524' title='bbox 887 4070 941 4116; x_wconf 90' lang='lat' dir='ltr'><strong>et</strong></span> <span class='ocrx_word' id='word_1_525' title='bbox 968 4062 1155 4130; x_wconf 88' lang='lat' dir='ltr'><strong>Corb.,</strong></span> <span class='ocrx_word' id='word_1_526' title='bbox 1173 4059 1308 4131; x_wconf 90' lang='lat' dir='ltr'><strong>Aug.</strong></span> <span class='ocrx_word' id='word_1_527' title='bbox 1327 4060 1486 4126; x_wconf 89' lang='lat' dir='ltr'><strong>edit.,</strong></span> <span class='ocrx_word' id='word_1_528' title='bbox 1503 4060 1636 4115; x_wconf 87' lang='lat' dir='ltr'><strong>edit.</strong></span> <span class='ocrx_word' id='word_1_529' title='bbox 1662 4058 1901 4127; x_wconf 77' lang='lat' dir='ltr'><strong>Mogunt.</strong></span> 
     </span>
    </p>
   </div>
   <div class='ocr_carea' id='block_1_73' title="bbox 305 4133 910 4189">
    <p class='ocr_par' dir='ltr' id='par_1_73' title="bbox 305 4133 910 4189">
     <span class='ocr_line' id='line_1_73' title="bbox 305 4133 910 4189; baseline -0.008 0"><span class='ocrx_word' id='word_1_530' title='bbox 305 4133 379 4189; x_wconf 84' lang='lat' dir='ltr'><strong>et</strong></span> <span class='ocrx_word' id='word_1_531' title='bbox 402 4134 536 4187; x_wconf 82' lang='lat' dir='ltr'><strong>Ven.</strong></span> <span class='ocrx_word' id='word_1_532' title='bbox 569 4142 625 4185; x_wconf 92' lang='lat' dir='ltr'><strong>ut</strong></span> <span class='ocrx_word' id='word_1_533' title='bbox 656 4133 710 4186; x_wconf 85' lang='lat' dir='ltr'><strong>in</strong></span> <span class='ocrx_word' id='word_1_534' title='bbox 742 4139 910 4186; x_wconf 84' lang='lat' dir='ltr'><strong>textu.</strong></span> 
     </span>
    </p>
   </div>
   <div class='ocr_carea' id='block_1_74' title="bbox 384 4199 1908 4273">
    <p class='ocr_par' dir='ltr' id='par_1_74' title="bbox 384 4199 1908 4273">
     <span class='ocr_line' id='line_1_74' title="bbox 384 4199 1908 4273; baseline -0.004 -13"><span class='ocrx_word' id='word_1_535' title='bbox 384 4216 408 4242; x_wconf 71' lang='grc' dir='ltr'>α</span> <span class='ocrx_word' id='word_1_536' title='bbox 435 4203 565 4260; x_wconf 87' lang='lat' dir='ltr'><strong>Sola</strong></span> <span class='ocrx_word' id='word_1_537' title='bbox 605 4201 779 4273; x_wconf 85' lang='lat' dir='ltr'><strong>Lugd.</strong></span> <span class='ocrx_word' id='word_1_538' title='bbox 833 4201 1020 4266; x_wconf 88' lang='lat' dir='ltr'><strong>editio,</strong></span> <span class='ocrx_word' id='word_1_539' title='bbox 1055 4212 1291 4258; x_wconf 84' lang='lat' dir='ltr'><strong>auctores</strong></span> <span class='ocrx_word' id='word_1_540' title='bbox 1340 4201 1645 4273; x_wconf 85' lang='lat' dir='ltr'><strong>displicent,</strong></span> <span class='ocrx_word' id='word_1_541' title='bbox 1694 4199 1908 4257; x_wconf 69' lang='lat' dir='ltr'><strong>caeteris</strong></span> 
     </span>
    </p>
   </div>
   <div class='ocr_carea' id='block_1_75' title="bbox 308 4273 1225 4347">
    <p class='ocr_par' dir='ltr' id='par_1_75' title="bbox 308 4273 1225 4347">
     <span class='ocr_line' id='line_1_75' title="bbox 308 4273 1225 4347; baseline -0.003 -17"><span class='ocrx_word' id='word_1_542' title='bbox 308 4275 724 4347; x_wconf 77' lang='lat' dir='ltr'><strong>praeterissis,</strong></span> <span class='ocrx_word' id='word_1_543' title='bbox 756 4282 899 4328; x_wconf 87' lang='lat' dir='ltr'><strong>tanta</strong></span> <span class='ocrx_word' id='word_1_544' title='bbox 927 4273 1225 4328; x_wconf 85' lang='lat' dir='ltr'><strong>insolentia.</strong></span> 
     </span>
    </p>
   </div>
   <div class='ocr_carea' id='block_1_76' title="bbox 385 4344 1366 4416">
    <p class='ocr_par' dir='ltr' id='par_1_76' title="bbox 385 4344 1366 4416">
     <span class='ocr_line' id='line_1_76' title="bbox 385 4344 1366 4416; baseline -0.004 -15"><span class='ocrx_word' id='word_1_545' title='bbox 385 4346 414 4385; x_wconf 73' lang='grc' dir='ltr'>εί</span> <span class='ocrx_word' id='word_1_546' title='bbox 447 4344 620 4416; x_wconf 90' lang='lat' dir='ltr'><strong>Lugd.</strong></span> <span class='ocrx_word' id='word_1_547' title='bbox 644 4344 804 4409; x_wconf 87' lang='lat' dir='ltr'><strong>edit.,</strong></span> <span class='ocrx_word' id='word_1_548' title='bbox 826 4360 1079 4416; x_wconf 78' lang='lat' dir='ltr'><strong>novorum</strong></span> <span class='ocrx_word' id='word_1_549' title='bbox 1103 4360 1366 4399; x_wconf 86' lang='lat' dir='ltr'><strong>sensuum.</strong></span> 
     </span>
    </p>
   </div>
   <div class='ocr_carea' id='block_1_77' title="bbox 385 4414 1559 4487">
    <p class='ocr_par' dir='ltr' id='par_1_77' title="bbox 385 4414 1559 4487">
     <span class='ocr_line' id='line_1_77' title="bbox 385 4414 1559 4487; baseline -0.003 -15"><span class='ocrx_word' id='word_1_550' title='bbox 385 4430 412 4457; x_wconf 73' lang='grc' dir='ltr'><strong>ε</strong></span> <span class='ocrx_word' id='word_1_551' title='bbox 441 4414 686 4485; x_wconf 70' lang='lat' dir='ltr'><strong>Mogunt.</strong></span> <span class='ocrx_word' id='word_1_552' title='bbox 715 4423 773 4470; x_wconf 85' lang='lat' dir='ltr'><strong>et</strong></span> <span class='ocrx_word' id='word_1_553' title='bbox 799 4415 935 4470; x_wconf 82' lang='lat' dir='ltr'><strong>Ven.</strong></span> <span class='ocrx_word' id='word_1_554' title='bbox 959 4415 1116 4482; x_wconf 89' lang='lat' dir='ltr'><strong>edit.,</strong></span> <span class='ocrx_word' id='word_1_555' title='bbox 1149 4417 1287 4487; x_wconf 88' lang='lat' dir='ltr'><strong>quod</strong></span> <span class='ocrx_word' id='word_1_556' title='bbox 1314 4424 1363 4468; x_wconf 92' lang='lat' dir='ltr'><strong>et</strong></span> <span class='ocrx_word' id='word_1_557' title='bbox 1392 4414 1559 4468; x_wconf 88' lang='lat' dir='ltr'><strong>nulla.</strong></span> 
     </span>
    </p>
   </div>
   <div class='ocr_carea' id='block_1_78' title="bbox 389 4487 1524 4556">
    <p class='ocr_par' dir='ltr' id='par_1_78' title="bbox 389 4487 1524 4556">
     <span class='ocr_line' id='line_1_78' title="bbox 389 4487 1524 4556; baseline -0.004 -14"><span class='ocrx_word' id='word_1_558' title='bbox 389 4491 408 4527; x_wconf 75' lang='grc' dir='ltr'>ί</span> <span class='ocrx_word' id='word_1_559' title='bbox 445 4489 548 4542; x_wconf 91' lang='lat' dir='ltr'><strong>Ms.</strong></span> <span class='ocrx_word' id='word_1_560' title='bbox 577 4487 858 4552; x_wconf 84' lang='lat' dir='ltr'><strong>Joliensis,</strong></span> <span class='ocrx_word' id='word_1_561' title='bbox 883 4497 1112 4541; x_wconf 83' lang='lat' dir='ltr'><strong>asserunt</strong></span> <span class='ocrx_word' id='word_1_562' title='bbox 1129 4527 1142 4540; x_wconf 93' lang='lat'><strong>.</strong></span> <span class='ocrx_word' id='word_1_563' title='bbox 1164 4527 1176 4540; x_wconf 92' lang='lat'><strong>.</strong></span> <span class='ocrx_word' id='word_1_564' title='bbox 1197 4528 1209 4540; x_wconf 92' lang='lat'><strong>.</strong></span> <span class='ocrx_word' id='word_1_565' title='bbox 1230 4526 1242 4538; x_wconf 91' lang='lat'><strong>.</strong></span> <span class='ocrx_word' id='word_1_566' title='bbox 1257 4495 1524 4556; x_wconf 88' lang='lat' dir='ltr'><strong>respuant.</strong></span> 
     </span>
    </p>
   </div>
   <div class='ocr_carea' id='block_1_79' title="bbox 389 4557 1367 4630">
    <p class='ocr_par' dir='ltr' id='par_1_79' title="bbox 389 4557 1367 4630">
     <span class='ocr_line' id='line_1_79' title="bbox 389 4557 1367 4630; baseline -0.004 -16"><span class='ocrx_word' id='word_1_567' title='bbox 389 4570 418 4630; x_wconf 59' lang='grc' dir='ltr'>β</span> <span class='ocrx_word' id='word_1_568' title='bbox 443 4559 686 4630; x_wconf 80' lang='lat' dir='ltr'><strong>Mogunt.</strong></span> <span class='ocrx_word' id='word_1_569' title='bbox 712 4567 768 4630; x_wconf 82' lang='lat' dir='ltr'><strong>et</strong></span> <span class='ocrx_word' id='word_1_570' title='bbox 799 4557 958 4630; x_wconf 67' lang='lat' dir='ltr'><strong>Ven.,</strong></span> <span class='ocrx_word' id='word_1_571' title='bbox 983 4558 1367 4630; x_wconf 74' lang='lat' dir='ltr'><strong>subtilissimas.</strong></span> 
     </span>
    </p>
   </div>
   <div class='ocr_carea' id='block_1_80' title="bbox 387 4625 1908 4696">
    <p class='ocr_par' dir='ltr' id='par_1_80' title="bbox 387 4625 1908 4696">
     <span class='ocr_line' id='line_1_80' title="bbox 387 4625 1908 4696; baseline -0.002 -13"><span class='ocrx_word' id='word_1_572' title='bbox 387 4627 419 4667; x_wconf 61' lang='grc'><strong>⁵³</strong></span> <span class='ocrx_word' id='word_1_573' title='bbox 446 4625 559 4684; x_wconf 53' lang='lat' dir='ltr'><strong>Ms:</strong></span> <span class='ocrx_word' id='word_1_574' title='bbox 572 4628 706 4691; x_wconf 72' lang='lat'><strong>101.,</strong></span> <span class='ocrx_word' id='word_1_575' title='bbox 732 4628 787 4682; x_wconf 88' lang='lat' dir='ltr'><strong>in</strong></span> <span class='ocrx_word' id='word_1_576' title='bbox 826 4629 1071 4683; x_wconf 89' lang='lat' dir='ltr'><strong>medium.</strong></span> <span class='ocrx_word' id='word_1_577' title='bbox 1104 4629 1342 4696; x_wconf 88' lang='lat' dir='ltr'><strong>Mogunt.</strong></span> <span class='ocrx_word' id='word_1_578' title='bbox 1385 4636 1441 4682; x_wconf 91' lang='lat' dir='ltr'><strong>et</strong></span> <span class='ocrx_word' id='word_1_579' title='bbox 1488 4627 1651 4694; x_wconf 58' lang='grc' dir='ltr'><strong>νοω,</strong></span> <span class='ocrx_word' id='word_1_580' title='bbox 1702 4625 1908 4680; x_wconf 86' lang='lat' dir='ltr'><strong>Consti-</strong></span> 
     </span>
    </p>
   </div>
   <div class='ocr_carea' id='block_1_81' title="bbox 313 4699 1910 4769">
    <p class='ocr_par' dir='ltr' id='par_1_81' title="bbox 313 4699 1910 4769">
     <span class='ocr_line' id='line_1_81' title="bbox 313 4699 1910 4769; baseline -0.004 -12"><span class='ocrx_word' id='word_1_581' title='bbox 313 4712 468 4757; x_wconf 86' lang='lat' dir='ltr'><strong>tuant</strong></span> <span class='ocrx_word' id='word_1_582' title='bbox 491 4703 544 4754; x_wconf 88' lang='lat' dir='ltr'><strong>in</strong></span> <span class='ocrx_word' id='word_1_583' title='bbox 574 4701 841 4766; x_wconf 87' lang='lat' dir='ltr'><strong>medium;</strong></span> <span class='ocrx_word' id='word_1_584' title='bbox 873 4707 983 4754; x_wconf 90' lang='lat' dir='ltr'><strong>tum</strong></span> <span class='ocrx_word' id='word_1_585' title='bbox 1014 4709 1241 4769; x_wconf 88' lang='lat' dir='ltr'><strong>pergunt</strong></span> <span class='ocrx_word' id='word_1_586' title='bbox 1272 4699 1428 4753; x_wconf 91' lang='lat' dir='ltr'><strong>unius</strong></span> <span class='ocrx_word' id='word_1_587' title='bbox 1461 4709 1648 4754; x_wconf 89' lang='lat' dir='ltr'><strong>tenore</strong></span> <span class='ocrx_word' id='word_1_588' title='bbox 1687 4709 1910 4769; x_wconf 80' lang='lat' dir='ltr'><strong>senten-</strong></span> 
     </span>
    </p>
   </div>
   <div class='ocr_carea' id='block_1_82' title="bbox 315 4767 1908 4842">
    <p class='ocr_par' dir='ltr' id='par_1_82' title="bbox 315 4767 1908 4842">
     <span class='ocr_line' id='line_1_82' title="bbox 315 4767 1908 4842; baseline -0.003 -14"><span class='ocrx_word' id='word_1_589' title='bbox 315 4779 436 4839; x_wconf 69' lang='lat' dir='ltr'><strong>tiae,</strong></span> <span class='ocrx_word' id='word_1_590' title='bbox 469 4786 639 4842; x_wconf 86' lang='lat' dir='ltr'><strong>usque</strong></span> <span class='ocrx_word' id='word_1_591' title='bbox 680 4772 748 4826; x_wconf 89' lang='lat' dir='ltr'><strong>ad</strong></span> <span class='ocrx_word' id='word_1_592' title='bbox 779 4771 912 4836; x_wconf 71' lang='lat' dir='ltr'><strong>haec,</strong></span> <span class='ocrx_word' id='word_1_593' title='bbox 943 4767 1231 4842; x_wconf 74' lang='lat' dir='ltr'><strong>loquacitas</strong></span> <span class='ocrx_word' id='word_1_594' title='bbox 1262 4772 1657 4842; x_wconf 77' lang='lat' dir='ltr'><strong>intemperanter</strong></span> <span class='ocrx_word' id='word_1_595' title='bbox 1698 4767 1908 4842; x_wconf 73' lang='lat' dir='ltr'><strong>effudit.</strong></span> 
     </span>
    </p>
   </div>
   <div class='ocr_carea' id='block_1_83' title="bbox 317 4839 1909 4912">
    <p class='ocr_par' dir='ltr' id='par_1_83' title="bbox 317 4839 1909 4912">
     <span class='ocr_line' id='line_1_83' title="bbox 317 4839 1909 4912; baseline -0.004 -12"><span class='ocrx_word' id='word_1_596' title='bbox 317 4845 520 4908; x_wconf 77' lang='lat' dir='ltr'><strong>Unius,</strong></span> <span class='ocrx_word' id='word_1_597' title='bbox 549 4839 652 4898; x_wconf 84' lang='lat' dir='ltr'><strong>etc.</strong></span> <span class='ocrx_word' id='word_1_598' title='bbox 684 4842 889 4898; x_wconf 86' lang='lat' dir='ltr'><strong>Eodem</strong></span> <span class='ocrx_word' id='word_1_599' title='bbox 917 4839 1078 4897; x_wconf 89' lang='lat' dir='ltr'><strong>modo</strong></span> <span class='ocrx_word' id='word_1_600' title='bbox 1124 4839 1438 4898; x_wconf 85' lang='lat' dir='ltr'><strong>diStinctum</strong></span> <span class='ocrx_word' id='word_1_601' title='bbox 1468 4841 1668 4912; x_wconf 88' lang='lat' dir='ltr'><strong>legitur</strong></span> <span class='ocrx_word' id='word_1_602' title='bbox 1697 4840 1748 4895; x_wconf 94' lang='lat' dir='ltr'><strong>in</strong></span> <span class='ocrx_word' id='word_1_603' title='bbox 1777 4839 1909 4897; x_wconf 86' lang='lat' dir='ltr'><strong>Lov.</strong></span> 
     </span>
    </p>
   </div>
   <div class='ocr_carea' id='block_1_84' title="bbox 317 4917 458 4972">
    <p class='ocr_par' dir='ltr' id='par_1_84' title="bbox 317 4917 458 4972">
     <span class='ocr_line' id='line_1_84' title="bbox 317 4917 458 4972; baseline -0.043 0"><span class='ocrx_word' id='word_1_604' title='bbox 317 4917 458 4972; x_wconf 79' lang='lat' dir='ltr'><strong>edit.</strong></span> 
     </span>
    </p>
   </div>
   <div class='ocr_carea' id='block_1_85' title="bbox 409 4983 1916 5056">
    <p class='ocr_par' dir='ltr' id='par_1_85' title="bbox 409 4983 1916 5056">
     <span class='ocr_line' id='line_1_85' title="bbox 409 4983 1916 5056; baseline -0.005 -14"><span class='ocrx_word' id='word_1_605' title='bbox 409 4988 428 5023; x_wconf 68' lang='grc' dir='ltr'><strong>ί</strong></span> <span class='ocrx_word' id='word_1_606' title='bbox 456 4984 860 5056; x_wconf 84' lang='lat' dir='ltr'><strong>Manuscriptus</strong></span> <span class='ocrx_word' id='word_1_607' title='bbox 885 4983 1258 5054; x_wconf 80' lang='lat' dir='ltr'><strong>Remigianus,</strong></span> <span class='ocrx_word' id='word_1_608' title='bbox 1289 4984 1427 5054; x_wconf 87' lang='lat' dir='ltr'><strong>quod</strong></span> <span class='ocrx_word' id='word_1_609' title='bbox 1456 4985 1519 5038; x_wconf 86' lang='lat' dir='ltr'><strong>de</strong></span> <span class='ocrx_word' id='word_1_610' title='bbox 1540 4985 1683 5038; x_wconf 85' lang='lat' dir='ltr'><strong>novis</strong></span> <span class='ocrx_word' id='word_1_611' title='bbox 1717 4998 1916 5056; x_wconf 84' lang='lat' dir='ltr'><strong>semper</strong></span> 
     </span>
    </p>
   </div>
   <div class='ocr_carea' id='block_1_86' title="bbox 320 5054 1917 5124">
    <p class='ocr_par' dir='ltr' id='par_1_86' title="bbox 320 5054 1917 5124">
     <span class='ocr_line' id='line_1_86' title="bbox 320 5054 1917 5124; baseline -0.003 -11"><span class='ocrx_word' id='word_1_612' title='bbox 320 5059 552 5113; x_wconf 83' lang='lat' dir='ltr'><strong>emersit.</strong></span> <span class='ocrx_word' id='word_1_613' title='bbox 572 5058 692 5114; x_wconf 82' lang='lat' dir='ltr'><strong>Jam</strong></span> <span class='ocrx_word' id='word_1_614' title='bbox 716 5054 830 5111; x_wconf 82' lang='lat' dir='ltr'><strong>tum</strong></span> <span class='ocrx_word' id='word_1_615' title='bbox 855 5064 1193 5111; x_wconf 84' lang='lat' dir='ltr'><strong>emerseram</strong></span> <span class='ocrx_word' id='word_1_616' title='bbox 1211 5056 1332 5111; x_wconf 72' lang='lat' dir='ltr'><strong>alite</strong></span> <span class='ocrx_word' id='word_1_617' title='bbox 1349 5066 1535 5111; x_wconf 91' lang='lat' dir='ltr'><strong>contra</strong></span> <span class='ocrx_word' id='word_1_618' title='bbox 1562 5054 1917 5124; x_wconf 84' lang='lat' dir='ltr'><strong>Augustinum</strong></span> 
     </span>
    </p>
   </div>
   <div class='ocr_carea' id='block_1_87' title="bbox 321 5127 1917 5201">
    <p class='ocr_par' dir='ltr' id='par_1_87' title="bbox 321 5127 1917 5201">
     <span class='ocr_line' id='line_1_87' title="bbox 321 5127 1917 5201; baseline -0.004 -17"><span class='ocrx_word' id='word_1_619' title='bbox 321 5129 680 5201; x_wconf 67' lang='lat' dir='ltr'><strong>quaestiones,</strong></span> <span class='ocrx_word' id='word_1_620' title='bbox 710 5128 902 5201; x_wconf 73' lang='lat' dir='ltr'><strong>quibus</strong></span> <span class='ocrx_word' id='word_1_621' title='bbox 932 5129 1289 5201; x_wconf 68' lang='lat' dir='ltr'><strong>responderat</strong></span> <span class='ocrx_word' id='word_1_622' title='bbox 1335 5127 1390 5181; x_wconf 90' lang='lat' dir='ltr'><strong>in</strong></span> <span class='ocrx_word' id='word_1_623' title='bbox 1431 5127 1708 5201; x_wconf 81' lang='lat' dir='ltr'><strong>opusculis</strong></span> <span class='ocrx_word' id='word_1_624' title='bbox 1755 5138 1917 5193; x_wconf 89' lang='lat' dir='ltr'><strong>supra</strong></span> 
     </span>
    </p>
   </div>
   <div class='ocr_carea' id='block_1_88' title="bbox 324 5197 1919 5264">
    <p class='ocr_par' dir='ltr' id='par_1_88' title="bbox 324 5197 1919 5264">
     <span class='ocr_line' id='line_1_88' title="bbox 324 5197 1919 5264; baseline -0.004 -9"><span class='ocrx_word' id='word_1_625' title='bbox 324 5197 490 5255; x_wconf 78' lang='lat' dir='ltr'><strong>editis</strong></span> <span class='ocrx_word' id='word_1_626' title='bbox 518 5209 706 5255; x_wconf 89' lang='lat' dir='ltr'><strong>contra</strong></span> <span class='ocrx_word' id='word_1_627' title='bbox 730 5197 927 5254; x_wconf 82' lang='lat' dir='ltr'><strong>Gallos</strong></span> <span class='ocrx_word' id='word_1_628' title='bbox 956 5212 1017 5253; x_wconf 90' lang='lat' dir='ltr'><strong>ac</strong></span> <span class='ocrx_word' id='word_1_629' title='bbox 1046 5197 1386 5254; x_wconf 79' lang='lat' dir='ltr'><strong>Vincentium</strong></span> <span class='ocrx_word' id='word_1_630' title='bbox 1412 5238 1425 5260; x_wconf 88' lang='lat'><strong>,</strong></span> <span class='ocrx_word' id='word_1_631' title='bbox 1455 5209 1508 5251; x_wconf 91' lang='lat' dir='ltr'><strong>et</strong></span> <span class='ocrx_word' id='word_1_632' title='bbox 1553 5197 1619 5251; x_wconf 91' lang='lat' dir='ltr'><strong>ad</strong></span> <span class='ocrx_word' id='word_1_633' title='bbox 1661 5203 1919 5264; x_wconf 84' lang='lat' dir='ltr'><strong>excerpta</strong></span> 
     </span>
    </p>
   </div>
   <div class='ocr_carea' id='block_1_89' title="bbox 325 5267 1926 5338">
    <p class='ocr_par' dir='ltr' id='par_1_89' title="bbox 325 5267 1926 5338">
     <span class='ocr_line' id='line_1_89' title="bbox 325 5267 1926 5338; baseline -0.004 -11"><span class='ocrx_word' id='word_1_634' title='bbox 325 5272 725 5328; x_wconf 85' lang='lat' dir='ltr'><strong>Genuensium.</strong></span> <span class='ocrx_word' id='word_1_635' title='bbox 747 5271 880 5326; x_wconf 90' lang='lat' dir='ltr'><strong>Cum</strong></span> <span class='ocrx_word' id='word_1_636' title='bbox 915 5283 1045 5324; x_wconf 88' lang='lat' dir='ltr'><strong>vero</strong></span> <span class='ocrx_word' id='word_1_637' title='bbox 1083 5269 1352 5333; x_wconf 87' lang='lat' dir='ltr'><strong>Cassiani,</strong></span> <span class='ocrx_word' id='word_1_638' title='bbox 1386 5267 1672 5338; x_wconf 80' lang='lat' dir='ltr'><strong>Augustini</strong></span> <span class='ocrx_word' id='word_1_639' title='bbox 1704 5268 1926 5320; x_wconf 74' lang='lat' dir='ltr'><strong>aemulo-</strong></span> 
     </span>
    </p>
   </div>
   <div class='ocr_carea' id='block_1_90' title="bbox 327 5339 1924 5412">
    <p class='ocr_par' dir='ltr' id='par_1_90' title="bbox 327 5339 1924 5412">
     <span class='ocr_line' id='line_1_90' title="bbox 327 5339 1924 5412; baseline -0.005 -15"><span class='ocrx_word' id='word_1_640' title='bbox 327 5359 454 5397; x_wconf 89' lang='lat' dir='ltr'><strong>rum</strong></span> <span class='ocrx_word' id='word_1_641' title='bbox 484 5341 847 5412; x_wconf 82' lang='lat' dir='ltr'><strong>antesignani,</strong></span> <span class='ocrx_word' id='word_1_642' title='bbox 875 5339 1012 5412; x_wconf 87' lang='lat' dir='ltr'><strong>liber</strong></span> <span class='ocrx_word' id='word_1_643' title='bbox 1033 5339 1171 5412; x_wconf 77' lang='lat' dir='ltr'><strong>forte</strong></span> <span class='ocrx_word' id='word_1_644' title='bbox 1190 5340 1428 5412; x_wconf 87' lang='lat' dir='ltr'><strong>nondum</strong></span> <span class='ocrx_word' id='word_1_645' title='bbox 1456 5341 1557 5409; x_wconf 89' lang='lat' dir='ltr'><strong>ipsi</strong></span> <span class='ocrx_word' id='word_1_646' title='bbox 1580 5339 1924 5405; x_wconf 88' lang='lat' dir='ltr'><strong>innotuisset,</strong></span> 
     </span>
    </p>
   </div>
   <div class='ocr_carea' id='block_1_91' title="bbox 329 5411 1929 5482">
    <p class='ocr_par' dir='ltr' id='par_1_91' title="bbox 329 5411 1929 5482">
     <span class='ocr_line' id='line_1_91' title="bbox 329 5411 1929 5482; baseline -0.003 -14"><span class='ocrx_word' id='word_1_647' title='bbox 329 5423 428 5468; x_wconf 88' lang='lat' dir='ltr'><strong>aut</strong></span> <span class='ocrx_word' id='word_1_648' title='bbox 456 5411 681 5469; x_wconf 80' lang='lat' dir='ltr'><strong>meliora</strong></span> <span class='ocrx_word' id='word_1_649' title='bbox 715 5413 784 5468; x_wconf 91' lang='lat' dir='ltr'><strong>de</strong></span> <span class='ocrx_word' id='word_1_650' title='bbox 809 5411 1024 5481; x_wconf 87' lang='lat' dir='ltr'><strong>ingenio</strong></span> <span class='ocrx_word' id='word_1_651' title='bbox 1057 5411 1428 5482; x_wconf 9' lang='lat' dir='ltr'><strong>aliasVOptimo</strong></span> <span class='ocrx_word' id='word_1_652' title='bbox 1453 5417 1753 5482; x_wconf 85' lang='lat' dir='ltr'><strong>sperasset;</strong></span> <span class='ocrx_word' id='word_1_653' title='bbox 1788 5423 1929 5482; x_wconf 82' lang='lat' dir='ltr'><strong>nunc</strong></span> 
     </span>
    </p>
   </div>
   <div class='ocr_carea' id='block_1_92' title="bbox 335 5479 1928 5552">
    <p class='ocr_par' dir='ltr' id='par_1_92' title="bbox 335 5479 1928 5552">
     <span class='ocr_line' id='line_1_92' title="bbox 335 5479 1928 5552; baseline -0.004 -12"><span class='ocrx_word' id='word_1_654' title='bbox 335 5483 556 5540; x_wconf 82' lang='lat' dir='ltr'><strong>tandem</strong></span> <span class='ocrx_word' id='word_1_655' title='bbox 583 5479 908 5540; x_wconf 77' lang='lat' dir='ltr'><strong>refellendas</strong></span> <span class='ocrx_word' id='word_1_656' title='bbox 934 5482 1159 5552; x_wconf 87' lang='lat' dir='ltr'><strong>suscipit</strong></span> <span class='ocrx_word' id='word_1_657' title='bbox 1184 5479 1428 5537; x_wconf 83' lang='lat' dir='ltr'><strong>Cassiani</strong></span> <span class='ocrx_word' id='word_1_658' title='bbox 1456 5480 1799 5552; x_wconf 84' lang='lat' dir='ltr'><strong>potissimum</strong></span> <span class='ocrx_word' id='word_1_659' title='bbox 1827 5479 1928 5552; x_wconf 90' lang='lat' dir='ltr'><strong>_dc-</strong></span> 
     </span>
    </p>
   </div>
   <div class='ocr_carea' id='block_1_93' title="bbox 334 5550 1928 5627">
    <p class='ocr_par' dir='ltr' id='par_1_93' title="bbox 334 5550 1928 5627">
     <span class='ocr_line' id='line_1_93' title="bbox 334 5550 1928 5627; baseline -0.004 -16"><span class='ocrx_word' id='word_1_660' title='bbox 334 5555 614 5611; x_wconf 78' lang='lat' dir='ltr'><strong>ﬁnitiones</strong></span> <span class='ocrx_word' id='word_1_661' title='bbox 639 5569 760 5626; x_wconf 71' lang='lat' dir='ltr'><strong>qua:</strong></span> <span class='ocrx_word' id='word_1_662' title='bbox 788 5554 929 5627; x_wconf 84' lang='lat' dir='ltr'><strong>ston</strong></span> <span class='ocrx_word' id='word_1_663' title='bbox 969 5550 1126 5609; x_wconf 69' lang='lat' dir='ltr'><strong>editae</strong></span> <span class='ocrx_word' id='word_1_664' title='bbox 1158 5554 1212 5607; x_wconf 92' lang='lat' dir='ltr'><strong>in</strong></span> <span class='ocrx_word' id='word_1_665' title='bbox 1242 5553 1431 5623; x_wconf 81' lang='lat' dir='ltr'><strong>vulgus</strong></span> <span class='ocrx_word' id='word_1_666' title='bbox 1460 5550 1800 5627; x_wconf 74' lang='lat' dir='ltr'><strong>circumferri</strong></span> <span class='ocrx_word' id='word_1_667' title='bbox 1819 5550 1928 5620; x_wconf 89' lang='lat' dir='ltr'><strong>jam</strong></span> 
     </span>
    </p>
   </div>
   <div class='ocr_carea' id='block_1_94' title="bbox 336 5622 1932 5697">
    <p class='ocr_par' dir='ltr' id='par_1_94' title="bbox 336 5622 1932 5697">
     <span class='ocr_line' id='line_1_94' title="bbox 336 5622 1932 5697; baseline -0.005 -14"><span class='ocrx_word' id='word_1_668' title='bbox 336 5637 642 5697; x_wconf 64' lang='lat' dir='ltr'><strong>carperent,</strong></span> <span class='ocrx_word' id='word_1_669' title='bbox 656 5622 713 5681; x_wconf 78' lang='lat' dir='ltr'><strong>et</strong></span> <span class='ocrx_word' id='word_1_670' title='bbox 739 5627 794 5681; x_wconf 88' lang='lat' dir='ltr'><strong>in</strong></span> <span class='ocrx_word' id='word_1_671' title='bbox 813 5622 1008 5697; x_wconf 73' lang='lat' dir='ltr'><strong>quibus</strong></span> <span class='ocrx_word' id='word_1_672' title='bbox 1030 5639 1168 5681; x_wconf 87' lang='lat' dir='ltr'><strong>nova</strong></span> <span class='ocrx_word' id='word_1_673' title='bbox 1187 5635 1301 5680; x_wconf 87' lang='lat' dir='ltr'><strong>arte</strong></span> <span class='ocrx_word' id='word_1_674' title='bbox 1324 5622 1624 5695; x_wconf 86' lang='lat' dir='ltr'><strong>Oppugnari</strong></span> <span class='ocrx_word' id='word_1_675' title='bbox 1647 5622 1932 5677; x_wconf 88' lang='lat' dir='ltr'><strong>videbatur</strong></span> 
     </span>
    </p>
   </div>
   <div class='ocr_carea' id='block_1_95' title="bbox 335 5697 1002 5767">
    <p class='ocr_par' dir='ltr' id='par_1_95' title="bbox 335 5697 1002 5767">
     <span class='ocr_line' id='line_1_95' title="bbox 335 5697 1002 5767; baseline -0.004 -13"><span class='ocrx_word' id='word_1_676' title='bbox 335 5698 587 5754; x_wconf 83' lang='lat' dir='ltr'><strong>doctrina</strong></span> <span class='ocrx_word' id='word_1_677' title='bbox 613 5698 672 5754; x_wconf 89' lang='lat' dir='ltr'><strong>S.</strong></span> <span class='ocrx_word' id='word_1_678' title='bbox 697 5697 1002 5767; x_wconf 79' lang='lat' dir='ltr'><strong>Augustini.</strong></span> 
     </span>
    </p>
   </div>
   <div class='ocr_carea' id='block_1_96' title="bbox 422 5763 1933 5840">
    <p class='ocr_par' dir='ltr' id='par_1_96' title="bbox 422 5763 1933 5840">
     <span class='ocr_line' id='line_1_96' title="bbox 422 5763 1933 5840; baseline -0.005 -15"><span class='ocrx_word' id='word_1_679' title='bbox 422 5768 438 5819; x_wconf 70' lang='grc' dir='ltr'><em>ἱ</em></span> <span class='ocrx_word' id='word_1_680' title='bbox 467 5769 526 5825; x_wconf 84' lang='lat' dir='ltr'><strong>ln</strong></span> <span class='ocrx_word' id='word_1_681' title='bbox 554 5769 687 5826; x_wconf 86' lang='lat' dir='ltr'><strong>edit.</strong></span> <span class='ocrx_word' id='word_1_682' title='bbox 719 5763 960 5840; x_wconf 71' lang='lat' dir='ltr'><strong>Mdgunt.</strong></span> <span class='ocrx_word' id='word_1_683' title='bbox 985 5775 1042 5823; x_wconf 92' lang='lat' dir='ltr'><strong>et</strong></span> <span class='ocrx_word' id='word_1_684' title='bbox 1057 5766 1422 5836; x_wconf 83' lang='lat' dir='ltr'><strong>Veneta,post</strong></span> <span class='ocrx_word' id='word_1_685' title='bbox 1442 5763 1933 5840; x_wconf 77' lang='lat' dir='ltr'><strong>referemus:Cujus</strong></span> 
     </span>
    </p>
   </div>
   <div class='ocr_carea' id='block_1_97' title="bbox 343 5837 1930 5912">
    <p class='ocr_par' dir='ltr' id='par_1_97' title="bbox 343 5837 1930 5912">
     <span class='ocr_line' id='line_1_97' title="bbox 343 5837 1930 5912; baseline -0.006 -13"><span class='ocrx_word' id='word_1_686' title='bbox 343 5845 548 5899; x_wconf 77' lang='lat' dir='ltr'><strong>decreta</strong></span> <span class='ocrx_word' id='word_1_687' title='bbox 569 5841 632 5899; x_wconf 88' lang='lat' dir='ltr'><strong>o’b</strong></span> <span class='ocrx_word' id='word_1_688' title='bbox 661 5840 758 5898; x_wconf 77' lang='lat' dir='ltr'><strong>hoc</strong></span> <span class='ocrx_word' id='word_1_689' title='bbox 769 5837 939 5897; x_wconf 76' lang='lat' dir='ltr'><strong>solum</strong></span> <span class='ocrx_word' id='word_1_690' title='bbox 953 5839 1159 5895; x_wconf 86' lang='lat' dir='ltr'><strong>interim</strong></span> <span class='ocrx_word' id='word_1_691' title='bbox 1185 5849 1380 5912; x_wconf 87' lang='lat' dir='ltr'><strong>oportet</strong></span> <span class='ocrx_word' id='word_1_692' title='bbox 1394 5841 1450 5896; x_wconf 86' lang='lat' dir='ltr'><strong>in</strong></span> <span class='ocrx_word' id='word_1_693' title='bbox 1471 5837 1693 5895; x_wconf 85' lang='lat' dir='ltr'><strong>medium</strong></span> <span class='ocrx_word' id='word_1_694' title='bbox 1718 5837 1930 5906; x_wconf 79' lang='lat' dir='ltr'><strong>adduci,</strong></span> 
     </span>
    </p>
   </div>
   <div class='ocr_carea' id='block_1_98' title="bbox 1991 3277 3591 3352">
    <p class='ocr_par' dir='ltr' id='par_1_98' title="bbox 1991 3277 3591 3352">
     <span class='ocr_line' id='line_1_98' title="bbox 1991 3277 3591 3352; baseline -0.004 -16"><span class='ocrx_word' id='word_1_695' title='bbox 1991 3283 2239 3352; x_wconf 89' lang='lat' dir='ltr'><strong>sequitur,</strong></span> <span class='ocrx_word' id='word_1_696' title='bbox 2285 3291 2332 3336; x_wconf 90' lang='lat' dir='ltr'><strong>et</strong></span> <span class='ocrx_word' id='word_1_697' title='bbox 2375 3293 2697 3336; x_wconf 88' lang='lat' dir='ltr'><strong>consummat</strong></span> <span class='ocrx_word' id='word_1_698' title='bbox 2750 3281 2805 3334; x_wconf 87' lang='lat' dir='ltr'><strong>in</strong></span> <span class='ocrx_word' id='word_1_699' title='bbox 2858 3281 3023 3347; x_wconf 85' lang='lat' dir='ltr'><strong>nobis,</strong></span> <span class='ocrx_word' id='word_1_700' title='bbox 3065 3282 3084 3318; x_wconf 67' lang='grc'>⁸</span> <span class='ocrx_word' id='word_1_701' title='bbox 3121 3280 3322 3334; x_wconf 88' lang='lat' dir='ltr'><strong>dicente</strong></span> <span class='ocrx_word' id='word_1_702' title='bbox 3342 3277 3591 3348; x_wconf 86' lang='lat' dir='ltr'><strong>Apostolo</strong></span> 
     </span>
    </p>
   </div>
   <div class='ocr_carea' id='block_1_99' title="bbox 2004 3409 3592 3492">
    <p class='ocr_par' dir='ltr' id='par_1_99' title="bbox 2004 3409 3592 3492">
     <span class='ocr_line' id='line_1_99' title="bbox 2004 3409 3592 3492; baseline -0.005 -18"><span class='ocrx_word' id='word_1_703' title='bbox 2004 3422 2129 3492; x_wconf 86' lang='lat' dir='ltr'><strong>quia</strong></span> <span class='ocrx_word' id='word_1_704' title='bbox 2171 3427 2364 3485; x_wconf 87' lang='lat' dir='ltr'><strong>utrum,</strong></span> <span class='ocrx_word' id='word_1_705' title='bbox 2400 3428 2503 3474; x_wconf 89' lang='lat' dir='ltr'><strong>etc.</strong></span> <span class='ocrx_word' id='word_1_706' title='bbox 2546 3417 2658 3472; x_wconf 84' lang='lat' dir='ltr'><strong>lloc</strong></span> <span class='ocrx_word' id='word_1_707' title='bbox 2689 3417 2862 3488; x_wconf 91' lang='lat' dir='ltr'><strong>ipsum</strong></span> <span class='ocrx_word' id='word_1_708' title='bbox 2889 3425 2971 3470; x_wconf 90' lang='lat' dir='ltr'><strong>est</strong></span> <span class='ocrx_word' id='word_1_709' title='bbox 3001 3415 3160 3492; x_wconf 77' lang='lat' dir='ltr'><strong>etiam</strong></span> <span class='ocrx_word' id='word_1_710' title='bbox 3192 3414 3247 3468; x_wconf 92' lang='lat' dir='ltr'><strong>in</strong></span> <span class='ocrx_word' id='word_1_711' title='bbox 3277 3427 3378 3469; x_wconf 87' lang='lat' dir='ltr'><strong>ms.</strong></span> <span class='ocrx_word' id='word_1_712' title='bbox 3402 3409 3592 3492; x_wconf 72' lang='lat' dir='ltr'><strong>Corb.,</strong></span> 
     </span>
    </p>
   </div>
   <div class='ocr_carea' id='block_1_100' title="bbox 2007 3483 3599 3558">
    <p class='ocr_par' dir='ltr' id='par_1_100' title="bbox 2007 3483 3599 3558">
     <span class='ocr_line' id='line_1_100' title="bbox 2007 3483 3599 3558; baseline -0.004 -14"><span class='ocrx_word' id='word_1_713' title='bbox 2007 3483 2101 3546; x_wconf 78' lang='lat' dir='ltr'><strong>sed</strong></span> <span class='ocrx_word' id='word_1_714' title='bbox 2133 3483 2399 3546; x_wconf 83' lang='lat' dir='ltr'><strong>insertum</strong></span> <span class='ocrx_word' id='word_1_715' title='bbox 2434 3498 2583 3558; x_wconf 88' lang='lat' dir='ltr'><strong>post,</strong></span> <span class='ocrx_word' id='word_1_716' title='bbox 2633 3483 2830 3553; x_wconf 77' lang='lat' dir='ltr'><strong>Oportet</strong></span> <span class='ocrx_word' id='word_1_717' title='bbox 2858 3488 3085 3558; x_wconf 82' lang='lat' dir='ltr'><strong>assumi:</strong></span> <span class='ocrx_word' id='word_1_718' title='bbox 3119 3488 3171 3540; x_wconf 89' lang='lat' dir='ltr'><strong>in</strong></span> <span class='ocrx_word' id='word_1_719' title='bbox 3197 3499 3370 3553; x_wconf 89' lang='lat' dir='ltr'><strong>eoque</strong></span> <span class='ocrx_word' id='word_1_720' title='bbox 3409 3483 3599 3558; x_wconf 79' lang='lat' dir='ltr'><strong>codice</strong></span> 
     </span>
    </p>
   </div>
   <div class='ocr_carea' id='block_1_101' title="bbox 2007 3553 3598 3632">
    <p class='ocr_par' dir='ltr' id='par_1_101' title="bbox 2007 3553 3598 3632">
     <span class='ocr_line' id='line_1_101' title="bbox 2007 3553 3598 3632; baseline -0.006 -18"><span class='ocrx_word' id='word_1_721' title='bbox 2007 3575 2154 3628; x_wconf 76' lang='lat' dir='ltr'><strong>ante,</strong></span> <span class='ocrx_word' id='word_1_722' title='bbox 2191 3564 2331 3627; x_wconf 87' lang='lat' dir='ltr'><strong>Quas</strong></span> <span class='ocrx_word' id='word_1_723' title='bbox 2352 3553 2504 3632; x_wconf 79' lang='lat' dir='ltr'><strong>etiam</strong></span> <span class='ocrx_word' id='word_1_724' title='bbox 2529 3559 2588 3612; x_wconf 86' lang='lat' dir='ltr'><strong>ob</strong></span> <span class='ocrx_word' id='word_1_725' title='bbox 2611 3557 2710 3632; x_wconf 82' lang='lat' dir='ltr'><strong>hoc</strong></span> <span class='ocrx_word' id='word_1_726' title='bbox 2736 3558 2896 3622; x_wconf 90' lang='lat' dir='ltr'><strong>solas,</strong></span> <span class='ocrx_word' id='word_1_727' title='bbox 2924 3557 3142 3632; x_wconf 66' lang='lat' dir='ltr'><strong>prmlixa</strong></span> <span class='ocrx_word' id='word_1_728' title='bbox 3188 3565 3269 3632; x_wconf 78' lang='lat' dir='ltr'><strong>est</strong></span> <span class='ocrx_word' id='word_1_729' title='bbox 3311 3553 3598 3632; x_wconf 65' lang='lat' dir='ltr'><strong>particula,</strong></span> 
     </span>
    </p>
   </div>
   <div class='ocr_carea' id='block_1_102' title="bbox 2007 3623 3602 3702">
    <p class='ocr_par' dir='ltr' id='par_1_102' title="bbox 2007 3623 3602 3702">
     <span class='ocr_line' id='line_1_102' title="bbox 2007 3623 3602 3702; baseline -0.006 -17"><span class='ocrx_word' id='word_1_730' title='bbox 2007 3623 2167 3687; x_wconf 70' lang='lat' dir='ltr'><strong>alibi:</strong></span> <span class='ocrx_word' id='word_1_731' title='bbox 2196 3623 2298 3702; x_wconf 68' lang='lat' dir='ltr'><strong>qua</strong></span> <span class='ocrx_word' id='word_1_732' title='bbox 2332 3631 2603 3686; x_wconf 89' lang='lat' dir='ltr'><strong>indicatur</strong></span> <span class='ocrx_word' id='word_1_733' title='bbox 2650 3631 2882 3702; x_wconf 70' lang='lat' dir='ltr'><strong>alterum</strong></span> <span class='ocrx_word' id='word_1_734' title='bbox 2926 3623 3021 3702; x_wconf 55' lang='lat' dir='ltr'><strong>&#39;ex_</strong></span> <span class='ocrx_word' id='word_1_735' title='bbox 3040 3627 3146 3702; x_wconf 80' lang='lat' dir='ltr'><strong>illis</strong></span> <span class='ocrx_word' id='word_1_736' title='bbox 3186 3625 3408 3702; x_wconf 68' lang='lat' dir='ltr'><strong>duobus</strong></span> <span class='ocrx_word' id='word_1_737' title='bbox 3438 3623 3602 3677; x_wconf 83' lang='lat' dir='ltr'><strong>dictis</strong></span> 
     </span>
    </p>
   </div>
   <div class='ocr_carea' id='block_1_103' title="bbox 2007 3693 3602 3763">
    <p class='ocr_par' dir='ltr' id='par_1_103' title="bbox 2007 3693 3602 3763">
     <span class='ocr_line' id='line_1_103' title="bbox 2007 3693 3602 3763; baseline -0.008 -5"><span class='ocrx_word' id='word_1_738' title='bbox 2007 3693 2228 3758; x_wconf 69' lang='lat' dir='ltr'><strong>aliunde</strong></span> <span class='ocrx_word' id='word_1_739' title='bbox 2275 3702 2540 3757; x_wconf 90' lang='lat' dir='ltr'><strong>adscitum</strong></span> <span class='ocrx_word' id='word_1_740' title='bbox 2572 3714 2714 3754; x_wconf 80' lang='lat' dir='ltr'><strong>esse.</strong></span> <span class='ocrx_word' id='word_1_741' title='bbox 2761 3699 2817 3753; x_wconf 88' lang='lat' dir='ltr'><strong>In</strong></span> <span class='ocrx_word' id='word_1_742' title='bbox 2850 3714 2952 3752; x_wconf 88' lang='lat' dir='ltr'><strong>ms.</strong></span> <span class='ocrx_word' id='word_1_743' title='bbox 2987 3696 3327 3763; x_wconf 82' lang='lat' dir='ltr'><strong>Remigiano,</strong></span> <span class='ocrx_word' id='word_1_744' title='bbox 3367 3693 3602 3760; x_wconf 85' lang='lat' dir='ltr'><strong>Quarum</strong></span> 
     </span>
    </p>
   </div>
   <div class='ocr_carea' id='block_1_104' title="bbox 2009 3764 3600 3843">
    <p class='ocr_par' dir='ltr' id='par_1_104' title="bbox 2009 3764 3600 3843">
     <span class='ocr_line' id='line_1_104' title="bbox 2009 3764 3600 3843; baseline -0.009 -16"><span class='ocrx_word' id='word_1_745' title='bbox 2009 3774 2152 3837; x_wconf 88' lang='lat' dir='ltr'><strong>alibi,</strong></span> <span class='ocrx_word' id='word_1_746' title='bbox 2176 3790 2304 3843; x_wconf 87' lang='lat' dir='ltr'><strong>quas</strong></span> <span class='ocrx_word' id='word_1_747' title='bbox 2329 3774 2483 3826; x_wconf 88' lang='lat' dir='ltr'><strong>etiant</strong></span> <span class='ocrx_word' id='word_1_748' title='bbox 2513 3770 2576 3843; x_wconf 87' lang='lat' dir='ltr'><strong>ob</strong></span> <span class='ocrx_word' id='word_1_749' title='bbox 2605 3773 2702 3823; x_wconf 82' lang='lat' dir='ltr'><strong>hoc</strong></span> <span class='ocrx_word' id='word_1_750' title='bbox 2723 3769 2858 3843; x_wconf 75' lang='lat' dir='ltr'><strong>solas</strong></span> <span class='ocrx_word' id='word_1_751' title='bbox 2875 3769 3082 3843; x_wconf 81' lang='lat' dir='ltr'><strong>interim</strong></span> <span class='ocrx_word' id='word_1_752' title='bbox 3103 3764 3600 3843; x_wconf 84' lang='lat' dir='ltr'><strong>in_disceptationent</strong></span> 
     </span>
    </p>
   </div>
   <div class='ocr_carea' id='block_1_105' title="bbox 2010 3838 3602 3912">
    <p class='ocr_par' dir='ltr' id='par_1_105' title="bbox 2010 3838 3602 3912">
     <span class='ocr_line' id='line_1_105' title="bbox 2010 3838 3602 3912; baseline -0.008 -14"><span class='ocrx_word' id='word_1_753' title='bbox 2010 3838 2210 3912; x_wconf 82' lang='lat' dir='ltr'><strong>oportet</strong></span> <span class='ocrx_word' id='word_1_754' title='bbox 2240 3844 2455 3908; x_wconf 90' lang='lat' dir='ltr'><strong>assumi,</strong></span> <span class='ocrx_word' id='word_1_755' title='bbox 2503 3842 2708 3912; x_wconf 78' lang='lat' dir='ltr'><strong>decreta</strong></span> <span class='ocrx_word' id='word_1_756' title='bbox 2734 3838 3115 3912; x_wconf 35' lang='lat' dir='ltr'><strong>obultoc‘solunt</strong></span> <span class='ocrx_word' id='word_1_757' title='bbox 3155 3838 3358 3888; x_wconf 86' lang='lat' dir='ltr'><strong>interim</strong></span> <span class='ocrx_word' id='word_1_758' title='bbox 3405 3841 3602 3912; x_wconf 74' lang='lat' dir='ltr'><strong>oportet</strong></span> 
     </span>
    </p>
   </div>
   <div class='ocr_carea' id='block_1_106' title="bbox 2007 3902 3600 3974">
    <p class='ocr_par' dir='ltr' id='par_1_106' title="bbox 2007 3902 3600 3974">
     <span class='ocr_line' id='line_1_106' title="bbox 2007 3902 3600 3974; baseline -0.008 -5"><span class='ocrx_word' id='word_1_759' title='bbox 2007 3902 2063 3969; x_wconf 76' lang='lat' dir='ltr'><strong>in</strong></span> <span class='ocrx_word' id='word_1_760' title='bbox 2083 3917 2308 3968; x_wconf 87' lang='lat' dir='ltr'><strong>medium</strong></span> <span class='ocrx_word' id='word_1_761' title='bbox 2341 3902 2550 3967; x_wconf 81' lang='lat' dir='ltr'><strong>adduci.</strong></span> <span class='ocrx_word' id='word_1_762' title='bbox 2599 3910 2697 3965; x_wconf 89' lang='lat' dir='ltr'><strong>Ms.</strong></span> <span class='ocrx_word' id='word_1_763' title='bbox 2727 3908 3004 3973; x_wconf 83' lang='lat' dir='ltr'><strong>Juliensis,</strong></span> <span class='ocrx_word' id='word_1_764' title='bbox 3054 3909 3286 3974; x_wconf 80' lang='lat' dir='ltr'><strong>Quarum</strong></span> <span class='ocrx_word' id='word_1_765' title='bbox 3313 3902 3509 3959; x_wconf 81' lang='lat' dir='ltr'><strong>secreta</strong></span> <span class='ocrx_word' id='word_1_766' title='bbox 3537 3902 3600 3958; x_wconf 68' lang='lat' dir='ltr'><strong>ob</strong></span> 
     </span>
    </p>
   </div>
   <div class='ocr_carea' id='block_1_107' title="bbox 2009 3977 3323 4054">
    <p class='ocr_par' dir='ltr' id='par_1_107' title="bbox 2009 3977 3323 4054">
     <span class='ocr_line' id='line_1_107' title="bbox 2009 3977 3323 4054; baseline -0.007 -16"><span class='ocrx_word' id='word_1_767' title='bbox 2009 3985 2106 4040; x_wconf 83' lang='lat' dir='ltr'><strong>hoc</strong></span> <span class='ocrx_word' id='word_1_768' title='bbox 2133 3988 2298 4040; x_wconf 88' lang='lat' dir='ltr'><strong>solum</strong></span> <span class='ocrx_word' id='word_1_769' title='bbox 2325 3985 2530 4038; x_wconf 88' lang='lat' dir='ltr'><strong>interim</strong></span> <span class='ocrx_word' id='word_1_770' title='bbox 2561 3982 2836 4054; x_wconf 37' lang='lat' dir='ltr'><strong>oportetAin</strong></span> <span class='ocrx_word' id='word_1_771' title='bbox 2864 3979 3092 4054; x_wconf 89' lang='lat' dir='ltr'><strong>_medium</strong></span> <span class='ocrx_word' id='word_1_772' title='bbox 3112 3977 3323 4054; x_wconf 78' lang='lat' dir='ltr'><strong>adduci.</strong></span> 
     </span>
    </p>
   </div>
   <div class='ocr_carea' id='block_1_108' title="bbox 2083 4049 3182 4124">
    <p class='ocr_par' dir='ltr' id='par_1_108' title="bbox 2083 4049 3182 4124">
     <span class='ocr_line' id='line_1_108' title="bbox 2083 4049 3182 4124; baseline -0.008 -13"><span class='ocrx_word' id='word_1_773' title='bbox 2083 4054 2110 4094; x_wconf 67' lang='grc' dir='ltr'>ι</span> <span class='ocrx_word' id='word_1_774' title='bbox 2138 4056 2313 4124; x_wconf 82' lang='lat' dir='ltr'><strong>Apud.</strong></span> <span class='ocrx_word' id='word_1_775' title='bbox 2348 4055 2486 4124; x_wconf 87' lang='lat' dir='ltr'><strong>Aug.</strong></span> <span class='ocrx_word' id='word_1_776' title='bbox 2518 4049 2719 4107; x_wconf 62' lang='lat' dir='ltr'><strong>ex&#39;ms.</strong></span> <span class='ocrx_word' id='word_1_777' title='bbox 2751 4051 2941 4124; x_wconf 81' lang='lat' dir='ltr'><strong>Corb.,</strong></span> <span class='ocrx_word' id='word_1_778' title='bbox 2967 4049 3182 4104; x_wconf 88' lang='lat' dir='ltr'><strong>assumi.</strong></span> 
     </span>
    </p>
   </div>
   <div class='ocr_carea' id='block_1_109' title="bbox 2087 4116 3606 4193">
    <p class='ocr_par' dir='ltr' id='par_1_109' title="bbox 2087 4116 3606 4193">
     <span class='ocr_line' id='line_1_109' title="bbox 2087 4116 3606 4193; baseline -0.01 -10"><span class='ocrx_word' id='word_1_779' title='bbox 2087 4124 2106 4164; x_wconf 72' lang='grc' dir='ltr'><strong>ι</strong></span> <span class='ocrx_word' id='word_1_780' title='bbox 2141 4116 2272 4182; x_wconf 79' lang='lat' dir='ltr'><strong>Mss.</strong></span> <span class='ocrx_word' id='word_1_781' title='bbox 2303 4116 2493 4190; x_wconf 61' lang='lat' dir='ltr'><strong>Corb.,</strong></span> <span class='ocrx_word' id='word_1_782' title='bbox 2527 4125 2740 4193; x_wconf 82' lang='lat' dir='ltr'><strong>Remig.</strong></span> <span class='ocrx_word' id='word_1_783' title='bbox 2776 4132 2831 4176; x_wconf 89' lang='lat' dir='ltr'><strong>et</strong></span> <span class='ocrx_word' id='word_1_784' title='bbox 2859 4121 2992 4186; x_wconf 83' lang='lat' dir='ltr'><strong>Jol.,</strong></span> <span class='ocrx_word' id='word_1_785' title='bbox 3027 4127 3282 4191; x_wconf 68' lang='lat' dir='ltr'><strong>purgata.</strong></span> <span class='ocrx_word' id='word_1_786' title='bbox 3310 4116 3606 4193; x_wconf 72' lang='lat' dir='ltr'><strong>_Editiones</strong></span> 
     </span>
    </p>
   </div>
   <div class='ocr_carea' id='block_1_110' title="bbox 2011 4187 3610 4269">
    <p class='ocr_par' dir='ltr' id='par_1_110' title="bbox 2011 4187 3610 4269">
     <span class='ocr_line' id='line_1_110' title="bbox 2011 4187 3610 4269; baseline -0.009 -15"><span class='ocrx_word' id='word_1_787' title='bbox 2011 4198 2157 4269; x_wconf 79' lang='lat' dir='ltr'><strong>Mog.</strong></span> <span class='ocrx_word' id='word_1_788' title='bbox 2185 4207 2242 4253; x_wconf 87' lang='lat' dir='ltr'><strong>et</strong></span> <span class='ocrx_word' id='word_1_789' title='bbox 2266 4197 2431 4262; x_wconf 82' lang='lat' dir='ltr'><strong>Ven.,</strong></span> <span class='ocrx_word' id='word_1_790' title='bbox 2462 4187 2656 4269; x_wconf 70' lang='lat' dir='ltr'><strong>scripta</strong></span> <span class='ocrx_word' id='word_1_791' title='bbox 2690 4187 2855 4269; x_wconf 55' lang='lat' dir='ltr'><strong>&#39;cnim_</strong></span> <span class='ocrx_word' id='word_1_792' title='bbox 2891 4187 3037 4269; x_wconf 78' lang='lat' dir='ltr'><strong>sunt,</strong></span> <span class='ocrx_word' id='word_1_793' title='bbox 3075 4187 3348 4245; x_wconf 59' lang='lat' dir='ltr'><strong>et&#39;actoris</strong></span> <span class='ocrx_word' id='word_1_794' title='bbox 3383 4188 3465 4242; x_wconf 88' lang='lat' dir='ltr'><strong>sui</strong></span> <span class='ocrx_word' id='word_1_795' title='bbox 3497 4187 3610 4241; x_wconf 87' lang='lat' dir='ltr'><strong>edi-</strong></span> 
     </span>
    </p>
   </div>
   <div class='ocr_carea' id='block_1_111' title="bbox 2013 4264 3108 4340">
    <p class='ocr_par' dir='ltr' id='par_1_111' title="bbox 2013 4264 3108 4340">
     <span class='ocr_line' id='line_1_111' title="bbox 2013 4264 3108 4340; baseline -0.006 -18"><span class='ocrx_word' id='word_1_796' title='bbox 2013 4264 2152 4324; x_wconf 69' lang='lat' dir='ltr'><strong>tione</strong></span> <span class='ocrx_word' id='word_1_797' title='bbox 2166 4278 2433 4340; x_wconf 84' lang='lat' dir='ltr'><strong>purgata;</strong></span> <span class='ocrx_word' id='word_1_798' title='bbox 2463 4264 2764 4340; x_wconf 61' lang='lat' dir='ltr'><strong>referentes</strong></span> <span class='ocrx_word' id='word_1_799' title='bbox 2789 4264 2859 4318; x_wconf 84' lang='lat' dir='ltr'><strong>ad</strong></span> <span class='ocrx_word' id='word_1_800' title='bbox 2884 4264 3108 4340; x_wconf 71' lang='lat' dir='ltr'><strong>decreta.</strong></span> 
     </span>
    </p>
   </div>
   <div class='ocr_carea' id='block_1_112' title="bbox 2084 4328 3607 4410">
    <p class='ocr_par' dir='ltr' id='par_1_112' title="bbox 2084 4328 3607 4410">
     <span class='ocr_line' id='line_1_112' title="bbox 2084 4328 3607 4410; baseline -0.009 -15"><span class='ocrx_word' id='word_1_801' title='bbox 2084 4351 2123 4376; x_wconf 72' lang='grc' dir='ltr'><strong>π’</strong></span> <span class='ocrx_word' id='word_1_802' title='bbox 2154 4328 2353 4410; x_wconf 62' lang='lat' dir='ltr'><strong>Lugd,</strong></span> <span class='ocrx_word' id='word_1_803' title='bbox 2405 4328 2761 4410; x_wconf 21' lang='lat' dir='ltr'><strong>Lov.,7Duac.</strong></span> <span class='ocrx_word' id='word_1_804' title='bbox 2789 4345 2844 4390; x_wconf 91' lang='lat' dir='ltr'><strong>et</strong></span> <span class='ocrx_word' id='word_1_805' title='bbox 2889 4335 3079 4410; x_wconf 88' lang='lat' dir='ltr'><strong>_C_olon.</strong></span> <span class='ocrx_word' id='word_1_806' title='bbox 3105 4330 3336 4397; x_wconf 83' lang='lat' dir='ltr'><strong>addunt,</strong></span> <span class='ocrx_word' id='word_1_807' title='bbox 3386 4328 3607 4383; x_wconf 81' lang='lat' dir='ltr'><strong>ordinis.</strong></span> 
     </span>
    </p>
   </div>
   <div class='ocr_carea' id='block_1_113' title="bbox 2013 4404 3029 4476">
    <p class='ocr_par' dir='ltr' id='par_1_113' title="bbox 2013 4404 3029 4476">
     <span class='ocr_line' id='line_1_113' title="bbox 2013 4404 3029 4476; baseline -0.009 -10"><span class='ocrx_word' id='word_1_808' title='bbox 2013 4411 2214 4467; x_wconf 81' lang='lat' dir='ltr'><strong>Aberat</strong></span> <span class='ocrx_word' id='word_1_809' title='bbox 2237 4404 2274 4464; x_wconf 65' lang='grc' dir='ltr'>Ξ</span> <span class='ocrx_word' id='word_1_810' title='bbox 2307 4410 2494 4473; x_wconf 89' lang='lat' dir='ltr'><strong>Corb.,</strong></span> <span class='ocrx_word' id='word_1_811' title='bbox 2527 4409 2773 4476; x_wconf 84' lang='lat' dir='ltr'><strong>Mogunt.</strong></span> <span class='ocrx_word' id='word_1_812' title='bbox 2805 4415 2862 4461; x_wconf 80' lang='lat' dir='ltr'><strong>et</strong></span> <span class='ocrx_word' id='word_1_813' title='bbox 2892 4404 3029 4460; x_wconf 82' lang='lat' dir='ltr'><strong>Ven.</strong></span> 
     </span>
    </p>
   </div>
   <div class='ocr_carea' id='block_1_114' title="bbox 2085 4469 3609 4548">
    <p class='ocr_par' dir='ltr' id='par_1_114' title="bbox 2085 4469 3609 4548">
     <span class='ocr_line' id='line_1_114' title="bbox 2085 4469 3609 4548; baseline -0.009 -11"><span class='ocrx_word' id='word_1_814' title='bbox 2085 4491 2113 4518; x_wconf 71' lang='grc' dir='ltr'><strong>ιι</strong></span> <span class='ocrx_word' id='word_1_815' title='bbox 2142 4483 2236 4536; x_wconf 88' lang='lat' dir='ltr'><strong>Ms.</strong></span> <span class='ocrx_word' id='word_1_816' title='bbox 2269 4480 2402 4545; x_wconf 81' lang='lat' dir='ltr'><strong>Jol.,</strong></span> <span class='ocrx_word' id='word_1_817' title='bbox 2426 4469 2569 4548; x_wconf 84' lang='lat' dir='ltr'><strong>Mog.</strong></span> <span class='ocrx_word' id='word_1_818' title='bbox 2600 4469 2654 4532; x_wconf 52' lang='lat' dir='ltr'><strong>e&#39;t</strong></span> <span class='ocrx_word' id='word_1_819' title='bbox 2689 4477 2846 4539; x_wconf 78' lang='lat' dir='ltr'><strong>Ven.,</strong></span> <span class='ocrx_word' id='word_1_820' title='bbox 2872 4473 3220 4548; x_wconf 10' lang='lat' dir='ltr'><strong>cumiquibus.</strong></span> <span class='ocrx_word' id='word_1_821' title='bbox 3244 4470 3426 4548; x_wconf 72' lang='lat' dir='ltr'><strong>_Lttgd.</strong></span> <span class='ocrx_word' id='word_1_822' title='bbox 3452 4469 3609 4535; x_wconf 84' lang='lat' dir='ltr'><strong>edit.,</strong></span> 
     </span>
    </p>
   </div>
   <div class='ocr_carea' id='block_1_115' title="bbox 2015 4543 3380 4624">
    <p class='ocr_par' dir='ltr' id='par_1_115' title="bbox 2015 4543 3380 4624">
     <span class='ocr_line' id='line_1_115' title="bbox 2015 4543 3380 4624; baseline -0.006 -18"><span class='ocrx_word' id='word_1_823' title='bbox 2015 4554 2320 4624; x_wconf 86' lang='lat' dir='ltr'><strong>quibuscum</strong></span> <span class='ocrx_word' id='word_1_824' title='bbox 2341 4543 2440 4622; x_wconf 84' lang='lat' dir='ltr'><strong>egit</strong></span> <span class='ocrx_word' id='word_1_825' title='bbox 2454 4567 2474 4616; x_wconf 88' lang='grc'><strong><em>;</em></strong></span> <span class='ocrx_word' id='word_1_826' title='bbox 2501 4543 2628 4624; x_wconf 57' lang='lat' dir='ltr'><strong>aliae</strong></span> <span class='ocrx_word' id='word_1_827' title='bbox 2645 4561 2860 4624; x_wconf 76' lang='lat' dir='ltr'><strong>omnes,</strong></span> <span class='ocrx_word' id='word_1_828' title='bbox 2892 4543 3196 4624; x_wconf 55' lang='lat' dir='ltr'><strong>quibusfum</strong></span> <span class='ocrx_word' id='word_1_829' title='bbox 3220 4543 3380 4615; x_wconf 81' lang='lat' dir='ltr'><strong>degit.</strong></span> 
     </span>
    </p>
   </div>
   <div class='ocr_carea' id='block_1_116' title="bbox 2089 4612 3612 4690">
    <p class='ocr_par' dir='ltr' id='par_1_116' title="bbox 2089 4612 3612 4690">
     <span class='ocr_line' id='line_1_116' title="bbox 2089 4612 3612 4690; baseline -0.009 -11"><span class='ocrx_word' id='word_1_830' title='bbox 2089 4632 2113 4660; x_wconf 86' lang='grc' dir='ltr'><strong>ο</strong></span> <span class='ocrx_word' id='word_1_831' title='bbox 2164 4612 2391 4678; x_wconf 73' lang='grc' dir='ltr'><strong>Εόίιὶο.’</strong></span> <span class='ocrx_word' id='word_1_832' title='bbox 2418 4612 2653 4690; x_wconf 77' lang='lat' dir='ltr'><strong>append.</strong></span> <span class='ocrx_word' id='word_1_833' title='bbox 2708 4619 2846 4686; x_wconf 85' lang='lat' dir='ltr'><strong>Aug.</strong></span> <span class='ocrx_word' id='word_1_834' title='bbox 2897 4612 3024 4690; x_wconf 83' lang='lat' dir='ltr'><strong>tom.</strong></span> <span class='ocrx_word' id='word_1_835' title='bbox 3061 4616 3130 4681; x_wconf 87' lang='lat' dir='ltr'><strong>X,</strong></span> <span class='ocrx_word' id='word_1_836' title='bbox 3164 4631 3230 4669; x_wconf 84' lang='lat' dir='ltr'><strong>ex</strong></span> <span class='ocrx_word' id='word_1_837' title='bbox 3279 4612 3612 4690; x_wconf 38' lang='grc' dir='ltr'><strong>ἐπιδείξω-1)..</strong></span> 
     </span>
    </p>
   </div>
   <div class='ocr_carea' id='block_1_117' title="bbox 1961 4684 3614 4760">
    <p class='ocr_par' dir='ltr' id='par_1_117' title="bbox 1961 4684 3614 4760">
     <span class='ocr_line' id='line_1_117' title="bbox 1961 4684 3614 4760; baseline -0.007 -11"><span class='ocrx_word' id='word_1_838' title='bbox 1961 4685 1996 4760; x_wconf 46' lang='grc' dir='ltr'><strong>ᾗ</strong></span> <span class='ocrx_word' id='word_1_839' title='bbox 2022 4693 2122 4760; x_wconf 85' lang='lat' dir='ltr'><strong>Qui</strong></span> <span class='ocrx_word' id='word_1_840' title='bbox 2147 4704 2339 4758; x_wconf 89' lang='lat' dir='ltr'><strong>tamen,</strong></span> <span class='ocrx_word' id='word_1_841' title='bbox 2371 4691 2426 4746; x_wconf 87' lang='lat' dir='ltr'><strong>id</strong></span> <span class='ocrx_word' id='word_1_842' title='bbox 2455 4684 2554 4758; x_wconf 66' lang='lat' dir='ltr'><strong>cit,</strong></span> <span class='ocrx_word' id='word_1_843' title='bbox 2602 4684 2902 4745; x_wconf 75' lang='lat' dir='ltr'><strong>Cassianus.</strong></span> <span class='ocrx_word' id='word_1_844' title='bbox 2933 4689 3066 4742; x_wconf 64' lang='lat' dir='ltr'><strong>Alia</strong></span> <span class='ocrx_word' id='word_1_845' title='bbox 3093 4699 3282 4760; x_wconf 76' lang='lat' dir='ltr'><strong>omnes</strong></span> <span class='ocrx_word' id='word_1_846' title='bbox 3323 4684 3614 4760; x_wconf 78' lang='lat' dir='ltr'><strong>editiones,</strong></span> 
     </span>
    </p>
   </div>
   <div class='ocr_carea' id='block_1_118' title="bbox 2021 4755 3575 4831">
    <p class='ocr_par' dir='ltr' id='par_1_118' title="bbox 2021 4755 3575 4831">
     <span class='ocr_line' id='line_1_118' title="bbox 2021 4755 3575 4831; baseline -0.01 -10"><span class='ocrx_word' id='word_1_847' title='bbox 2021 4755 2144 4821; x_wconf 66' lang='lat' dir='ltr'><strong>cum</strong></span> <span class='ocrx_word' id='word_1_848' title='bbox 2172 4765 2278 4820; x_wconf 81' lang='lat' dir='ltr'><strong>Jul.</strong></span> <span class='ocrx_word' id='word_1_849' title='bbox 2310 4755 2365 4819; x_wconf 81' lang='lat' dir='ltr'><strong>et</strong></span> <span class='ocrx_word' id='word_1_850' title='bbox 2386 4755 2620 4831; x_wconf 71' lang='lat' dir='ltr'><strong>Remig,</strong></span> <span class='ocrx_word' id='word_1_851' title='bbox 2652 4761 2780 4826; x_wconf 79' lang='lat' dir='ltr'><strong>Qute</strong></span> <span class='ocrx_word' id='word_1_852' title='bbox 2803 4769 3005 4813; x_wconf 88' lang='lat' dir='ltr'><strong>tamen:</strong></span> <span class='ocrx_word' id='word_1_853' title='bbox 3028 4757 3279 4831; x_wconf 84' lang='lat' dir='ltr'><strong>subaudi,</strong></span> <span class='ocrx_word' id='word_1_854' title='bbox 3317 4755 3575 4831; x_wconf 75' lang='lat' dir='ltr'><strong>doctrina.</strong></span> 
     </span>
    </p>
   </div>
   <div class='ocr_carea' id='block_1_119' title="bbox 2092 4826 3618 4904">
    <p class='ocr_par' dir='ltr' id='par_1_119' title="bbox 2092 4826 3618 4904">
     <span class='ocr_line' id='line_1_119' title="bbox 2092 4826 3618 4904; baseline -0.007 -16"><span class='ocrx_word' id='word_1_855' title='bbox 2092 4848 2122 4888; x_wconf 74' lang='grc' dir='ltr'><strong>ι)</strong></span> <span class='ocrx_word' id='word_1_856' title='bbox 2162 4837 2305 4892; x_wconf 86' lang='lat' dir='ltr'><strong>Edit.</strong></span> <span class='ocrx_word' id='word_1_857' title='bbox 2356 4826 2568 4904; x_wconf 42' lang='lat' dir='ltr'><strong>Lugd,</strong></span> <span class='ocrx_word' id='word_1_858' title='bbox 2585 4833 2790 4899; x_wconf 86' lang='lat' dir='ltr'><strong>lenique</strong></span> <span class='ocrx_word' id='word_1_859' title='bbox 2817 4846 3126 4902; x_wconf 84' lang='lat' dir='ltr'><strong>progressu,</strong></span> <span class='ocrx_word' id='word_1_860' title='bbox 3154 4829 3336 4883; x_wconf 90' lang='lat' dir='ltr'><strong>minus</strong></span> <span class='ocrx_word' id='word_1_861' title='bbox 3382 4826 3521 4882; x_wconf 89' lang='lat' dir='ltr'><strong>bene</strong></span> <span class='ocrx_word' id='word_1_862' title='bbox 3559 4831 3618 4879; x_wconf 89' lang='lat' dir='ltr'><strong>ut</strong></span> 
     </span>
    </p>
   </div>
   <div class='ocr_carea' id='block_1_120' title="bbox 2023 4907 2256 4963">
    <p class='ocr_par' dir='ltr' id='par_1_120' title="bbox 2023 4907 2256 4963">
     <span class='ocr_line' id='line_1_120' title="bbox 2023 4907 2256 4963; baseline -0.009 -1"><span class='ocrx_word' id='word_1_863' title='bbox 2023 4907 2256 4963; x_wconf 86' lang='lat' dir='ltr'><strong>videtur.</strong></span> 
     </span>
    </p>
   </div>
   <div class='ocr_carea' id='block_1_121' title="bbox 2098 4965 3615 5048">
    <p class='ocr_par' dir='ltr' id='par_1_121' title="bbox 2098 4965 3615 5048">
     <span class='ocr_line' id='line_1_121' title="bbox 2098 4965 3615 5048; baseline -0.008 -19"><span class='ocrx_word' id='word_1_864' title='bbox 2098 4989 2128 5029; x_wconf 78' lang='grc' dir='ltr'><strong>«ι</strong></span> <span class='ocrx_word' id='word_1_865' title='bbox 2164 4978 2262 5032; x_wconf 79' lang='lat' dir='ltr'><strong>Ms.</strong></span> <span class='ocrx_word' id='word_1_866' title='bbox 2301 4975 2600 5048; x_wconf 71' lang='lat' dir='ltr'><strong>lol.,cujus</strong></span> <span class='ocrx_word' id='word_1_867' title='bbox 2614 4975 2855 5045; x_wconf 77' lang='lat' dir='ltr'><strong>formam.</strong></span> <span class='ocrx_word' id='word_1_868' title='bbox 2876 5009 2926 5026; x_wconf 92' lang='lat'><strong>..</strong></span> <span class='ocrx_word' id='word_1_869' title='bbox 2946 4970 3205 5048; x_wconf 63' lang='lat' dir='ltr'><strong>.viuentis,</strong></span> <span class='ocrx_word' id='word_1_870' title='bbox 3220 4969 3381 5037; x_wconf 85' lang='lat' dir='ltr'><strong>forte,</strong></span> <span class='ocrx_word' id='word_1_871' title='bbox 3410 4965 3615 5021; x_wconf 82' lang='lat' dir='ltr'><strong>viventi.</strong></span> 
     </span>
    </p>
   </div>
   <div class='ocr_carea' id='block_1_122' title="bbox 2101 5041 3188 5115">
    <p class='ocr_par' dir='ltr' id='par_1_122' title="bbox 2101 5041 3188 5115">
     <span class='ocr_line' id='line_1_122' title="bbox 2101 5041 3188 5115; baseline -0.009 -10"><span class='ocrx_word' id='word_1_872' title='bbox 2101 5060 2124 5088; x_wconf 70' lang='grc' dir='ltr'><strong>τ</strong></span> <span class='ocrx_word' id='word_1_873' title='bbox 2165 5051 2268 5104; x_wconf 86' lang='lat' dir='ltr'><strong>Ms.</strong></span> <span class='ocrx_word' id='word_1_874' title='bbox 2305 5041 2439 5115; x_wconf 66' lang='lat'><strong>301.,</strong></span> <span class='ocrx_word' id='word_1_875' title='bbox 2473 5041 2830 5115; x_wconf 68' lang='lat' dir='ltr'><strong>deﬁnitionem</strong></span> <span class='ocrx_word' id='word_1_876' title='bbox 2856 5041 3188 5098; x_wconf 81' lang='lat' dir='ltr'><strong>catholicam.</strong></span> 
     </span>
    </p>
   </div>
   <div class='ocr_carea' id='block_1_123' title="bbox 2103 5119 3619 5190">
    <p class='ocr_par' dir='ltr' id='par_1_123' title="bbox 2103 5119 3619 5190">
     <span class='ocr_line' id='line_1_123' title="bbox 2103 5119 3619 5190; baseline 0.017 -20"><span class='ocrx_word' id='word_1_877' title='bbox 2103 5128 2124 5156; x_wconf 83' lang='grc'><em>³</em></span> <span class='ocrx_word' id='word_1_878' title='bbox 2169 5121 2268 5178; x_wconf 85' lang='lat' dir='ltr'><strong>Ms.</strong></span> <span class='ocrx_word' id='word_1_879' title='bbox 2309 5119 2442 5188; x_wconf 75' lang='lat' dir='ltr'><strong>10L,</strong></span> <span class='ocrx_word' id='word_1_880' title='bbox 2481 5120 2773 5190; x_wconf 48' lang='lat' dir='ltr'><strong>principia.</strong></span> <span class='ocrx_word' id='word_1_881' title='bbox 3075 5185 3086 5190; x_wconf 92' lang='lat'>_</span> <span class='ocrx_word' id='word_1_882' title='bbox 3154 5180 3191 5190; x_wconf 70' lang='lat'><strong>__</strong></span> <span class='ocrx_word' id='word_1_883' title='bbox 3277 5181 3288 5190; x_wconf 89' lang='lat'>_</span> <span class='ocrx_word' id='word_1_884' title='bbox 3448 5177 3460 5190; x_wconf 91' lang='lat'><strong>.</strong></span> <span class='ocrx_word' id='word_1_885' title='bbox 3606 5175 3619 5188; x_wconf 76' lang='grc' dir='ltr'><strong>ο</strong></span> 
     </span>
    </p>
   </div>
   <div class='ocr_carea' id='block_1_124' title="bbox 2103 5180 3620 5260">
    <p class='ocr_par' dir='ltr' id='par_1_124' title="bbox 2103 5180 3620 5260">
     <span class='ocr_line' id='line_1_124' title="bbox 2103 5180 3620 5260; baseline -0.012 -13"><span class='ocrx_word' id='word_1_886' title='bbox 2103 5193 2123 5228; x_wconf 63' lang='grc' dir='ltr'>ί</span> <span class='ocrx_word' id='word_1_887' title='bbox 2169 5193 2268 5246; x_wconf 84' lang='lat' dir='ltr'><strong>Ms.</strong></span> <span class='ocrx_word' id='word_1_888' title='bbox 2307 5180 2441 5256; x_wconf 72' lang='lat' dir='ltr'><strong>10L,</strong></span> <span class='ocrx_word' id='word_1_889' title='bbox 2471 5180 2668 5243; x_wconf 76' lang='lat' dir='ltr'><strong>dicente</strong></span> <span class='ocrx_word' id='word_1_890' title='bbox 2707 5189 2864 5243; x_wconf 88' lang='lat' dir='ltr'><strong>etiam</strong></span> <span class='ocrx_word' id='word_1_891' title='bbox 2884 5185 3117 5260; x_wconf 71' lang='lat' dir='ltr'><strong>apostolo</strong></span> <span class='ocrx_word' id='word_1_892' title='bbox 3144 5180 3341 5260; x_wconf 76' lang='lat' dir='ltr'><strong>Paulo,</strong></span> <span class='ocrx_word' id='word_1_893' title='bbox 3372 5180 3620 5260; x_wconf 76' lang='lat' dir='ltr'><strong>q_uia_qui</strong></span> 
     </span>
    </p>
   </div>
   <div class='ocr_carea' id='block_1_125' title="bbox 2030 5249 3622 5335">
    <p class='ocr_par' dir='ltr' id='par_1_125' title="bbox 2030 5249 3622 5335">
     <span class='ocr_line' id='line_1_125' title="bbox 2030 5249 3622 5335; baseline -0.011 -17"><span class='ocrx_word' id='word_1_894' title='bbox 2030 5263 2139 5317; x_wconf 90' lang='lat' dir='ltr'><strong>dat.</strong></span> <span class='ocrx_word' id='word_1_895' title='bbox 2173 5249 2503 5335; x_wconf 9' lang='lat' dir='ltr'><strong>Hmcgverba,</strong></span> <span class='ocrx_word' id='word_1_896' title='bbox 2536 5260 2734 5335; x_wconf 81' lang='lat' dir='ltr'><strong>dicente</strong></span> <span class='ocrx_word' id='word_1_897' title='bbox 2761 5249 2998 5335; x_wconf 75' lang='lat' dir='ltr'><strong>apostolo</strong></span> <span class='ocrx_word' id='word_1_898' title='bbox 3027 5255 3228 5335; x_wconf 70' lang='lat' dir='ltr'><strong>absunt</strong></span> <span class='ocrx_word' id='word_1_899' title='bbox 3251 5251 3320 5306; x_wconf 90' lang='lat' dir='ltr'><strong>ab</strong></span> <span class='ocrx_word' id='word_1_900' title='bbox 3348 5249 3482 5335; x_wconf 57' lang='lat' dir='ltr'><strong>edit:</strong></span> <span class='ocrx_word' id='word_1_901' title='bbox 3510 5249 3622 5335; x_wconf 76' lang='lat' dir='ltr'><strong>Mo-</strong></span> 
     </span>
    </p>
   </div>
   <div class='ocr_carea' id='block_1_126' title="bbox 2030 5320 3621 5405">
    <p class='ocr_par' dir='ltr' id='par_1_126' title="bbox 2030 5320 3621 5405">
     <span class='ocr_line' id='line_1_126' title="bbox 2030 5320 3621 5405; baseline -0.011 -15"><span class='ocrx_word' id='word_1_902' title='bbox 2030 5343 2183 5405; x_wconf 88' lang='lat' dir='ltr'><strong>gunt.</strong></span> <span class='ocrx_word' id='word_1_903' title='bbox 2214 5343 2269 5390; x_wconf 90' lang='lat' dir='ltr'><strong>et</strong></span> <span class='ocrx_word' id='word_1_904' title='bbox 2296 5333 2454 5395; x_wconf 86' lang='lat' dir='ltr'><strong>Ven..</strong></span> <span class='ocrx_word' id='word_1_905' title='bbox 2490 5320 2541 5385; x_wconf 85' lang='lat' dir='ltr'><strong>in</strong></span> <span class='ocrx_word' id='word_1_906' title='bbox 2570 5332 2767 5405; x_wconf 88' lang='lat' dir='ltr'><strong>quibus</strong></span> <span class='ocrx_word' id='word_1_907' title='bbox 2797 5320 3069 5405; x_wconf 49' lang='lat' dir='ltr'><strong>:continua</strong></span> <span class='ocrx_word' id='word_1_908' title='bbox 3093 5323 3341 5405; x_wconf 71' lang='lat' dir='ltr'><strong>oratione</strong></span> <span class='ocrx_word' id='word_1_909' title='bbox 3390 5320 3621 5405; x_wconf 72' lang='lat' dir='ltr'><strong>habetur</strong></span> 
     </span>
    </p>
   </div>
   <div class='ocr_carea' id='block_1_127' title="bbox 2032 5393 3623 5476">
    <p class='ocr_par' dir='ltr' id='par_1_127' title="bbox 2032 5393 3623 5476">
     <span class='ocr_line' id='line_1_127' title="bbox 2032 5393 3623 5476; baseline -0.011 -14"><span class='ocrx_word' id='word_1_910' title='bbox 2032 5393 2172 5476; x_wconf 71' lang='lat' dir='ltr'><strong>post,</strong></span> <span class='ocrx_word' id='word_1_911' title='bbox 2202 5413 2250 5460; x_wconf 91' lang='lat' dir='ltr'><strong>et</strong></span> <span class='ocrx_word' id='word_1_912' title='bbox 2287 5393 2606 5458; x_wconf 79' lang='lat' dir='ltr'><strong>consummat</strong></span> <span class='ocrx_word' id='word_1_913' title='bbox 2641 5403 2694 5455; x_wconf 88' lang='lat' dir='ltr'><strong>in</strong></span> <span class='ocrx_word' id='word_1_914' title='bbox 2720 5401 2883 5476; x_wconf 72' lang='lat' dir='ltr'><strong>nobis,</strong></span> <span class='ocrx_word' id='word_1_915' title='bbox 2917 5406 2965 5476; x_wconf 77' lang='lat' dir='ltr'><strong>et</strong></span> <span class='ocrx_word' id='word_1_916' title='bbox 2991 5410 3178 5476; x_wconf 67' lang='lat' dir='ltr'><strong>partem</strong></span> <span class='ocrx_word' id='word_1_917' title='bbox 3202 5393 3623 5476; x_wconf 44' lang='lat' dir='ltr'><strong>adunanducan-</strong></span> 
     </span>
    </p>
   </div>
   <div class='ocr_carea' id='block_1_128' title="bbox 2033 5466 3622 5546">
    <p class='ocr_par' dir='ltr' id='par_1_128' title="bbox 2033 5466 3622 5546">
     <span class='ocr_line' id='line_1_128' title="bbox 2033 5466 3622 5546; baseline -0.009 -14"><span class='ocrx_word' id='word_1_918' title='bbox 2033 5466 2495 5546; x_wconf 38' lang='lat' dir='ltr'><strong>dum&#39;praastat,“</strong></span> <span class='ocrx_word' id='word_1_919' title='bbox 2515 5488 2748 5546; x_wconf 72' lang='lat' dir='ltr'><strong>crescere</strong></span> <span class='ocrx_word' id='word_1_920' title='bbox 2777 5470 2900 5546; x_wconf 70' lang='lat' dir='ltr'><strong>[acit</strong></span> <span class='ocrx_word' id='word_1_921' title='bbox 2930 5466 3374 5546; x_wconf 62' lang='lat' dir='ltr'><strong>[motus_justitiw</strong></span> <span class='ocrx_word' id='word_1_922' title='bbox 3396 5471 3622 5546; x_wconf 71' lang='lat' dir='ltr'><strong>_nostraz.</strong></span> 
     </span>
    </p>
   </div>
   <div class='ocr_carea' id='block_1_129' title="bbox 2033 5535 3626 5616">
    <p class='ocr_par' dir='ltr' id='par_1_129' title="bbox 2033 5535 3626 5616">
     <span class='ocr_line' id='line_1_129' title="bbox 2033 5535 3626 5616; baseline -0.01 -12"><span class='ocrx_word' id='word_1_923' title='bbox 2033 5548 2094 5604; x_wconf 87' lang='lat' dir='ltr'><strong>In</strong></span> <span class='ocrx_word' id='word_1_924' title='bbox 2125 5535 2252 5603; x_wconf 82' lang='lat' dir='ltr'><strong>edit.</strong></span> <span class='ocrx_word' id='word_1_925' title='bbox 2286 5535 2483 5616; x_wconf 73' lang='lat' dir='ltr'><strong>Lugd,</strong></span> <span class='ocrx_word' id='word_1_926' title='bbox 2514 5543 2745 5608; x_wconf 91' lang='lat' dir='ltr'><strong>Lovan.,</strong></span> <span class='ocrx_word' id='word_1_927' title='bbox 2774 5535 3022 5616; x_wconf 78' lang='lat' dir='ltr'><strong>Duac._e_t</strong></span> <span class='ocrx_word' id='word_1_928' title='bbox 3056 5535 3448 5616; x_wconf 59' lang='lat' dir='ltr'><strong>Col&#39;o_n.,pa_ulo</strong></span> <span class='ocrx_word' id='word_1_929' title='bbox 3471 5537 3626 5589; x_wconf 87' lang='lat' dir='ltr'><strong>aliter</strong></span> 
     </span>
    </p>
   </div>
   <div class='ocr_carea' id='block_1_130' title="bbox 2040 5609 3628 5688">
    <p class='ocr_par' dir='ltr' id='par_1_130' title="bbox 2040 5609 3628 5688">
     <span class='ocr_line' id='line_1_130' title="bbox 2040 5609 3628 5688; baseline -0.012 -13"><span class='ocrx_word' id='word_1_930' title='bbox 2040 5609 2396 5688; x_wconf 64' lang='grc' dir='ltr'><strong>ὀίεαι]ευίιυὶ</strong></span> <span class='ocrx_word' id='word_1_931' title='bbox 2424 5609 2540 5670; x_wconf 64' lang='lat' dir='ltr'><strong>haec</strong></span> <span class='ocrx_word' id='word_1_932' title='bbox 2561 5613 2851 5688; x_wconf 83' lang='lat' dir='ltr'><strong>sententia,</strong></span> <span class='ocrx_word' id='word_1_933' title='bbox 2887 5609 3138 5688; x_wconf 63' lang='lat' dir='ltr'><strong>scilicet:</strong></span> <span class='ocrx_word' id='word_1_934' title='bbox 3171 5609 3273 5676; x_wconf 86' lang='lat' dir='ltr'><strong>Qui</strong></span> <span class='ocrx_word' id='word_1_935' title='bbox 3322 5610 3412 5663; x_wconf 89' lang='lat' dir='ltr'><strong>dat</strong></span> <span class='ocrx_word' id='word_1_936' title='bbox 3456 5620 3628 5688; x_wconf 71' lang='lat' dir='ltr'><strong>semen</strong></span> 
     </span>
    </p>
   </div>
   <div class='ocr_carea' id='block_1_131' title="bbox 2039 5676 3630 5756">
    <p class='ocr_par' dir='ltr' id='par_1_131' title="bbox 2039 5676 3630 5756">
     <span class='ocr_line' id='line_1_131' title="bbox 2039 5676 3630 5756; baseline -0.012 -10"><span class='ocrx_word' id='word_1_937' title='bbox 2039 5676 2338 5752; x_wconf 62' lang='lat' dir='ltr'><strong>semindnti,</strong></span> <span class='ocrx_word' id='word_1_938' title='bbox 2371 5696 2420 5742; x_wconf 86' lang='lat' dir='ltr'><strong>et</strong></span> <span class='ocrx_word' id='word_1_939' title='bbox 2448 5699 2630 5756; x_wconf 86' lang='lat' dir='ltr'><strong>panem</strong></span> <span class='ocrx_word' id='word_1_940' title='bbox 2677 5683 2744 5736; x_wconf 90' lang='lat' dir='ltr'><strong>ad</strong></span> <span class='ocrx_word' id='word_1_941' title='bbox 2773 5679 3228 5756; x_wconf 77' lang='lat' dir='ltr'><strong>manducandum;</strong></span> <span class='ocrx_word' id='word_1_942' title='bbox 3274 5676 3532 5753; x_wconf 72' lang='lat' dir='ltr'><strong>prastabit</strong></span> <span class='ocrx_word' id='word_1_943' title='bbox 3579 5682 3630 5729; x_wconf 86' lang='lat' dir='ltr'><strong>et</strong></span> 
     </span>
    </p>
   </div>
   <div class='ocr_carea' id='block_1_132' title="bbox 2040 5751 3134 5831">
    <p class='ocr_par' dir='ltr' id='par_1_132' title="bbox 2040 5751 3134 5831">
     <span class='ocr_line' id='line_1_132' title="bbox 2040 5751 3134 5831; baseline -0.009 -13"><span class='ocrx_word' id='word_1_944' title='bbox 2040 5778 2265 5818; x_wconf 82' lang='lat' dir='ltr'><strong>crescere</strong></span> <span class='ocrx_word' id='word_1_945' title='bbox 2295 5751 2458 5831; x_wconf 71' lang='lat' dir='ltr'><strong>faciet</strong></span> <span class='ocrx_word' id='word_1_946' title='bbox 2475 5760 2677 5828; x_wconf 82' lang='lat' dir='ltr'><strong>fructus</strong></span> <span class='ocrx_word' id='word_1_947' title='bbox 2696 5751 2919 5823; x_wconf 70' lang='lat' dir='ltr'><strong>iustitia:</strong></span> <span class='ocrx_word' id='word_1_948' title='bbox 2933 5762 3134 5808; x_wconf 75' lang='lat' dir='ltr'><strong>uestra.</strong></span> 
     </span>
    </p>
   </div>
  </div>
