4028 6352
409 354 513 414 219

1656 344 1713 402 S.
1754 342 2092 407 PROSPERI
2131 342 2457 413 AQUITANI

3591 352 3711 415 220

412 476 481 549 (Il
501 473 623 531 Cor.
656 487 735 545 ts,
772 467 887 545 ιο),
927 468 1031 539 Qui
1056 468 1147 529 dat
1191 481 1362 523 semen
1402 464 1705 533 «minanti,
1745 475 1789 521 et
1820 480 2006 537 panem
2032 466 2087 526 Α
2110 464 2348 530 salutem.
2380 463 2749 525 incrementum
2777 462 3001 525 tribuens
3026 463 3093 537 ei,
3126 479 3281 535 quam
3300 463 3381 523 vel
3410 466 3521 541 ipse
3546 469 3706 540 plan-

413 571 483 627 ad
509 566 931 624 manducandum
972 561 1254 632 prmtabit,
1282 566 1332 617 et
1362 574 1589 619 crescere
1622 558 1775 631 faciet
1803 557 2005 629 {ructus

414 663 628 729 iustitia
664 668 865 717 vestra.
900 656 998 717 llic
1028 670 1097 711 ne
1138 654 1259 725 quis
1292 661 1507 725 putaret
1554 651 1690 707 nihil
1719 664 2007 721 superesse

415 754 560 827 quod
596 768 691 821 per
741 751 974 807 liberum
1006 756 1259 819 ageretur
1307 746 1616 812 arbitrium,
1651 758 1756 800 non
1790 743 2004 801 irratio-

417 846 676 902 nabiliter
702 842 902 913 adjecit
928 856 1037 911 quo
1063 840 1358 912 probaret,
1390 853 1498 897 non
1530 837 1732 895 auferri
1760 835 1889 897 illud
1921 837 2008 893 his

416 938 596 1003 donis,
624 936 723 991 sed
751 936 933 1006 potius
961 931 1231 1000 roborari,
1286 932 1391 988 nisi
1422 940 1447 969 α
1475 932 1777 988 revolutum
1802 929 1872 986 ad
1905 929 2006 987 ini-

418 1032 656 1101 quitates
695 1044 841 1095 suas,
875 1028 943 1087 ab
971 1026 1176 1089 auxilio
1215 1024 1313 1083 Dei
1359 1040 1420 1083 se
1448 1023 1476 1064 δ
1507 1024 1696 1083 mallet
1740 1032 2003 1079 avertere.

420 1126 669 1181 Nostrum
698 1139 814 1179 vero
864 1130 961 1187 est,
1014 1120 1207 1191 inquit,
1253 1120 1484 1191 quotidie
1528 1117 1868 1172 attraltentem
1916 1131 2007 1171 nos

417 1216 640 1288 gratiam
670 1214 769 1275 Dei
800 1222 855 1269 ut
883 1211 1145 1273 humiliter
1174 1211 1565 1281 subsequuntur,
1599 1220 1619 1247 ο
1651 1210 1726 1267 vel
1753 1219 1883 1264 certe
1910 1207 2008 1267 du-

417 1328 477 1367 ra
504 1310 693 1364 cervice
731 1319 777 1362 et
805 1306 1196 1371 incircumcisis,
1241 1314 1295 1359 ut
1324 1306 1575 1374 scriptum
1616 1313 1691 1365 est
1720 1303 1859 1373 (Act.
1907 1317 2005 1371 vu,

420 1402 532 1473 5|),
556 1400 766 1455 auribus
786 1400 950 1455 eidem
977 1400 1291 1467 resistentes,
1315 1414 1408 1467 per
1428 1395 1707 1453 Ieremiam
1724 1411 2008 1455 mereamur

418 1496 621 1558 audire,
651 1493 814 1565 31a
848 1491 1121 1560 Numquid
1164 1492 1252 1559 qui
1300 1491 1440 1545 cadit
1469 1505 1569 1543 non
1605 1490 1872 1558 resurget?
1918 1496 2008 1547 aut

418 1590 506 1659 qui
529 1604 739 1642 aversus
761 1595 857 1652 est,
882 1603 984 1640 non
1014 1594 1290 1649 revertetur
1324 1583 1537 1657 (Jerem.
1569 1599 1682 1649 vut,
1703 1581 1792 1653 4)?
1837 1582 2009 1649 Quare

420 1698 543 1752 ergo
564 1697 772 1739 aversus
801 1691 875 1737 est
905 1680 1133 1751 populus
1182 1680 1278 1734 iste
1312 1680 1365 1733 in
1392 1676 1704 1745 Jerusalem,
1744 1678 2008 1733 aversione

420 1776 740 1829 contentiosa
762 1790 780 1827 :
822 1774 1188 1831 induraverunt
1226 1773 1444 1829 cervices
1476 1788 1617 1838 suas,
1647 1779 1695 1825 et
1733 1772 2011 1827 noluerunt

2111 560 2255 628 tavit,
2277 566 2319 596 ι·
2346 559 2425 615 vel
2451 568 2629 617 nostro
2649 570 2835 625 conatu
2882 561 3063 619 viderit
3091 562 3368 618 emersisse.
3398 562 3463 617 Et
3490 562 3577 620 hic
3600 579 3705 634 po-

2112 659 2222 715 test
2268 651 2445 713 adhuc
2475 651 2679 717 dicere.
2722 653 2869 711 illius
2899 668 2958 709 se
2984 662 3161 709 ortum
3201 654 3359 711 bonae
3403 656 3704 717 voluntatis

2109 745 2462 817 signiﬁcasse,
2492 746 2647 817 cujus
2669 760 2700 809 a
2730 746 2839 803 Deo
2860 755 2889 783 ιι
2924 748 3030 809 sint,
3058 748 3294 827 plantata
3324 748 3409 805 vel
3441 750 3700 819 inspirata

2111 839 2409 908 principia;
2452 838 2577 911 quia
2624 838 2693 895 ab
2738 837 3054 903 illuminatis
3100 839 3211 909 jam
3238 841 3490 901 cordibus
3517 851 3541 878 ο
3570 857 3702 913 pos—

2109 930 2220 993 sint
2246 928 2489 993 salubres
2512 930 2730 1000 prodire
2749 939 2995 1003 conatus,
3017 932 3106 1009 qui
3133 930 3253 999 ideo
3276 933 3443 1009 ipsius
3462 933 3699 997 hominis

2110 1021 2315 1093 proprii
2338 1036 2458 1089 esse
2503 1021 2775 1094 dicantur,
2805 1023 2928 1095 quia
2952 1022 3063 1095 jam
3106 1022 3373 1091 bonorum
3403 1036 3702 1082 conatuum

2112 1118 2379 1186 acceperit
2427 1115 2775 1186 facultatem.
2826 1131 3119 1188 eorumque
3166 1118 3373 1185 semina
3418 1119 3486 1185 ad
3535 1135 3702 1178 suum

2111 1208 2414 1271 referantur
2442 1218 2737 1277 auctorem.
3609 1258 3641 1287 .

2184 1300 2352 1377 [Alias
2379 1303 2507 1357 CAP.
2541 1300 2656 1374 11].]
2685 1304 2739 1357 4.
2769 1300 2879 1359 Sed
2909 1310 2963 1358 et
2992 1302 3043 1357 in
3075 1302 3310 1375 capitulo
3349 1318 3490 1359 nono
3514 1292 3706 1360 subdi-

2111 1395 2207 1461 dit,
2252 1407 2278 1445 Ρ
2310 1404 2364 1450 et
2393 1394 2529 1450 dixit
2560 1413 2571 1447 :
2610 1393 2760 1449 Unde
2790 1411 2891 1449 non
2920 1396 3075 1468 facile
3114 1398 3338 1450 humana
3367 1400 3561 1452 ratione
3589 1400 3707 1457 dis-

2113 1489 2360 1557 cernitur,
2416 1488 2847 1560 quemadmodum
2880 1488 3129 1544 Dominus
3161 1492 3443 1558 petentibus
3483 1492 3698 1560 tribuat,

2112 1599 2143 1635 a
2186 1582 2527 1650 querentibus
2557 1580 2870 1643 inveniatur,
2920 1582 3215 1651 operiatque
3261 1581 3624 1653 pulsantibus:
3652 1594 3705 1638 et

2111 1691 2290 1729 rursus
2314 1675 2600 1728 inveniatur
2638 1690 2669 1727 a
2706 1690 2806 1727 non
2834 1676 3175 1745 quaerentibus
3216 1692 3288 1741 se,
3326 1686 3353 1726 ιι
3400 1677 3569 1749 palam
3601 1694 3705 1748 ap-

2116 1775 2292 1836 pareat
2320 1766 2453 1819 inter
2481 1764 2603 1819 i'llos
2635 1765 2719 1835 qui
2744 1764 2895 1819 illum
2944 1781 3046 1819 non
3094 1767 3510 1837 interrogabant;
3537 1768 3706 1840 313

418 1868 639 1923 reverti?
666 1864 691 1904 ά
719 1865 854 1925 Item
901 1867 1062 1929 inira,
1103 1880 1227 1923 cum
1279 1866 1460 1922 omnia
1508 1865 1775 1920 virtutum
1828 1864 2007 1919 studia
2037 1868 2086 1929 Β
2114 1868 2217 1914 tota
2244 1859 2326 1912 die
2353 1858 2611 1930 expandat
2649 1874 2833 1911 manus
2873 1874 2993 1911 suos
3030 1857 3099 1911 ad
3126 1858 3377 1931 populum
3400 1877 3499 1913 non
3536 1871 3557 1897 ι’
3590 1878 3708 1913 crc-

424 1961 518 2017 Dei
548 1962 717 2031 gratia
753 1961 1001 2031 indigere
1026 1962 1323 2028 docuisset,
1379 1959 1739 2031 probabiliter
1772 1958 2004 2027 addidit,

420 2053 609 2109 dicens
656 2051 876 2126 (Collat.
910 2053 999 2123 l5,
1033 2070 1079 2108 c.
1114 2054 1201 2124 6):
1239 2054 1368 2119 Qua:
1396 2054 1591 2115 omnia,
1641 2052 1772 2107 sicut
1808 2051 2009 2107 deside-

416 2146 524 2200 rari
553 2164 587 2201 a
614 2146 759 2201 nobis
780 2148 976 2217 jugiter
997 2146 1186 2219 absque
1211 2146 1386 2201 divina
1407 2145 1744 2215 inspiratione
1767 2160 1867 2197 non
1891 2160 2007 2211 pos—

418 2249 560 2305 sunt,
582 2249 605 2278 ο
634 2239 709 2295 ita
728 2255 817 2295 nec
839 2239 1017 2310 perﬁci
1041 2240 1247 2310 quidem
1269 2240 1378 2293 sine
1397 2238 1508 2304 eius
1529 2238 1725 2292 auxilio
1752 2236 2008 2299 ullatenus

418 2342 632 2406 queunt.

489 2427 543 2481 '5.
576 2426 633 2480 ln
666 2425 897 2496 septimo
922 2432 1102 2481 autem
1131 2424 1366 2496 capitulo
1396 2424 1588 2497 (Nunc
1636 2438 1711 2481 est
1757 2442 1871 2497 cap.
1904 2425 2002 2495 8).

416 2520 727 2591 generalem
781 2520 972 2576 volens
1024 2517 1316 2575 ostendere
1361 2519 1592 2589 gratiam
1633 2516 1857 2588 Christi,
1888 2533 2009 2588 illita

421 2615 627 2669 nullum
651 2628 1037 2685 usquequaque
1063 2611 1082 2652 τ
1113 2612 1395 2669 hominum
1417 2613 1812 2684 praetermittat,
1842 2622 1895 2667 et
1922 2628 2009 2669 re-

423 2709 590 2765 belles
638 2724 851 2780 quoque
883 2719 908 2757 ε
960 2708 1325 2779 adversosque
1376 2722 1481 2764 non
1536 2707 1792 2764 deserat:
1850 2707 2009 2763 Adest

416 2801 593 2872 igitur,
624 2802 816 2871 inquit,
846 2800 1256 2871 inseparabiliter
1301 2801 1442 2856 nobis
1469 2798 1499 2841 δ
1525 2800 1698 2855 divina
1729 2803 2006 2871 protectia,

418 2903 654 2963 tantaque
678 2903 753 2947 est
783 2910 905 2963 erga
947 2903 1238 2948 creaturam
1266 2910 1416 2947 suam
1442 2894 1604 2963 pietas
1633 2892 1922 2958 Creatoris,
1950 2902 2008 2953 ut

417 3001 519 3038 non
548 2984 714 3037 solum
742 2984 1014 3039 comitetur
1036 3001 1170 3049 eam,
1209 2984 1299 3040 sed
1328 2986 1480 3043 etiam
1524 2986 1780 3054 pracedat
1818 2984 1833 3025 ί
1865 2986 2009 3057 iugi-.-

416 3084 494 3129 ter
517 3075 853 3143 providentia.
881 3075 937 3130 ln
962 3090 1069 3146 quo
1097 3084 1275 3146 potest
1295 3075 1489 3143 videri,
1522 3077 1591 3134 ob
1618 3076 1725 3132 hoc
1754 3078 2005 3139 comitem

417 3166 625 3222 divisse
654 3167 1066 3236 providentiam,
1092 3169 1214 3237 quia
1239 3169 1253 3219 l
1285 3170 1449 3225 etiam
1473 3168 1785 3227 deserentes
1810 3184 1869 3225 se
1896 3170 2007 3239 ple.

2113 1954 2314 2007 dentem
2344 1952 2439 2005 sibi
2462 1960 2507 2003 et
2537 1952 2992 2017 contradicentem,
3020 1952 3309 2005 resistentes
3342 1967 3402 2005 ac
3438 1952 3585 2022 longe
3609 1968 3710 2021 po-

2112 2050 2237 2102 sitos
2265 2056 2401 2100 vocet
2428 2044 2578 2117 (lsai.
2606 2060 2734 2111 va,
2768 2044 2840 2114 l),
2870 2044 3052 2097 invitos
3097 2043 3323 2097 attrahat
3358 2044 3425 2097 ad
3454 2047 3706 2109 salutent,

2115 2157 2325 2209 peccare
2350 2140 2693 2209 cupientibus,
2726 2136 2998 2207 explenda
3037 2138 3239 2205 copiam
3264 2136 3531 2191 subtrahat
3560 2146 3583 2176 ⁸
3614 2153 3709 2190 vo-

2114 2236 2349 2298 luntatis,
2380 2234 2447 2287 ad
2470 2234 2753 2304 nequitiam
2775 2232 3170 2303 pr0perantibus
3198 2232 3443 2301 benignus
3463 2231 3702 2285 obsistat.

2113 2325 2231 2381 lam
2260 2328 2345 2379 hic
2374 2327 2523 2394 quasi
2556 2340 2651 2393 per
2681 2325 3085 2381 inscrutabilem
3129 2324 3493 2381 diversitatem
3526 2327 3705 2380 intro-

2112 2418 2325 2473 ducitur
2362 2417 2635 2484 definitio,
2669 2418 2687 2453 ί
2719 2433 2820 2487 qua
2865 2416 3091 2473 docetur
3125 2418 3322 2473 multos
3360 2418 3426 2471 ad
3469 2418 3709 2488 gratiam

2112 2512 2299 2566 venire
2337 2511 2454 2565 sine
2497 2509 2688 2580 gratia,
2721 2519 2775 2567 et
2804 2510 2945 2575 hunc
2980 2511 3232 2568 achctum
3280 2511 3521 2583 petendi,
3550 2526 3707 2582 quae-

2113 2601 2290 2669 rendi,
2326 2610 2354 2643 κ
2374 2602 2642 2673 pulsandi,
2668 2602 2869 2659 habere
2891 2603 3152 2674 quosdam
3177 2602 3250 2660 de
3271 2603 3537 2674 vigilantia
3566 2604 3707 2662 libe-

2111 2712 2188 2753 rae
2235 2697 2550 2763 voluntatis;
2601 2712 2721 2768 quae
2749 2706 2929 2752 tamen
2971 2698 3026 2752 in
3072 2697 3197 2753 aliis
3241 2706 3388 2752 tanta
3417 2698 3710 2755 aversione

2112 2792 2383 2847 obcmcata
2436 2791 2771 2861 perhibetur,
2809 2801 2863 2846 ut
2894 2792 3059 2846 nullis
3112 2792 3577 2848 cohortationibus
3626 2793 3708 2849 sit

2111 2886 2455 2953 revocabilis,
2510 2886 2614 2942 nisi
2664 2901 2761 2958 per
2790 2886 2900 2943 vim
2936 2888 3197 2947 trahentis
3236 2889 3399 2945 invita
3450 2889 3705 2945 ducatur.

2111 2979 2277 3047 Quasi
2306 2987 2335 3017 ν
2364 2994 2472 3037 non
2506 2988 2618 3034 toto
2664 2978 3011 3043 multiformis
3067 2982 3252 3053 gratia:
3296 2996 3459 3053 apere
3514 2981 3709 3041 hocin

2112 3073 2352 3129 omnium
2376 3082 2563 3144 agatur
2590 3072 2807 3137 animis.
2832 3082 2891 3133 ut
2911 3089 2976 3131 es
3010 3075 3317 3135 nolentibus
3358 3076 3487 3137 (iant
3514 3075 3708 3130 volen-

2118 3174 2229 3232 tes;
2270 3174 2362 3221 aut
2401 3165 2682 3237 quisquam
2710 3181 2775 3223 ex
2800 3166 2887 3224 his
2940 3166 3033 3238 qui
3079 3169 3188 3236 jam
3231 3168 3434 3239 judicio
3474 3168 3708 3224 rationis

416 3274 645 3328 rumque
675 3274 781 3312 non
807 3257 1052 3325 deserat;
1078 3261 1160 3314 vel
1187 3258 1311 3329 quia
1344 3276 1532 3315 omnes
1556 3275 1691 3331 quos
1723 3262 2002 3330 praevenit,
2034 3274 2079 3339 α
2110 3270 2351 3325 utuntur,
2373 3260 2539 3328 possit
2566 3258 2724 3315 ﬁdem
2752 3259 2854 3314 nisi
2876 3260 3155 3319 voluntate
3172 3260 3467 3331 suscipere.
3495 3267 3524 3298 ι
3547 3259 3710 3315 Unde

416 3350 634 3409 eosdem
666 3350 1044 3419 subsequatur.
1083 3348 1110 3388 ¹ι
1144 3350 1398 3422 Sequitur
1423 3359 1604 3407 autem
1634 3352 1820 3407 dicens
1846 3369 1860 3407 :
1904 3353 2005 3423 Qui

416 3458 527 3503 cum
555 3444 609 3497 in
631 3442 774 3501 nobis
802 3452 973 3511 ortum
1002 3444 1275 3515 quemdam
1303 3444 1447 3499 bona:
1467 3444 1743 3500 voluntatis
1771 3446 2005 3516 inspexe-

415 3538 500 3605 rit,
530 3536 789 3593 illuminat
815 3553 930 3593 eam
961 3535 1007 3606 ι,
1033 3547 1185 3607 atque
1208 3542 1489 3608 confortat,
1529 3546 1683 3609 atque
1729 3539 1909 3612 dirigit
1937 3540 2006 3597 ad

485 3820 513 3851 ι
550 3810 639 3868 Sic
687 3826 789 3867 ms.
846 3810 1123 3875 Joliensis.
1164 3825 1288 3867 cum
1317 3807 1450 3865 edit.
1483 3807 1715 3879 Lovan.,
1745 3808 1913 3866 Duae.
1946 3816 2002 3865 et

414 3880 607 3937 Colon.
638 3892 692 3936 et
716 3882 853 3951 Aug.
886 3882 1075 3938 editio.
1097 3884 1166 3941 At
1195 3896 1327 3937 vero
1350 3895 1454 3936 ms.
1497 3879 1708 3949 Remig.
1734 3895 1853 3936 cum
1888 3881 2002 3936 Mo-

415 3962 588 4022 gunt.,
622 3952 759 4008 Ven.
804 3964 857 4008 et
886 3953 1081 4021 Lugd.,
1121 3954 1399 4009 revolutus.
1431 3951 1583 4017 Quod
1612 3952 1666 4009 in
1700 3952 2001 4023 marginem

416 4022 675 4094 reiectum
722 4026 773 4077 in
814 4024 1083 4094 posterius
1112 4023 1292 4087 editis,
1332 4038 1454 4094 cum
1488 4023 1591 4094 hac
1618 4022 1998 4091 annotatione,

416 4093 497 4165 vel
517 4095 562 4148 si
592 4096 728 4164 legas
757 4092 1123 4165 in'masculino
1150 4110 1349 4165 genere,
1386 4092 1541 4160 adde,
1574 4093 1747 4149 homo.

484 4162 513 4203 δ
543 4162 758 4237 δίδως.
784 4164 903 4237 .lul.
930 4180 1052 4220 cum
1075 4162 1243 4235 Mog,
1277 4164 1415 4237 Ven.
1451 4166 1749 4237 etAUgust.
1774 4165 1906 4227 edit,
1933 4179 2003 4225 ex

418 4249 517 4290 ms.
544 4235 702 4291 Corb.
730 4236 834 4289 Alii
864 4237 1097 4301 Codices,
1114 4252 1166 4290 se
1192 4236 1358 4291 malit.

490 4317 513 4349 ο
544 4308 631 4362 Sic
656 4308 849 4377 legitur
875 4309 925 4365 in
956 4322 1056 4363 ms.
1088 4304 1339 4373 Joliensi,
1367 4314 1421 4377 et
1445 4306 1495 4359 in
1520 4305 1650 4361 edit.
1683 4306 1922 4377 Mogunt.
1946 4315 2000 4360 et

419 4377 554 4432 Ven.
590 4392 687 4433 nec
713 4375 818 4433 non
845 4380 893 4433 in
926 4378 1161 4448 append.
1190 4387 1322 4435 tom.
1350 4375 1396 4432 Χ
1417 4376 1553 4446 Aug.
1586 4391 1651 4431 ex
1678 4375 1997 4443 ms.'(‘.orb.,

417 4460 642 4518 excepto
666 4451 807 4519 quod
838 4450 888 4507 in
922 4451 1063 4518 Mog.
1090 4458 1143 4505 et
1165 4448 1300 4504 Ven.
1328 4448 1527 4519 legitur
1551 4448 1771 4519 cervices
1800 4449 2001 4517 absque

417 4535 549 4574 voce
579 4518 697 4575 hac’
720 4538 860 4576 suas.
894 4521 951 4576 In
976 4520 1097 4576 aliis
1130 4534 1258 4575 vero
1289 4520 1421 4577 edit.
1468 4518 1690 4585 omisso,
1724 4519 1803 4579 vel
1837 4530 1999 4579 certe:

417 4606 479 4645 ne
501 4592 633 4646 dura
649 4594 835 4649 cervice
861 4600 907 4646 et
934 4591 1304 4647 incircumcisis
1326 4589 1540 4646 auribus
1563 4590 1724 4645 eidem
1764 4592 2004 4651 resisten-

417 4668 511 4725 tes,
545 4672 651 4718 etc.

485 4732 513 4773 ει
537 4732 630 4789 Sic
656 4735 895 4809 mmini.
932 4750 1058 4809 cum
1082 4734 1248 4809 Μρες,
1271 4731 1413 4809 AVen.
1448 4743 1505 4793 et
1547 4731 1675 4791 edit.
1709 4748 1831 4809 app.
1861 4737 1997 4807 Aug.

415 4818 487 4860 ex
523 4822 622 4860 ms.
656 4805 813 4862 Corb.
848 4806 1082 4875 Reliqui,
1108 4803 1185 4875 Et
1200 4805 1357 4875 infra.

490 4887 512 4914 ο
548 4878 621 4932 Ita
656 4893 757 4932 ms.
790 4878 896 4933 Jul.
938 4872 1145 4932 et'edit.
1171 4872 1309 4943 Mog.
1342 4888 1404 4928 ac
1420 4872 1559 4929 Ven.
1587 4874 1806 4942 Cmteri,
1838 4879 1911 4939 ita
1940 4894 1999 4941 ne

414 4950 613 5019 perﬁci.
646 4950 703 5004 lu
744 4950 940 5004 cedent
970 4964 1071 5019 ms.
1102 4946 1205 5001 Jul.
1234 4960 1396 5013 supra
1428 4947 1716 5016 omittitur,
1750 4949 1943 5013 dicens.

488 5021 506 5057 τ
530 5020 757 5086 Quidam
780 5020 1015 5083 codices,
1040 5017 1315 5071 hominem.

484 5100 508 5135 ι
538 5092 637 5148 Ms.
661 5091 846 5157 Corb.,
880 5105 1200 5159 aversosque.
1230 5087 1374 5144 Edil.
1408 5088 1550 5161 Mog.
1582 5098 1636 5146 et
1670 5089 1833 5158 Ven.,
1882 5107 1998 5161 per-

412 5178 695 5219 rcrsosaue.

484 5182 884 5301 lf‘llsi'cuilovanq
911 5232 1078 5293 Duae.
1102 5237 1159 5287 et
1173 5228 1361 5286 Colon.
1392 5230 1597 5287 addunt
1620 5248 1849 5301 semper:
1878 5248 1995 5300 quae

412 5318 513 5357 vox
535 5305 687 5360 abest
709 5320 738 5360 a
768 5320 901 5363 mss.
928 5304 1033 5363 Jol.
1059 5301 1224 5359 Corb.
1254 5312 1309 5359 et
1330 5301 1539 5373 Remig.
1574 5318 1636 5358 ac
1664 5302 1793 5359 edit.
1828 5304 1992 5377 Mog,

412 5368 547 5427 Ven.
570 5384 625 5428 et
647 5375 815 5431 Luad.

457 5388 547 5427 en.
570 5384 625 5428 et
647 5384 815 5429 buad.

492 5392 547 5427 n.
570 5392 625 5428 et
647 5392 815 5445 buga.

488 5444 505 5485 ί
537 5444 636 5517 bis.
659 5445 763 5501 .lol.
784 5456 937 5509 caret
963 5446 1065 5502 hac
1093 5459 1252 5509 voce,
1268 5445 1487 5517 jugiter.

484 5518 499 5567 i
535 5512 681 5571 Edit.
700 5517 892 5587 Lugd.,
917 5517 1076 5581 Lov.,
1105 5512 1795 5587 Duaciet'CulonAddunt,
1815 5518 1987 5587 etiam.

408 5586 538 5715 ἕξις.
565 5587 713 5714 1(Ῠῦ
735 5584 945 5659 Rémig.
982 5597 1038 5645 et
1082 5587 1244 5644 Corb.
1298 5601 1405 5643 non
1436 5586 1661 5654 addunt,
1710 5603 1810 5644 nec
1856 5584 1985 5645 edit.

461 5674 551 5715 ne.
588 5674 616 5712 e
719 5674 809 5715 en.

461 5674 551 5728 ος.
588 5669 642 5714 et
677 5669 809 5717 Ven.

2113 3362 2221 3409 tam
2256 3354 2493 3424 ineptum
2522 3361 2605 3407 est
2635 3352 2839 3418 dicere,
2891 3351 3033 3422 quod
3066 3352 3345 3422 quisquam
3374 3351 3439 3407 ad
3483 3351 3709 3422 partici-

2112 3446 2382 3518 pationem
2413 3446 2597 3517 gratiae
2634 3445 2819 3500 tendat
2842 3445 3065 3513 invitus,
3094 3461 3256 3515 quam
3283 3460 3529 3501 asserere
3553 3447 3709 3517 quod

2114 3540 2258 3595 ullus
2280 3538 2348 3594 ad
2377 3552 2495 3597 eam
2522 3552 2630 3597 non
2656 3536 2858 3609 Spiritu
2886 3537 2980 3595 Dei
3012 3539 3196 3595 veniat
3225 3538 3498 3605 incitatus.

2110 3808 2240 3882 edit.
2266 3809 2440 3882 Mog,
2480 3810 2615 3865 Ven.
2648 3820 2702 3867 et
2734 3808 2904 3880 Lugd.
2942 3809 3023 3882 At
3070 3809 3200 3882 edit.
3226 3809 3422 3882 Lugd.,
3446 3809 3613 3864 Duae.
3645 3820 3707 3865 et

2110 3879 2298 3935 Colon.
2331 3881 2533 3934 addunt
2582 3882 2687 3953 hic,
2736 3879 3037 3953 confestim;
3068 3881 3266 3953 deinde
3298 3879 3514 3949 habent,
3546 3894 3707 3953 atque

2112 3953 2389 4022 confortat,
2422 3962 2469 4007 et
2501 3952 2676 4005 incitat
2704 3954 2772 4007 ad
2814 3952 3055 4007 salutem.
3098 3952 3243 4007 Idem
3279 3954 3505 4009 habetur
3532 3952 3706 4010 etiam

2112 4023 2165 4091 in
2192 4024 2425 4093 append.
2457 4024 2685 4092 AuguSt.
2722 4039 2825 4079 non
2856 4027 3086 4091 omisso,
3117 4025 3406 4094 confestim.
3492 4052 3509 4068 ο

2183 4103 2221 4130 ω
2250 4096 2529 4149 Etlitiones
2559 4095 2793 4166 lingunt.
2820 4105 2874 4151 et
2907 4096 3065 4160 Ven.,
3092 4096 3169 4149 vel
3189 4113 3301 4167 qua:
3322 4107 3495 4152 nostro
3513 4106 3707 4154 conatu

2110 4166 2308 4223 videtur
2327 4168 2608 4222 emersisse.

2178 4246 2205 4273 ιι
2237 4238 2337 4291 Ms.
2368 4236 2647 4301 Joliensis,
2685 4249 2805 4293 sunt
2836 4240 3094 4309 plantata.

2180 4317 2204 4343 ο
2236 4308 2329 4363 Sic
2380 4323 2508 4363 mss.
2560 4309 2749 4376 Corb.,
2790 4308 2999 4380 Remig.
3034 4320 3087 4366 et
3129 4310 3374 4374 Joliens..
3406 4326 3527 4367 cum
3558 4311 3702 4367 edit.

2106 4378 2358 4453 Lugduﬁn.
2404 4389 2459 4434 et
2506 4380 2739 4453 append.
2792 4378 3021 4447 August.
3065 4385 3285 4436 Atvero
3331 4384 3497 4453 Mog..
3532 4383 3703 4449 Ven.,

2106 4450 2266 4523 Lov.,
2290 4452 2456 4505 Duac.
2489 4461 2541 4505 et
2562 4451 2783 4517 Colum,
2808 4463 3112 4523 possunt....
3134 4470 3241 4508 esse
3264 4450 3525 4511 dicuntur.
3547 4455 3700 4511 Edit.

2108 4521 2271 4591 Aug.,
2306 4524 2566 4575 dicantur.

2178 4604 2209 4651 P.
2238 4594 2328 4649 Sic
2358 4608 2491 4665 mss.
2516 4592 2647 4660 Jol.,
2675 4594 2839 4649 Corb.
2876 4606 2929 4651 et
2958 4595 3171 4664 Remig.
3216 4605 3381 4665 atque
3422 4596 3550 4652 edit.
3578 4598 3701 4652 Mo-

2032 4657 2083 4718 D
2107 4673 2262 4738 gunt.
2296 4675 2349 4738 et
2378 4663 2539 4738 νςηη
2572 4657 2801 4738 esceptu
2839 4669 2979 4737 quod
3008 4657 3441 4738 Moghnt.babet
3469 4676 3515 4720 et
3545 4670 3701 4721 dicit.

2110 4734 2253 4793 Edit.
2302 4734 2573 4809 Lugdun.,
2604 4734 3047 4809 Lovan.,_Duac.
3077 4734 3133 4795 εἰ
3161 4738 3375 4807 Colum,
3408 4738 3511 4794 Sed
3550 4741 3702 4809 capi-

2109 4810 2217 4862 tulo
2245 4824 2378 4862 nono
2396 4806 2587 4873 subdit,
2622 4819 2667 4862 et
2696 4807 2841 4862 dicit.

2179 4888 2207 4929 ιι
2234 4879 2648 4952 Εάὶιημοειηιι.
2681 4890 2733 4934 et
2769 4880 2925 4942 γαπ..
2977 4890 3031 4934 ut
3077 4882 3251 4950 palam
3277 4889 3522 4952 appareat
3560 4881 3701 4934 inter

2106 4949 2247 5011 illos.
2269 4951 2359 5021 qui
2384 4949 2533 5022 illum
2557 4968 2659 5009 non
2690 4952 2958 5022 rogabant.

2181 5031 2203 5059 τ
2228 5020 2370 5081 Edit.
2397 5020 2664 5092 Lugdun.,
2690 5020 2789 5076 non
2812 5024 3116 5089 credentem,
3133 5023 3219 5078 sed
3238 5022 3697 5089 contradicentem,

2104 5093 2308 5160 absque
2332 5108 2483 5156 voce,
2516 5093 2643 5160 sibi;
2672 5094 2957 5148 resistentes
2992 5113 3021 5147 a
3051 5096 3200 5166 longe
3228 5096 3413 5167 positos
3442 5104 3599 5147 vocet.

2180 5174 2201 5200 ³
2229 5165 2355 5220 Mss.
2387 5163 2548 5221 Corb.
2582 5174 2636 5221 et
2663 5165 2873 5221 Retnia.
2906 5180 2969 5220 ac
3000 5164 3132 5220 edit.
3172 5166 3412 5221 Moaunt.
3445 5174 3499 5219 et
3527 5165 3599 5219 Ve

2282 5179 2355 5248 SS:
2387 5179 2548 5221 ωτι).
2582 5179 2636 5221 ει
2663 5179 2873 5237 Iteung.
2906 5180 2969 5220 ac
3000 5179 3132 5220 eatt.
3174 5179 3412 5237 Mugunt.
3445 5179 3499 5219 ei
3531 5179 3695 5229 \‘en.,

2102 5236 2395 5305 voluptatis.
2832 5236 2843 5237 ί

2179 5308 2194 5342 ¹
2237 5308 2334 5364 Ms.
2367 5308 2735 5379 Remigianus,
2765 5326 2866 5376 qua
2891 5308 3155 5364 doceatur.

2172 5386 2200 5414 ιι
2224 5380 2296 5435 lta
2324 5378 2634 5452 mss.Corb.
2665 5390 2718 5435 et
2741 5380 2984 5449 lol.cum
3010 5380 3149 5452 Mog.
3174 5378 3308 5437 Ven.
3332 5391 3385 5436 et
3408 5393 3530 5450 app.
3553 5386 3693 5432 tom.

2102 5449 2149 5505 Χ
2174 5454 2311 5522 Aug.
2343 5452 2445 5509 Alii
2473 5450 2697 5522 addunt,
2723 5463 2892 5522 atque.

2170 5531 2197 5561 ν
2221 5521 2366 5577 Edit.
2398 5520 2569 5592 Lugd.
2605 5522 2745 5587 sola,
2776 5520 2829 5577 in
2860 5532 2985 5577 toto.
3026 5522 3133 5577 Sed
3166 5522 3305 5581 male
3321 5563 3335 5591 ,
3365 5531 3421 5575 ut
3449 5528 3593 5591 patet
3625 5534 3695 5579 ex

2091 5593 2213 5649 aliis
2238 5595 2515 5650 codicibus
2540 5602 2595 5648 et
2619 5609 2785 5650 sensu
2817 5594 2918 5649 loci
2950 5597 3134 5649 tutius.

2169 5674 2196 5701 κ
2226 5666 2502 5720 Editiones
2527 5666 2764 5735 Mogunt.
2790 5678 2845 5720 et
2869 5665 3025 5729 νου..
3053 5666 3157 5720 Sed
3179 5666 3304 5737 quid
3327 5674 3431 5737 tam
3456 5663 3693 5737 ineptum

480 5730 816 5809 kﬂEditiones
846 5731 1083 5801 Magum.
1117 5739 1172 5790 et
1194 5730 1359 5800 Ven.,
1404 5732 1647 5803 Sequitur
1688 5730 1845 5793 enim.
1886 5731 1991 5789 Alii
2094 5744 2188 5801 est,
2221 5754 2370 5809 quan
2428 5730 2781 5809 dicerefquod
2831 5739 3101 5809 quisquam
3146 5730 3213 5791 ad
3245 5730 3693 5809 participationem

412 5804 648 5872 codices,
682 5811 877 5856 autem.

2094 5808 2276 5882 gratiis
2297 5810 2470 5864 tendat
2492 5809 2702 5869 invitus.
2727 5806 3379 5882 (lueris—praetermissis,
3404 5806 3573 5877 usque
3594 5806 3688 5875 ad,

485 5871 505 5914 ι
539 5873 629 5931 Sic
667 5875 862 5949 legitur
906 5874 963 5931 in
1006 5887 1137 5931 mss.
1164 5874 1356 5947 Corb.,
1386 5875 1593 5949 Remig.
1624 5885 1679 5933 et
1706 5874 1811 5935 Jol.
1843 5890 1906 5932 ae
1936 5876 1990 5931 in
2094 5871 2211 5932 Cito
2239 5896 2381 5953 ergo.
