4028 6352
1429 377 1633 438 LIBER
1669 373 1946 447 CONTRA
1976 377 2460 441 COLLATOREM.

359 508 414 566 ε.
441 502 568 562 Cito
599 517 734 575 ergo
760 501 852 560 bio
883 501 1190 572 disputator
1222 497 1522 568 pramissa:
1551 495 1887 553 deﬁnitionis
1913 499 1965 560 Α
1992 512 2093 553 nec
2123 498 2465 557 inimicorum
2495 514 2821 560 consensum
2847 505 3182 576 acquireres,
3230 523 3333 566 nec
3370 507 3426 566 in
3479 526 3580 570 no-

293 602 492 660 oblitus
521 607 628 665 est,
673 599 786 652 cito
830 610 864 652 a
905 594 1177 651 sententia
1221 607 1317 648 sua
1346 601 1373 632 ι
1397 591 1636 648 instabili
1668 592 1886 648 levitate

292 693 568 752 dissensit.
618 691 847 750 Dixerat
917 687 1066 746 enim
1133 685 1478 755 regulariter,
1548 682 1672 739 Non
1719 684 1887 738 soluat

292 799 526 852 actuum,
576 799 758 841 verum
784 783 938 838 etiam
982 779 1348 850 cogitationum
1395 776 1644 832 bonarum
1677 790 1738 829 es
1778 773 1887 829 Dec

293 898 400 938 esse
426 877 745 951 principium
772 873 932 945 (Vide
956 887 1138 942 supra,
1161 886 1274 941 cap.
1308 869 1363 934 2,
1397 885 1453 923 ιι.
1481 867 1560 930 2).
1593 865 1659 924 Et
1681 881 1749 922 ne
1784 865 1886 922 hoc

291 974 362 1030 de
387 971 638 1028 doctrina
687 966 1028 1026 extrinsecus
1076 961 1320 1021 adhibita
1365 959 1591 1017 deberet
1628 956 1884 1029 intelligi,

291 1067 584 1138 vigilanter
630 1061 957 1120 addiderat:
988 1058 1002 1129 Ι
1031 1057 1175 1117 Alias
1206 1054 1336 1112 Car.
1370 1053 1483 1125 ιν.)
1537 1054 1638 1119 Qui
1669 1053 1811 1110 nobis
1837 1059 1888 1108 et

291 1161 438 1216 initia
459 1167 654 1215 sancta:
677 1153 960 1214 uoluntatis
986 1150 1224 1222 inspirat,
1261 1158 1307 1202 ct
1339 1148 1572 1202 virtutem
1612 1152 1767 1215 atque
1790 1151 1887 1214 cp-

291 1253 660 1327 portunitatem
703 1264 878 1302 eorum
906 1261 1019 1316 qua
1064 1252 1199 1300 recte
1251 1242 1503 1313 cupimus,
1559 1239 1732 1295 tribuit
1771 1254 1887 1310 per-

292 1345 500 1417 agendi.
534 1341 561 1382 5
594 1341 760 1398 Omne
800 1341 936 1395 enim
990 1337 1168 1392 datum
1193 1335 1401 1401 bonum,
1430 1343 1476 1390 et
1507 1350 1656 1392 omne
1692 1334 1886 1389 donum

296 1441 580 1511 perfectum
602 1436 872 1490 desursum
906 1439 997 1499 est,
1029 1430 1338 1486 descendens
1362 1446 1395 1482 a
1426 1427 1584 1484 Patre
1609 1429 1880 1497 luminum,

291 1531 448 1602 quiet
475 1528 658 1599 incipit
684 1544 798 1598 qua:
827 1525 960 1580 bona
1001 1533 1141 1588 sum,
1173 1532 1222 1578 et
1248 1521 1539 1592 exsequitur
1569 1531 1618 1576 et
1645 1537 1887 1576 consum-

291 1633 396 1678 mat
444 1625 498 1676 in
553 1622 719 1676 nobis.
757 1622 958 1675 Doctor
1001 1618 1293 1684 catholico,
1346 1633 1444 1672 cur
1489 1616 1884 1686 professionem

290 1728 438 1775 tuam
460 1717 714 1774 deseris?
735 1717 844 1771 Cur
864 1715 930 1769 ad
963 1726 984 1754 α
1015 1714 1278 1768 fumosam
1300 1713 1552 1767 lalsitatis
1573 1712 1882 1782 caliginem,

289 1813 480 1868 relicta
514 1809 880 1866 serenissima:
906 1808 1151 1862 veritatis
1182 1806 1324 1870 luce,
1357 1805 1700 1860 deriilveris‘l
1727 1804 1883 1872 Quod

1989 600 2225 644 strorum
2272 592 2630 664 intelligentia
2668 611 3017 666 permaneres
3065 596 3234 672 [Alias
3269 603 3397 658 Cu.
3431 603 3500 660 Vl
3530 603 3571 676 1.

1988 681 2274 751 Quomodo
2313 695 2496 741 autem
2527 703 2632 742 non
2663 688 2922 758 advertis,
2957 689 2972 741 l
3013 699 3064 746 te
3093 691 3148 747 in
3186 693 3316 752 illud
3347 695 3574 752 damna-

1988 782 2098 829 tum
2129 774 2389 845 incidere,
2434 779 2598 848 quod,
2630 781 2766 836 velis
2791 782 2953 850 nolis,
2997 784 3340 842 convinceris
3367 787 3572 860 dicere,

1988 865 2221 922 Gratiam
2273 867 2371 923 Dei
2399 871 2679 927 secundum
2705 875 2888 929 merita
2916 886 3090 932 nostra
3119 878 3270 946 dari;
3315 895 3440 935 cum
3471 883 3572 936 ali-

1987 959 2112 1028 quid
2160 963 2468 1030 praecedere
2513 963 2640 1020 boni
2692 966 2874 1036 operis
2921 984 2989 1023 ex
3039 969 3171 1040 ipsis
3221 973 3570 1042 hominibus,

1987 1062 2211 1122 propter
2239 1055 2384 1124 quod
2415 1057 2646 1138 gratiam
2679 1070 3101 1130 consequantur,
3132 1063 3413 1121 afﬁrmas?
3455 1067 3573 1125 Non

1987 1145 2130 1202 enim
2177 1149 2378 1208 nullius
2425 1152 2605 1209 meriti
2661 1151 2848 1209 haberi
2897 1164 3073 1224 potest
3123 1159 3362 1227 petentis
3413 1158 3571 1226 fides,

1986 1241 2277 1309 quaerentis
2305 1242 2498 1311 pietas,
2523 1243 2792 1313 pulsantis
2823 1246 3080 1304 instantia
3107 1265 3120 1300 :
3151 1249 3424 1320 praecipue
3450 1266 3570 1308 cum

1985 1349 2176 1390 omnes
2199 1337 2487 1406 ejusmodi,
2515 1348 2569 1393 et
2597 1341 2848 1411 accipere
2872 1350 2926 1397 et
2951 1339 2977 1379 ¹ι
2993 1342 3257 1411 invenire,
3289 1355 3347 1400 et
3373 1346 3575 1402 intrare

1987 1424 2258 1484 dicantur.
2287 1427 2346 1484 ln
2377 1445 2488 1500 quo
2517 1430 2878 1501 superﬂuum,
2907 1432 3075 1488 immo
3105 1433 3328 1504 impium
3357 1445 3459 1502 est,
3493 1437 3574 1492 sic

1987 1521 2128 1576 velle
2159 1524 2366 1578 meritis
2413 1534 2540 1580 ante
2585 1527 2818 1596 gratiam
2864 1527 3228 1586 existentibus
3271 1530 3447 1586 locum
3489 1530 3571 1586 fn-

1986 1628 2129 1680 cere,
2163 1626 2219 1670 ut
2253 1632 2359 1672 non
2405 1632 2473 1672 ex
2516 1629 2627 1674 toto
2656 1633 2845 1674 verum
2880 1619 2951 1676 sit
2989 1619 3136 1689 quod
3167 1622 3245 1677 ait
3288 1621 3570 1693 Dominus,

1988 1703 2154 1761 Nemo
2183 1709 2313 1761 venit
2334 1710 2401 1763 ad
2431 1726 2529 1774 me,
2560 1711 2662 1766 nisi
2690 1710 2871 1777 Pater,
2902 1714 2992 1783 qui
3020 1715 3156 1769 misit
3179 1731 3279 1780 me,
3308 1718 3576 1771 attraxerit

1987 1817 2103 1856 eum
2128 1801 2306 1872 (Joan.
2340 1819 2412 1873 vr,
2457 1803 2590 1877 dt):
2629 1803 2818 1876 1quod
2847 1808 3160 1866 nullatenus
3201 1809 3502 1874 diceretur,
3529 1811 3577 1868 si

288 1907 344 1963 in
376 1905 712 1976 petentibus,
736 1901 1130 1973 quaerentibus,
1161 1898 1610 1968 pulsantibusque
1641 1896 1878 1963 miraris,
1914 1887 1958 1947 Β
1988 1898 2306 1966 cujusquam
2351 1899 2471 1955 sine
2529 1900 2628 1956 Dei
2670 1901 3071 1960 illuminatiune
3116 1913 3261 1960 esset
3305 1905 3574 1961 credenda

287 2016 383 2058 cur
415 2017 524 2055 non
553 2001 734 2056 eidem
787 1997 992 2068 gratim,
1027 2011 1147 2066 quas
1192 1994 1557 2058 desideratur,
1617 1992 1881 2048 ascribis?

286 2093 451 2150 Vides
506 2094 683 2148 bonos
732 2101 985 2155 conatus,
1036 2089 1122 2160 pia
1177 2087 1381 2156 studia,
1436 2096 1490 2142 et
1515 2085 1730 2141 dubitas
1759 2099 1881 2142 esse

285 2182 314 2234 τι
335 2185 431 2242 Dei
465 2185 646 2241 dona?
677 2193 699 2223 ⁸
722 2183 971 2240 Latuerit
999 2197 1134 2252 opus
1159 2180 1365 2252 gratiae,
1406 2179 1584 2236 donec
1625 2179 1760 2235 ﬁdes
1798 2180 1882 2234 in-

281 2280 390 2335 sita
419 2279 768 2350 cogitationis
797 2276 1150 2331 claudebatur
1179 2289 1379 2329 arcano
1406 2293 1418 2327 :
1451 2283 1504 2328 at
1533 2275 1622 2330 ubi
1650 2275 1881 2345 supplex

282 2373 483 2438 oratio,
517 2373 606 2427 ubi
638 2371 871 2441 diligens
897 2367 1209 2438 inquisitio,
1244 2367 1334 2422 ubi
1370 2365 1389 2405 τ
1425 2375 1654 2438 apparet
1687 2367 1881 2421 crebra

280 2466 544 2536 pulsatio,
575 2478 745 2535 quare
776 2479 878 2518 non
908 2477 977 2517 ex
1005 2461 1263 2531 qualitate
1289 2461 1469 2532 operis
1499 2461 1882 2517 subministra-

284 2563 496 2620 tionem
525 2561 782 2632 intelligis
814 2559 1131 2616 incitautis?

782 2691 942 2770 ειη
997 2691 1225 2750 CAPUT
1282 2690 1372 2748 ιιι.

293 2807 580 2865 Cassianus
599 2823 687 2864 uec
707 2823 815 2862 cum
837 2805 1157 2878 Pelagianis,
1183 2821 1276 2862 nec
1297 2822 1413 2878 cum
1433 2804 1711 2862 Catholicis
1732 2808 1884 2878 plene

368 2879 685 2934 concordat:
713 2878 830 2931 dum
868 2876 1089 2932 errando
1127 2878 1308 2932 asserit
1347 2876 1479 2932 alios
1509 2895 1603 2948 per
1632 2876 1878 2948 gratiam,

360 2949 612 3020 aliosgper
634 2949 854 3020 legemet
881 2958 1124 3002 naturam
1149 2947 1453 3020 justiﬁcari.
1496 2947 1742 3016 Deﬁnitio
1781 2961 1880 3005 ter-

356 3023 433 3074 tia
473 3018 710 3075 Cassiani
737 3036 755 3074 :
787 3020 1081 3091 Appetitum
1114 3018 1358 3074 virtutum
1387 3018 1574 3075 habere
1624 3021 1879 3077 hominem

351 3111 386 3147 a
417 3109 472 3147 se
495 3093 628 3161 ipso.
656 3090 932 3162 Refellitur
963 3108 1028 3148 ea:
1055 3100 1210 3147 antea
1236 3092 1483 3162 confessis
1511 3092 1564 3145 in
1588 3094 1756 3163 prima
1786 3095 1879 3149 ds-

351 3164 610 3234 ﬁnitione.

1987 1990 2306 2059 conversio;
2339 2003 2434 2048 aut
2481 1994 2596 2049 ullo
2641 1995 2802 2051 modo
2844 2012 2904 2052 se
2949 1997 3199 2052 voluntas
3233 1998 3463 2053 hominis
3508 1997 3577 2054 ad

1985 2081 2159 2138 Deum
2190 2085 2308 2140 sine
2339 2085 2454 2142 Deo
2481 2097 2664 2157 posset
2692 2089 2989 2145 extendere
3015 2109 3028 2143 :
3060 2092 3149 2158 qui
3173 2106 3298 2144 eum
3327 2099 3576 2145 vocatum

1985 2176 2053 2231 ad
2082 2177 2277 2236 Filium
2294 2190 2333 2218 ιιι
2352 2181 2549 2247 trahit;
2575 2198 2678 2235 non
2703 2184 3048 2239 resistentem
3074 2185 3405 2254 invitumque
3427 2198 3575 2239 com-

1985 2271 2157 2340 pellit.
2189 2272 2286 2328 sed
2330 2288 2395 2329 ex
2426 2269 2596 2330 invito
2645 2277 2918 2332 volentem
2967 2277 3117 2343 facit,
3150 2286 3205 2332 et
3243 2277 3577 2348 quibuslibet

1985 2363 2162 2418 modis
2191 2365 2559 2423 inﬁdelitatem
2595 2368 2901 2427 resistentis
2951 2370 3206 2436 inclinat;
3238 2380 3298 2424 ut
3337 2385 3432 2425 cor
3477 2385 3576 2424 au-

1983 2456 2206 2526 dientis,
2235 2460 2526 2516 obediendi
2577 2463 2628 2516 in
2656 2478 2716 2518 se
2751 2463 3109 2520 delectatione
3135 2473 3163 2510 ιι
3185 2472 3472 2534 generata,
3502 2462 3575 2517 ibi

1983 2561 2191 2621 surgat,
2222 2551 2318 2607 ubi
2348 2553 2724 2623 premebatur;
2763 2556 2836 2608 ibi
2862 2554 3054 2621 discat,
3085 2562 3114 2593 ο
3138 2556 3225 2608 ubi
3262 2555 3574 2624 ignorabat;

1983 2641 2111 2699 inde
2143 2644 2288 2710 fidat,
2334 2645 2478 2702 unde
2525 2646 2840 2714 difﬁdebat;
2889 2649 3014 2704 inde
3044 2649 3192 2712 velit,
3223 2649 3384 2722 315
3428 2647 3574 2702 unde

1983 2735 2222 2792 nolebat.
2256 2736 2471 2793 Etenim
2506 2737 2756 2794 Dominus
2783 2741 2925 2794 dabit
2951 2751 2980 2791 Ρ
3009 2742 3334 2806 suavitatem,
3366 2749 3411 2793 et
3437 2749 3576 2794 terra

1981 2838 2164 2884 nostra
2190 2829 2334 2884 dabit
2363 2831 2585 2900 fructum
2621 2849 2772 2886 suum
2800 2831 2970 2904 (Psal.
3003 2847 3224 2900 ιιςιιν,
3261 2831 3375 2902 12).
3409 2830 3575 2903 [Alias

1981 2918 2112 2986 Car.
2153 2920 2263 2995 VL]
2314 2921 2420 2980 Sed
2463 2924 2742 2982 videamus
2785 2926 2961 2994 qualia
3003 2925 3402 2996 subsequantur
3433 2921 3578 2995 (Col-

1982 3015 2073 3071 lat.
2107 3016 2197 3080 15,
2227 3033 2274 3070 c.
2303 3017 2362 3087 9)
2393 3035 2405 3071 :
2435 3015 2532 3074 Cui
2557 3029 2728 3076 autem
2757 3030 2784 3082 ει
2805 3021 2958 3091 facile
2985 3028 3179 3092 pateat,
3205 3018 3462 3090 quomodo
3489 3035 3576 3075 sa-

1984 3106 2104 3161 lutis
2132 3124 2332 3162 summa
2358 3119 2533 3165 nostro
2578 3112 2832 3166 tribuatur
2855 3113 3113 3167 arbitrio?
3141 3113 3203 3167 de
3231 3129 3332 3182 quo
3361 3113 3574 3176 dicitur,

1981 3201 2028 3254 si
2054 3200 2312 3256 volueritis
2339 3213 2386 3256 et
2411 3203 2682 3258 audieritis
2707 3222 2803 3272 me,
2828 3221 2942 3275 qua:
2964 3205 3095 3260 bona
3115 3213 3235 3260 sunt
3256 3215 3403 3260 terra:
3429 3223 3577 3260 man-

349 3277 518 3350 [Alias
553 3274 686 3336 Car.
704 3274 797 3348 V.]
813 3276 868 3333 1.
895 3283 923 3332 s
944 3273 1158 3335 Etsatis
1185 3283 1238 3332 te
1257 3283 1451 3331 contra
1466 3275 1877 3348 Pelagianorum

1986 3293 2241 3349 ducabitis
2274 3294 2429 3367 (Isai.
2462 3312 2501 3364 ι,
2536 3296 2648 3365 19).
2674 3296 2742 3350 Et
2771 3273 3029 3369 quomodo
3055 3314 3158 3352 non
3183 3298 3398 3353 volentis
3419 3314 3576 3365 neque

274 3371 580 3430 calumnias
628 3383 941 3440 praecavere
968 3368 1273 3438 existimas,
1306 3370 1353 3425 si
1385 3371 1529 3440 quod
1563 3372 1616 3427 in
1661 3374 1884 3428 univer-

276 3465 440 3524 sitate
471 3474 790 3519 vocatorum
819 3463 1165 3519 sentiendum
1187 3473 1294 3530 est,
1325 3463 1376 3530 id
1419 3465 1575 3518 nobis
1603 3462 1633 3503 ιι
1663 3466 1718 3520 in
1759 3483 1884 3536 por-

275 3556 430 3612 tione
457 3555 747 3612 concedas.
780 3552 888 3610 Sed
915 3568 1016 3610 nec
1037 3569 1160 3610 cum
1183 3553 1461 3610 haereticis
1487 3555 1604 3617 tibi,
1637 3573 1736 3614 nec
1757 3573 1880 3614 cum

276 3651 566 3707 catholicis
593 3649 613 3692 ί
643 3650 800 3722 plena
821 3650 1110 3706 concordia
1133 3660 1235 3706 est.
1261 3650 1345 3705 llli
1367 3651 1420 3704 in
1443 3652 1700 3708 omnibus
1717 3653 1880 3723 justis

277 3743 567 3800 hominum
611 3743 894 3814 operibus,
917 3742 1105 3799 libera:
1144 3744 1436 3800 voluntatis
1461 3754 1678 3801 tuentur
1719 3764 1880 3806 exor-

274 3837 367 3894 dia
393 3856 408 3893 :
439 3852 540 3894 nos
563 3837 832 3894 bonarum
855 3837 1242 3908 cogitationum
1272 3852 1341 3892 ex
1377 3838 1490 3893 Deo
1515 3853 1730 3910 semper
1755 3856 1877 3898 cre-

273 3928 460 3988 dimus
489 3930 712 4001 prodire
733 3930 999 4002 principia
1023 3948 1050 4008 ε⁴
1071 3939 1127 3986 ιιι
1149 3931 1380 3988 lnforme
1405 3933 1592 3988 nescio
1617 3935 1745 4005 quid
1769 3946 1878 3991 ter-

273 4022 442 4090 tium,
472 4030 529 4078 et
580 4024 793 4094 utrique
833 4024 972 4093 pesti
1021 4023 1418 4084 inconveniens
1467 4027 1737 4096 reperisti,
1769 4044 1878 4099 quo

346 4212 376 4242 ι
399 4201 478 4260 Ita
508 4216 610 4260 ms.
633 4201 824 4274 Jol._et
849 4216 1048 4274 estus.
1071 4199 1238 4274 Corb.
1277 4202 1414 4274 Aug.
1439 4202 1574 4260 edit.
1603 4220 1726 4260 cum
1753 4206 1870 4262 Mo-

312 4282 431 4328 unt.
462 4282 518 4328 ct
567 4274 701 4327 Ven.
733 4272 1072 4328 Posteriores
1121 4272 1413 4342 editiones,
1463 4276 1800 4332 instabilitate
1824 4286 1874 4333 et

297 4351 483 4399 evitate
512 4345 762 4399 discessit.

345 4416 373 4454 ι’
403 4416 793 4487 Edit._Lugd.,
821 4415 985 4471 Omne
1021 4415 1158 4470 enim
1188 4416 1366 4471 datum
1394 4418 1662 4486 optimum.
1707 4419 1864 4487 Lov.,

270 4489 448 4543 Duae.
475 4496 533 4542 et
551 4485 1002 4560 colonuomisso,
1027 4490 1164 4560 enim
1185 4505 1204 4543 :
1233 4487 1399 4543 Omne
1420 4485 1599 4542 datum
1621 4485 1871 4560 optimum

266 4568 321 4614 et
350 4560 570 4612 donum.
594 4559 723 4613 Mss.
753 4557 860 4613 Jol.
893 4566 948 4614 et
975 4557 1140 4615 Corb.
1171 4568 1225 4615 et
1246 4560 1359 4616 edit
1393 4560 1631 4632 Mogunt.
1655 4557 1710 4618 et
1734 4565 1868 4619 Ven.

266 4640 335 4688 ut
366 4632 424 4684 in
450 4638 619 4684 textu.

347 4713 372 4742 α
400 4701 496 4757 Sic
517 4715 649 4756 mss.
672 4697 838 4775 Cprb.
861 4708 918 4775 et
935 4700 1042 4757 Jol.
1073 4700 1141 4757 At
1168 4701 1436 4758 editiones
1463 4718 1674 4771 omnes,
1702 4706 1871 4775 famo-

265 4789 410 4847 sam,
435 4787 658 4843 quarum
687 4772 869 4842 plures
891 4774 944 4827 in
970 4775 1214 4844 margine
1239 4789 1304 4828 ex
1326 4775 1635 4845 conjectura
1663 4772 1870 4847 notant,

296 4859 555 4899 umosam.

265 4846 555 4915 fumosam.

344 4914 373 4954 ἀ
408 4915 582 4984 Lugd.
607 4915 774 4971 editio
801 4914 936 4980 sola,
967 4915 1064 4970 Dei
1087 4917 1241 4972 bona.

349 4997 373 5027 ⁸
403 4987 689 5058 Eiditioues
709 4986 948 5058 Mogunt.
978 4997 1033 5042 et
1060 4987 1222 5055 Ven.,
1254 4987 1526 5045 Latuerat.

347 5058 370 5096 ἲ
409 5057 508 5113 Hs.
557 5057 815 5114 Joliensis
857 5059 1053 5112 omittit
1096 5061 1322 5115 verbum
1363 5069 1619 5132 apparet;
1666 5064 1868 5123 deinde

264 5140 397 5201 post
429 5143 620 5202 pauca,
667 5145 830 5199 quare
873 5145 976 5184 non
1004 5146 1069 5184 ea:
1107 5132 1406 5202 aequalitate
1451 5136 1642 5201 operis.
1676 5137 1866 5196 Melius

263 5199 363 5256 alii
395 5211 458 5256 ut
484 5199 537 5258 in
558 5209 730 5257 textu.

344 5281 372 5326 σ
394 5271 489 5328 Sic
515 5287 619 5350 ms.
647 5271 1305 5350 Remigianooltemensis,
1348 5287 1471 5350 cum
1503 5275 1633 5332 edit.
1664 5277 1862 5350 Lugd.,

265 5343 510 5410 Lovan.,
537 5344 705 5399 Duae.
733 5353 789 5398 et
810 5343 1002 5398 Colon.
1027 5344 1098 5398 At
1131 5359 1235 5400 ms.
1265 5344 1428 5399 Corb.
1459 5357 1514 5401 et
1544 5363 1611 5403 ex
1633 5365 1698 5404 eo
1729 5343 1860 5406 e'ditl

265 5417 504 5485 August.
546 5415 784 5486 append;
829 5415 960 5469 item
1001 5429 1104 5468 ms.
1139 5414 1392 5472 Joliensis
1422 5433 1546 5472 cum
1576 5420 1705 5475 edit.
1746 5421 1862 5477 Mo-

262 5484 430 5565 gup’t‘.
461 5494 516 5565 et
540 5484 701 5554 ven,
735 5484 803 5540 Et
829 5486 953 5539 satis
983 5496 1032 5540 te
1053 5503 1223 5542 armas
1254 5498 1431 5542 contra
1454 5487 1862 5565 Pelagianorum

264 5556 582 5614 calsdnnias.

342 5629 372 5702 ἕ
404 5630 500 5702 με.
531 5629 824 5697 Joliensis,
850 5631 1158 5702 importune.

348 5699 366 5740 ί
405 5701 582 5773 Editio
611 5703 884 5772 Lugdun.,
914 5699 1067 5773 plena
1096 5704 1358 5758 discordia
1385 5717 1481 5762 est.

344 5774 360 5824 t
401 5772 825 5852 Ms._Joli_ensis,
859 5772 1226 5829 damnatitium
1266 5786 1315 5831 te
1357 5780 1410 5831 in
1451 5779 1583 5834 illud
1617 5780 1860 5852 incidere,

262 5862 390 5919 quo,
405 5849 542 5919 faelis
567 5848 724 5901 nolis.

342 5916 371 5957 ι
397 5918 539 5975 Edit.
567 5919 804 5991 Lovan.,
832 5918 997 5976 Duae.
1047 5928 1102 5978 et
1142 5921 1362 5998 Colon.,
1387 5933 1435 5978 et
1455 5927 1644 5986 venire.
1680 5927 1866 5985 Melius

1792 4657 1808 4672 -
1897 4630 1954 4692 D

1986 3390 2254 3452 currentis,
2288 3391 2378 3444 sed
2409 3392 2694 3446 miserentis
2723 3401 2799 3446 est
2827 3390 2923 3446 Bei
2955 3392 3134 3464 (Rom.
3160 3409 3245 3458 tx,
3277 3392 3406 3464 16)?
3439 3393 3576 3458 Quid

1985 3481 2140 3534 etiam
2169 3482 2233 3533 sit
2264 3482 2418 3549 illud,
2452 3483 2589 3553 quod
2617 3483 2755 3538 Deus
2790 3486 2968 3539 reddet
2996 3485 3271 3556 unicuique
3291 3487 3574 3539 secundum

1984 3589 2140 3643 opera
2159 3578 2274 3646 ejus
2305 3573 2518 3644 (Matth.
2549 3592 2660 3643 xvr,
2687 3577 2812 3648 i7);
2840 3587 2906 3640 et,
2945 3577 3080 3631 Deus
3120 3579 3302 3648 estqui
3333 3587 3574 3648 operatur

1982 3666 2037 3720 in
2064 3667 2204 3721 uobis
2233 3677 2276 3722 et
2307 3667 2456 3731 velle,
2490 3678 2538 3724 ct
2565 3669 2825 3738 perﬁcere,
2854 3686 2947 3738 pro
2977 3670 3106 3724 bona
3136 3667 3396 3722 voluntate
3418 3666 3574 3737 (Plii-

1983 3759 2076 3828 lip.
2112 3775 2171 3825 tt,
2200 3760 2288 3830 15)
2319 3778 2329 3812 :
2358 3760 2524 3814 ethoc
2553 3777 2654 3814 non
2694 3776 2757 3814 ex
2781 3762 2940 3826 vobis,
2983 3761 3072 3814 sed
3103 3760 3200 3815 Dei
3238 3763 3426 3814 donum
3456 3766 3573 3813 est:

1981 3865 2085 3903 non
2114 3866 2178 3905 ea:
2230 3851 2486 3922 operibus,
2529 3859 2586 3904 ut
2631 3869 2694 3906 ne
2731 3852 2846 3923 quis
2887 3851 3180 3923 glorietur?
3208 3861 3230 3892 τ
3258 3851 3327 3907 Et
3373 3862 3574 3908 caetera

1980 3957 2102 4012 quae
2131 3942 2357 3998 collecta
2387 3941 2456 3998 de
2484 3941 2803 4014 Scripturis,
2835 3945 2989 4014 quasi
3028 3944 3245 3999 alterno
3281 3943 3382 4000 sibi
3410 3958 3573 3998 sensu

1981 4033 2209 4091 adversa
2238 4036 2476 4106 collegit,
2529 4047 2587 4092 ut
2636 4037 2796 4093 donis
2823 4038 3010 4109 gratias
3039 4037 3274 4094 studium
3323 4037 3572 4093 humanas

1980 4226 2115 4337 n‘tss.
2157 4211 2344 4297 (Σίρι-ιλ,
2375 4215 2586 4288 Remig.
2623 4227 2677 4274 et
2719 4218 2853 4284 .lol.,
2884 4234 3008 4275 cum
3035 4219 3276 4292 Mogunt.
3325 4230 3380 4276 et
3410 4221 3568 4290 Ven.,

1980 4300 2006 4337 ε
2055 4301 2300 4337 invenire.

1979 4300 2026 4337 ει
2055 4301 2300 4340 invenire.

2055 4352 2074 4393 ι
2109 4357 2232 4433 Haec
2260 4359 2445 4433 verba,
2474 4361 2617 4432 quod
2657 4362 2950 4417 nullatenus
2993 4362 3266 4429 diceretur,
3306 4379 3426 4433 qua:
3467 4365 3566 4420 ab-

1978 4439 2131 4501 erant
2163 4429 2230 4483 ab
2255 4430 2418 4486 editis
2442 4429 2715 4499 omnibus,
2741 4435 3074 4489 restituenda
3101 4429 3450 4501 credidimus,
3483 4452 3573 4490 so-

1976 4497 2080 4582 lius
2131 4503 2293 4556 etiam
2322 4505 2645 4559 auctoritate
2673 4497 2776 4560 ms.
2829 4505 3104 4574 Joliensis,
3160 4504 3263 4562 loci
3307 4497 3469 4563 sensu
3519 4509 3570 4564 id

1977 4584 2256 4628 exigente.

2074 4587 2395 4718 ﬁl'dlietiones
2439 4645 2678 4714 Mogunt.
2709 4648 2952 4716 etVen.,
2994 4657 3116 4718 post
3156 4663 3343 4704 vocem
3386 4651 3560 4718 trahit,

1978 4713 2201 4792 omisso,
2228 4733 2358 4792 non,
2390 4713 2703 4792 resistentem
2728 4713 3062 4792 invitumque
3099 4720 3393 4792 compellit,
3398 4733 3470 4792 _et
3507 4713 3571 4777 ea:

1973 4783 2132 4840 invito
2155 4789 2403 4842 volentem
2427 4790 2572 4858 facit.
2601 4790 2695 4846 Ms.
2721 4783 2996 4854 Joliensis',
3020 4783 3252 4846 uocatum
3279 4793 3345 4846 ad
3367 4789 3567 4846 Filium

1976 4871 2080 4938 non
2104 4862 2418 4914 resistentem
2439 4861 2625 4932 trahit,
2663 4861 2978 4934 invitumque
3016 4864 3292 4934 compellit,
3320 4863 3365 4918 si
3389 4879 3452 4918 ex
3482 4866 3563 4917 in-

1975 4935 2098 4982 t'tlo.

2048 5007 2077 5036 ¹³
2102 5001 2198 5076 Ms.
2233 5001 2510 5076 Joliensis,
2542 5006 2734 5076 genita.

2049 5081 2073 5106 ο
2101 5073 2240 5150 Eilis.
2291 5075 2434 5150 Diog.
2485 5073 2739 5150 et'_Ven.,
2785 5078 2871 5150 ubi
2918 5079 3154 5150 ignorat,
3185 5075 3564 5150 omittuntque

1972 5141 2112 5268 inmte,
2140 5144 2260 5199 inde
2299 5141 2448 5214 ﬁdtit,
2482 5148 2617 5202 unde
2645 5141 3077 5221 difﬁdebatfinde
3114 5141 3234 5203 velit
3262 5145 3396 5199 unde
3418 5141 3563 5201 nole-

2005 5232 2034 5267 a
2066 5255 2077 5263 .

2005 5224 2077 5267 at.

2043 5296 2073 5336 P
2223 5287 2595 5363 Remigianus,
2639 5291 3022 5363 benignitatem.

2041 5368 2070 5408 ς
2091 5359 2190 5434 Mrs.
2240 5358 2514 5434 Joliensis.
2571 5379 2691 5434 non,
2716 5358 2868 5431 facile
2900 5369 3071 5434 ραιεει
3095 5374 3114 5412 :
3137 5358 3329 5434 melius
3353 5359 3560 5432 absque

1968 5433 2278 5504 negatione.
2326 5433 2602 5489 Editiones
2648 5429 2979 5504 Mogunt.'et
3009 5431 3168 5496 Ven.,
3207 5429 3333 5504 Cum
3384 5429 3554 5489 autem

1969 5501 2123 5571 facile
2153 5511 2344 5570 pateat,
2372 5515 2574 5560 etc.....
2603 5501 2760 5559 Deus'
2783 5503 2958 5572 estqui
2987 5511 3230 5570 operatur
3255 5503 3308 5556 in
3336 5505 3479 5558 nobis
3509 5515 3560 5560 et

1967 5573 2094 5626 velle
2116 5585 2161 5626 et
2192 5575 2431 5645 perﬁcere
2456 5593 2546 5646 pro
2573 5576 2719 5646 bona,
2741 5573 3000 5628 voluntate
3029 5586 3227 5642 nostra,
3251 5585 3296 5628 et
3336 5576 3431 5629 hoc
3452 5593 3556 5630 non

1970 5659 2032 5697 ea:
2061 5645 2221 5698 nobis.
2257 5646 2314 5699 ln
2356 5645 2487 5701 edit.
2517 5645 2748 5715 append.
2784 5645 3009 5712 August.
3045 5661 3111 5700 ex
3149 5663 3246 5700 ms.
3281 5647 3444 5701 Corb.
3474 5648 3555 5701 le-

1969 5716 2131 5788 gitur,
2158 5733 2250 5786 pro
2276 5717 2406 5771 bona
2428 5721 2684 5771 voluntate
2706 5726 2871 5769 vestra
2893 5733 2909 5780 ;
2934 5726 2989 5772 et
3010 5733 3171 5785 supra
3198 5719 3328 5774 edit.
3353 5718 3548 5788 Lugd.,

1969 5785 2198 5848 Lovnn..
2230 5789 2399 5842 Duae.
2433 5798 2486 5842 et
2507 5788 2723 5848 Colum,
2752 5789 2921 5842 reddit
2950 5792 3242 5859 unicuique.

2046 5869 2068 5896 ι’
2101 5860 2277 5912 Etlitiu
2305 5859 2531 5924 L0van.,
2559 5859 2689 5912 Ecce
2712 5867 2969 5931 tamquam
2995 5857 3212 5922 collecta
3233 5862 3294 5916 de
3315 5857 3554 5930 θρήνω-

1969 5930 2064 6004 ris,
2095 5931 2245 6002 quasi
2265 5934 2463 5986 alterno
2491 5933 2587 5987 sibi
2613 5947 2766 5988 sensu
2792 5930 3005 5990 adversa
3025 5933 3241 5990 collidit.
