4028 6352
429 383 533 440 22⁸5

1653 374 1713 431 5.
1750 369 2093 429 PROSPERI
2130 372 2459 443 AQUITANI

3604 378 3719 433 ου

428 495 732 555 committat
762 494 1073 561 industriae;
1106 502 1157 549 et
1185 494 1425 549 omnium
1455 491 1731 546 hominum
1754 490 2022 546 divisione
2048 495 2103 553 Α
2126 491 2427 546 remedium
2452 504 2580 545 sana
2606 488 2917 561 prospiciat.
2946 493 3109 563 Atqui
3136 502 3276 553 totus
3297 497 3461 558 homo
3488 517 3557 560 ex
3593 506 3717 578 ipsa

430 589 568 645 facta
589 629 603 654 ,
643 588 737 643 alii
782 588 891 643 sint
916 601 1050 655 quos
1089 586 1256 657 gratia
1288 585 1380 639 Dei
1406 584 1604 653 salvet,
1650 583 1737 639 alii
1767 598 1903 655 quos
1936 584 2021 637 lex

430 693 486 739 et
540 693 729 737 natura
773 680 1053 751 jnstiﬁcet.
1108 678 1216 735 Sed
1268 679 1351 733 lex
1398 683 1598 749 potest,
1648 692 1714 733 ne
1742 676 1866 747 quid
1898 676 2024 731 mali

432 774 545 841 ﬁat,
573 775 799 844 jubere;
827 789 856 827 a
896 774 1037 827 malo
1063 780 1245 827 autem
1288 786 1397 825 non
1430 780 1606 841 potest
1636 770 1887 825 liberare.
1918 768 2025 823 No-

434 877 545 922 tum
575 866 702 923 facit
728 866 1061 933 mandatum,
1095 866 1189 920 sed
1223 864 1513 920 obediendi
1553 878 1659 917 non
1692 870 1914 932 praestat
1946 859 2027 915 af-

435 963 634 1019 fectum
663 980 674 1014 :
702 970 727 997 ι
754 960 857 1015 nisi
897 959 1041 1031 quod
1084 968 1167 1014 est
1204 957 1457 1013 occidens
1486 972 1581 1027 per
1607 954 1891 1026 imperium
1935 954 2025 1009 lit-

438 1069 570 1114 terte
592 1100 606 1125 ,
638 1057 734 1111 fiat
757 1056 1037 1112 viviﬁcans
1076 1070 1173 1123 per
1202 1053 1449 1123 spiritum
1477 1051 1687 1123 gratiae.

509 1153 676 1226 [Alias
702 1150 831 1206 CAP.
865 1149 1100 1221 Vlll.]2.
1151 1150 1281 1203 Post
1330 1148 1447 1203 haec
1495 1145 1795 1211 concludit,
1842 1144 2029 1199 dicens

438 1242 631 1319 (Ibid)
666 1263 679 1296 :
715 1243 834 1297 Nisi
862 1242 1000 1313 quod
1041 1242 1095 1294 in
1123 1240 1203 1293 Itis
1249 1238 1482 1293 omnibus
1511 1246 1558 1291 et
1605 1237 1770 1309 gratia
1814 1234 1934 1302 Dei,
1983 1242 2031 1289 et

440 1336 645 1391 libertas
672 1336 835 1390 nostri
876 1335 1171 1388 declaratur
1211 1333 1431 1398 arbitrii,
1460 1329 1488 1369 ι’
1510 1340 1558 1384 et
1592 1331 1715 1401 quia
1739 1330 1892 1384 etiam
1919 1327 2031 1380 suis

439 1428 700 1483 interdum
748 1426 971 1479 motibus
997 1425 1151 1479 homo
1206 1424 1273 1477 ad
1303 1425 1549 1477 virtutum
1575 1421 1830 1492 appetitus
1873 1419 2033 1489 possit

442 1520 669 1586 extendi,
699 1535 897 1590 semper
917 1534 1032 1572 vero
1075 1535 1104 1570 a
1151 1516 1376 1571 Domino
1408 1515 1638 1588 indigeat
1673 1513 1932 1585 adjuvari.
1964 1512 2034 1566 Et

441 1614 534 1669 ubi
564 1622 668 1677 est,
698 1612 845 1683 quod
888 1612 1122 1683 regulari
1163 1610 1479 1667 deﬁnitione
1520 1610 1861 1680 prcmissum
1907 1615 2032 1661 est:

444 1702 568 1759 Non
596 1702 765 1758 solum
792 1714 1019 1766 actuum,
1068 1720 1243 1757 verum
1281 1703 1435 1757 etiam
1484 1702 1849 1771 cogitationum
1875 1698 2036 1753 bona-

442 1812 557 1850 rum
580 1812 643 1850 ea:
686 1795 794 1850 Deo
823 1812 934 1850 esse
978 1795 1312 1865 principium,
1340 1795 1429 1864 qui
1457 1802 1504 1848 et
1532 1793 1713 1861 incipit
1745 1807 1858 1859 qua:
1902 1791 2035 1845 bona

2126 594 2180 639 et
2224 598 2347 640 cum
2392 585 2504 654 ipsa
2546 585 2597 639 i-n
2646 585 2971 655 profundum
3017 589 3250 647 miseriae
3279 602 3302 631 ο
3332 606 3445 650 sua:
3484 597 3717 669 decidit,

2131 677 2151 717 ¹
2175 680 2266 735 ubi
2296 694 2437 746 eam,
2473 680 2783 750 priusquam
2837 696 2866 734 a
2895 682 3109 739 medico
3142 686 3389 743 notitiam
3434 707 3545 747 suae
3572 694 3726 748 cala-

2127 772 2331 825 mitatis
2356 773 2604 839 accipiat,
2632 772 2819 842 jacere
2857 773 3113 845 delectat,
3148 790 3419 836 amantem
3452 792 3478 829 8
3500 798 3727 855 semper

2128 877 2341 918 errores
2364 878 2517 930 suos,
2543 873 2595 919 et
2617 865 3029 934 amplectentem
3051 868 3186 925 falsa
3206 888 3307 939 pro
3328 875 3473 931 veris
3495 874 3721 949 (Ibid.).

2128 956 2294 1025 Cujus
2321 956 2495 1026 prima
2526 958 2672 1013 salus
2703 968 2805 1024 est,
2834 970 2892 1016 ut
2916 961 3018 1017 sibi
3056 961 3282 1034 incipiat
3322 966 3631 1039 displicere,
3663 980 3731 1028 et

2128 1058 2457 1105 vetustatem
2489 1065 2603 1104 sua:
2624 1050 2918 1109 debilitatis
2939 1054 3123 1111 odisse
3150 1074 3163 1109 :
3192 1073 3427 1129 sequens
3455 1078 3586 1118 vero
3610 1073 3723 1132 est,

2130 1150 2188 1196 ut
2212 1150 2266 1196 et
2294 1143 2472 1199 sanari
2501 1143 2796 1211 desideret,
2829 1157 2883 1201 et
2910 1164 2940 1201 a
2971 1164 3077 1216 quo
3099 1154 3340 1210 sananda
3368 1155 3469 1223 sit,
3503 1160 3722 1214 noverit

2132 1234 2293 1305 (Vide
2334 1252 2565 1307 respons.
2596 1237 2666 1290 ad
2695 1238 2727 1292 6
2767 1238 2952 1310 object.
2985 1239 3303 1317 Gallorum).
3333 1245 3361 1284 ιι
3390 1249 3523 1317 Qua:
3565 1267 3729 1307 cura-

2130 1326 2333 1381 tionem
2358 1326 2527 1397 ipsius
2548 1329 2629 1383 sic
2648 1330 2978 1399 praecedunt,
3012 1341 3069 1388 ut
3101 1336 3149 1388 ei
3178 1336 3246 1391 ab
3271 1339 3389 1405 illo,
3409 1342 3499 1410 qui
3520 1358 3729 1413 aegram

2131 1426 2419 1473 sanaturus
2446 1429 2553 1486 est,
2588 1424 2931 1478 inserantur:
2961 1440 3051 1492 ne,
3085 1442 3206 1481 eum
3242 1427 3257 1466 ί
3302 1432 3352 1486 ei
3380 1433 3531 1490 nullo
3558 1437 3731 1492 modo

2134 1509 2251 1564 haec
2283 1510 2481 1566 frustra
2514 1514 2693 1569 inesse
2722 1517 2958 1585 possint,
2990 1520 3189 1575 merito
3216 1522 3467 1580 videatur
3494 1527 3729 1598 salvata,

2133 1617 2244 1657 non
2278 1605 2471 1673 gratia.

2204 1693 2259 1746 2.
2290 1694 2497 1750 Deinde
2527 1694 2715 1765 adjicis
2745 1696 2933 1771 (Ibid.)
2961 1718 2972 1752 :
3010 1700 3079 1757 Ut
3108 1712 3279 1758 autem
3307 1706 3587 1763 evidentius
3610 1710 3733 1765 cla-

2134 1797 2267 1850 reat,
2296 1789 2449 1841 etiam
2471 1805 2558 1857 per
2584 1799 2784 1844 natura:
2802 1790 3011 1862 bonum,
3039 1795 3175 1864 quod
3199 1796 3448 1867 beneﬁcio
3467 1799 3736 1857 Creatoris

442 1898 583 1959 sunt,
612 1897 660 1943 et
686 1890 995 1961 exsequitur,
1026 1900 1073 1944 et
1120 1898 1439 1943 consummat
1476 1888 1529 1942 in
1558 1887 1699 1942 nobis
1741 1885 1901 1958 (Vide
1943 1902 2032 1939 su-

2148 1880 2399 1934 indultum
2430 1892 2522 1947 est,
2554 1900 2939 1955 nonnumquam
2976 1887 3222 1941 bonarum
3260 1890 3575 1946 voluntatum
3602 1911 3739 1966 pro-

440 1996 558 2051 pra,
591 1996 709 2049 cap.
741 1980 794 2045 l,
828 1998 881 2033 n.
906 1981 1005 2049 4)?
1046 1980 1186 2035 Ecce
1232 1979 1319 2035 hic
1349 1979 1511 2034 etiam
1546 1978 1592 2033 si
1641 1978 1797 2033 bonis
1841 1978 2036 2047 emptis

442 2073 812 2129 necessarium
841 2073 938 2128 Dei
980 2072 1170 2129 fateris
1200 2073 1467 2128 auxilium
1496 2090 1510 2128 :
1546 2074 1693 2142 ipsos
1721 2081 1897 2127 tamen
1920 2072 2036 2126 lau-

442 2166 651 2220 dabiles
676 2172 856 2220 motus
884 2165 1263 2235 appetitusque
1299 2166 1558 2220 virtutum
1578 2208 1593 2233 ,
1627 2173 1831 2219 remota
1861 2164 2035 2235 gratia

441 2259 562 2324 Dei,
603 2258 761 2313 nudae
788 2258 1026 2313 libertati
1071 2259 1300 2314 ascribis
1340 2256 1593 2312 arbitrii:
1626 2264 1691 2311 ut
1716 2257 1846 2312 boni
1891 2258 2036 2311 salu-

441 2350 678 2421 bresque
718 2360 946 2406 conatus
991 2361 1268 2421 nequeant
1318 2351 1535 2421 quidem
1574 2350 1874 2420 prolicere,
1932 2349 2035 2405 nisi

442 2441 585 2497 Deus
616 2441 871 2511 adjuvet;
898 2454 919 2481 ο
951 2444 1157 2513 possint
1179 2454 1378 2509 tamen,
1404 2442 1744 2499 etiamsinon
1767 2458 1795 2498 a
1822 2443 1930 2499 Deo
1957 2443 2037 2498 in-

441 2534 736 2603 spirentur,
768 2534 1032 2604 incipere.

946 2692 1111 2764 313
1167 2690 1393 2747 eaeor
1445 2690 1534 2749 IV.

441 2803 631 2861 Contra
658 2806 965 2862 Cassianum
1013 2808 1289 2875 probatur,
1322 2822 1410 2859 nec
1442 2804 1756 2859 desiderium
1800 2806 2034 2859 sanitatis

513 2879 687 2931 haberi
730 2879 840 2932 sine
870 2879 1058 2947 gratia.
1097 2878 1291 2943 Quarta
1333 2876 1566 2930 Cassiani
1607 2876 1882 2943 definitio:
1927 2876 2034 2930 Per

513 2958 711 3019 natura:
733 2948 919 3011 bonum
951 2948 1231 3019 aliquando
1254 2948 1502 3000 bonarum
1545 2948 1868 3000 voluntatum
1913 2965 2038 3019 pro-

517 3018 630 3072 dire
648 3019 920 3089 principia.
965 3018 1258 3089 Refellitur,
1289 3027 1395 3070 tam
1424 3034 1485 3071 ea:
1534 3019 1701 3089 prima
1730 3035 1823 3071 sua
1848 3018 2036 3081 deﬁni-

512 3088 669 3154 tione,
722 3106 875 3157 quam
919 3105 983 3143 ea:
1029 3088 1295 3155 Apostolo,
1347 3090 1495 3158 cujus
1536 3088 1683 3142 locus
1726 3090 1839 3155 iste,
1884 3090 2035 3143 Velle

511 3161 657 3214 enim
702 3160 914 3229 adjaeet
958 3159 1111 3225 mihi,
1150 3175 1182 3212 a
1214 3176 1371 3227 prava
1412 3160 1835 3231 interpretatione
1862 3160 2034 3213 vindi-

515 3240 680 3283 catur.

514 3366 568 3421 1.
595 3366 818 3430 Deinde,
846 3373 905 3420 ut
934 3365 1237 3421 evidentius
1260 3365 1513 3434 definias,
1544 3366 1671 3437 quid
1694 3367 1857 3420 homo
1878 3383 1946 3422 ex
1969 3368 2034 3422 li-

439 3460 574 3517 bero
600 3460 827 3515 arbitrio
860 3460 1058 3515 habeat
1100 3461 1227 3531 quid
1262 3470 1442 3516 sumat
1470 3458 1495 3499 ά
1523 3478 1590 3516 ex
1620 3465 1813 3532 gratia,
1856 3462 2029 3526 addis,

440 3560 494 3606 et
520 3551 654 3607 dicis
709 3549 921 3623 (Collat.
972 3553 1058 3617 i3,
1090 3569 1137 3606 c.
1186 3551 1282 3623 9):
1330 3551 1441 3606 Nec
1495 3554 1630 3607 enim
1674 3571 1790 3606 cum
1817 3556 2033 3607 voluerit

438 3645 574 3716 quis,
631 3646 851 3699 sanitate
882 3646 1188 3716 perfruitur,
1234 3655 1321 3699 aut
1352 3647 1416 3699 de
1467 3647 1789 3716 (egritudinis
1830 3647 2029 3711 morbo,

438 3754 533 3807 pro
559 3738 761 3791 arbitrii
790 3738 870 3791 sui
912 3738 1166 3792 desiderio
1207 3739 1469 3792 liberatur.
1498 3739 1669 3792 Doces
1718 3754 1873 3808 ergo,
1922 3755 2029 3794 non

438 3843 598 3898 posse
611 3829 824 3899 quidem
842 3829 1114 3885 hominem
1131 3844 1227 3901 per
1244 3830 1598 3898 semetipsum
1616 3830 2033 3899 apprehendere

438 3922 749 3987 sanitatem,
795 3922 890 3976 sed
923 3922 1124 3978 habere
1165 3937 1287 3977 eum
1324 3938 1353 3976 a
1380 3924 1676 3992 semetipso
1706 3922 2029 3977 desiderium

439 4012 689 4066 sanitatis
714 4028 728 4076 ;
754 4021 808 4067 et
831 4028 930 4066 sua
962 4022 1173 4068 tantum
1205 4024 1398 4083 sponte
1426 4016 1613 4069 venire
1642 4014 1707 4067 ad
1737 4014 2027 4080 medicum,

442 4118 550 4158 non
603 4104 766 4158 etiam
825 4104 927 4159 hoc
970 4105 1146 4175 ipsum
1197 4106 1395 4160 medici
1444 4121 1587 4171 esse,
1638 4107 1781 4174 quod
1827 4106 2030 4161 veniat.

2139 1972 2251 2026 dire
2280 1974 2553 2045 principia,
2593 1992 2707 2046 qua:
2737 1984 2926 2043 tamen,
2976 1980 3076 2033 nisi
3106 1998 3137 2033 a
3160 1979 3272 2035 Deo
3309 1983 3620 2056 dirigantur,
3654 1989 3738 2041 ad

2139 2067 2628 2118 consummationem
2680 2067 2972 2123 ivirtutum
3022 2073 3286 2142 pervenire
3332 2092 3436 2129 non
3482 2090 3736 2148 possunt.

2137 2154 2415 2221 Apostolus
2443 2159 2465 2191 ι
2496 2157 2638 2209 testis
2659 2167 2754 2223 est,
2783 2159 2992 2215 dicens:
3026 2160 3172 2218 Velle
3198 2170 3329 2219 enim
3355 2167 3554 2237 adjacet
3575 2170 3733 2236 mihi,

2140 2246 2383 2315 perﬁcere
2424 2258 2591 2301 autem
2642 2249 2828 2303 benum
2870 2269 2975 2306 non
3021 2254 3223 2309 invenio
3278 2256 3458 2327 (Rom.
3485 2275 3578 2325 vn,
3610 2262 3736 2331 18).

2138 2336 2297 2392 Falso
2329 2354 2457 2409 ergo
2506 2343 2800 2397 secundum
2834 2345 2976 2400 hanc
3018 2346 3395 2404 deﬁnitionem
3437 2362 3561 2407 ante
3588 2352 3744 2407 dixi-

2137 2432 2229 2497 sti,
2258 2430 2380 2485 Non
2412 2431 2579 2486 solum
2607 2443 2836 2500 actuum,
2864 2454 3040 2492 verum
3065 2440 3220 2493 etiam
3252 2442 3615 2512 cogitationum
3637 2446 3744 2499 bo-

2138 2540 2318 2578 narum
2340 2541 2402 2579 ea:
2430 2525 2540 2579 Deo
2568 2542 2675 2580 esse
2704 2530 3052 2601 principium;
3078 2532 3164 2602 qui
3184 2541 3232 2585 et
3252 2533 3432 2605 incipit
3460 2552 3569 2606 qua:
3595 2536 3743 2591 bona

2136 2627 2276 2683 sunt,
2311 2625 2356 2670 et
2396 2620 2711 2689 exsequitur,
2742 2630 2791 2675 et
2831 2633 3153 2676 consummat
3198 2624 3251 2677 in
3279 2625 3447 2679 nobis.
3489 2628 3590 2683 Sed
3622 2627 3742 2684 hoc

2138 2708 2287 2763 nullo
2316 2709 2481 2763 modo
2504 2726 2568 2764 ex
2600 2711 2775 2781 aliqua
2822 2724 2977 2782 parte
3001 2724 3178 2784 potest
3205 2731 3326 2771 esse
3366 2716 3559 2773 falsum
3589 2737 3603 2773 :
3637 2721 3740 2776 cui

2137 2817 2470 2871 nequaquam
2523 2802 2707 2858 inferri
2760 2806 2924 2878 317
2975 2808 3243 2863 contraria
3276 2808 3607 2877 debuerunt;
3667 2823 3741 2868 ut

2137 2894 2279 2963 quod
2310 2903 2458 2949 recte
2482 2894 2764 2962 professus
2791 2911 2854 2952 es
2873 2913 2940 2952 ex
2965 2899 3131 2968 gratia
3163 2900 3428 2970 incipere,
3455 2902 3507 2958 id
3541 2913 3739 2973 postea

2143 2984 2162 3023 ι
2194 2988 2545 3042 conﬁrmares
2577 3003 2673 3058 per
2702 2998 2908 3045 natura:
2937 2990 3138 3046 bonum
3166 3002 3219 3047 et
3254 3008 3351 3063 per
3381 2994 3607 3051 liberum
3637 3012 3743 3052 ar-

2137 3079 2363 3135 bitrium
2403 3095 2501 3134 nos
2529 3080 2745 3136 habere.
2782 3090 2823 3118 ω
2847 3082 2993 3137 Dixit
3019 3083 3235 3153 quidem
3268 3086 3462 3141 beatus
3491 3088 3742 3158 Aposto-

2139 3172 2224 3227 lus
2256 3188 2271 3227 ε
2310 3170 2455 3228 Velle
2476 3176 2610 3228 enim
2644 3176 2849 3246 adjacet
2874 3178 3031 3244 mihi,
3063 3180 3309 3247 perﬁcere
3340 3189 3512 3235 autem
3541 3181 3743 3237 bonum

2060 3259 2107 3323 C
2139 3282 2243 3319 non
2272 3267 2475 3320 invenio
2501 3268 2679 3329 (Rom.
2704 3284 2799 3337 vn,
2830 3269 2946 3339 18).
2973 3278 2999 3306 η
3022 3270 3129 3326 Sed
3166 3272 3307 3327 idem
3351 3274 3521 3330 dixit:
3555 3282 3577 3311 ο
3608 3275 3743 3330 Non

2140 3361 2260 3429 quia
2299 3361 2472 3414 idonei
2501 3362 2660 3415 simus
2690 3362 2917 3432 cogitare
2956 3365 3157 3433 aliquid
3200 3368 3231 3409 Ρ
3255 3384 3285 3419 α
3314 3367 3457 3422 nobis
3493 3370 3635 3439 quasi
3663 3386 3746 3425 ex

2139 3453 2283 3507 nobis
2307 3454 2455 3522 ipsis,
2481 3456 2571 3507 sed
2601 3455 2908 3525 sufﬁcientia
2942 3467 3116 3511 nostra
3145 3474 3207 3513 ea;
3259 3459 3368 3513 Deo
3397 3470 3470 3513 est
3515 3460 3575 3532 (ﬂ
3601 3458 3731 3515 Cor.

2138 3560 2217 3607 ιιι,
2247 3544 2327 3614 5).
2368 3547 2483 3599 (ΕΙ.
2526 3546 2666 3601 idem
2697 3548 2874 3604 dixit:
2912 3546 3054 3603 Deus
3096 3558 3171 3603 est
3195 3550 3331 3603 enim
3372 3552 3458 3619 qui
3485 3561 3742 3622 operatur

2139 3638 2191 3689 in
2209 3637 2347 3690 vobis
2372 3647 2421 3689 et
2450 3638 2592 3705 velle,
2620 3648 2641 3675 ι’
2658 3648 2706 3691 et
2730 3641 2933 3709 cperari
2954 3658 3045 3710 pro
3069 3643 3200 3695 bona
3220 3641 3475 3697 voluntate
3497 3642 3738 3713 (Philip.

2138 3748 2196 3800 tt,
2234 3734 2348 3802 15).
2400 3732 2517 3787 Νοη
2558 3749 2687 3803 ergo
2716 3735 2992 3804 apostolus
3031 3737 3133 3791 sibi
3160 3738 3465 3793 contracius
3493 3746 3594 3793 est.
3620 3738 3745 3795 Sed

2136 3840 2257 3880 eum
2301 3825 2560 3881 donatum
2593 3828 2750 3882 nobis
2780 3829 2939 3884 fuerit
2968 3829 3169 3884 bonum
3202 3831 3373 3895 velle,
3408 3847 3516 3886 non
3546 3832 3741 3888 statim

2134 3919 2445 3973 invenimus
2488 3919 2773 3987 etfacere,
2823 3923 2924 3977 nisi
2968 3924 3300 3999 petentibus,
3331 3924 3738 3995 quaerentibus,

2137 4019 2295 4080 atque
2345 4011 2707 4080 pulsantibus,
2754 4014 2849 4083 qui
2903 4014 3051 4069 dedit
3097 4014 3449 4083 desiderium,
3509 4025 3746 4085 prestat

2135 4104 2407 4158 eﬁeclum.
2440 4105 2557 4159 Vox
2586 4112 2607 4139 ⁸
2637 4120 2865 4174 namque
2888 4106 2990 4161 ista
3012 4106 3239 4162 dicentis
3270 4107 3447 4163 :Velle
3472 4109 3606 4161 enim
3631 4109 3744 4161 ad-

440 4194 607 4263 Quasi
636 4211 763 4252 vero
791 4197 970 4251 anima
992 4197 1107 4267 ipsa
1150 4213 1259 4255 non
1297 4198 1567 4269 langueat,
1613 4206 1668 4253 et
1697 4200 1911 4268 corpori
1933 4215 2034 4255 suo
2127 4200 2269 4269 jacet
2292 4195 2439 4264 mihi,
2471 4197 2718 4267 per/icere
2743 4206 2912 4253 autem
2948 4199 3141 4253 bonum
3167 4216 3268 4254 non
3310 4199 3510 4256 invenio
3542 4198 3737 4270 (Rom.

517 4393 1017 4470 ‘Mss._Remig._et
1048 4396 1334 4462 Joliensis,
1378 4411 1497 4452 cum
1530 4398 1660 4454 edit.
1696 4398 1933 4470 Mogunt.
1976 4408 2031 4455 et

443 4464 602 4529 Ven.,
630 4466 716 4534 qui
742 4476 813 4519 est
843 4468 1097 4523 occidens.

515 4535 714 4612 1jikliest
736 4546 778 4591 et
806 4553 836 4592 a
860 4553 990 4612 mss.
1014 4538 1180 4595 Corb.
1208 4547 1263 4596 et
1284 4540 1387 4595 Jol.
1422 4550 1475 4595 et
1502 4539 1631 4595 edit.
1661 4540 1855 4612 Lugd.,
1886 4542 2021 4611 Mog.

442 4606 692 4683 et_Ven.;
724 4624 845 4677 quae
874 4609 994 4663 dure
1024 4612 1350 4683 posteriores
1372 4612 1451 4665 sie
1480 4612 1697 4683 habent,
1729 4606 1847 4683 quia
1873 4606 2029 4667 etiam

442 4677 681 4757 su_is....._
698 4690 859 4757 potest
883 4677 1111 4747 extendi,
1148 4698 1345 4757 semper
1371 4698 1489 4757 vero
1526 4700 1558 4735 a
1583 4677 1805 4738 Domino
1836 4685 2029 4757 indiget

443 4750 701 4820 adjuvari.
728 4750 1061 4820 Suﬁragatur
1090 4768 1193 4807 ms.
1219 4750 1492 4809 Jbliensis.

2136 4402 2321 4453 merito
2348 4400 2579 4455 videatur
2605 4403 2855 4465 salvatus.
2883 4405 3109 4472 scilicet,
3136 4407 3320 4463 homo.

2212 4473 2225 4521 i
2262 4472 2358 4525 Ms.
2393 4472 2654 4546 Joliensis
2676 4476 2877 4530 omittit
2918 4477 3057 4531 hanc
3085 4492 3293 4543 vocem,
3325 4480 3590 4546 virtutum,
3634 4478 3744 4537 ha-

2134 4543 2356 4613 betque.
2390 4560 2492 4597 non
2515 4545 2733 4613 possint.

2207 4612 2233 4655 ι
2261 4612 2521 4691 _Sie_mss.
2561 4614 2750 4691 _C_orb.,
2801 4616 3011 4691 Remig.
3044 4627 3100 4673 et
3146 4619 3276 4680 Jol..
3307 4636 3427 4675 cum
3467 4621 3597 4676 edit.
3632 4638 3743 4691 ap—

2134 4686 2298 4763 pend.
2349 4687 2510 4763 Aug.2
2562 4686 2800 4756 Mogunt.
2852 4699 2907 4744 et
2959 4689 3093 4744 Ven.
3140 4694 3211 4745 At
3251 4692 3449 4763 Lugd,
3496 4686 3740 4763 anari.,

2134 4756 2299 4812 Duae.
2332 4767 2385 4811 et
2416 4756 2635 4823 Colon.,
2661 4768 2893 4814 testatur.

518 4815 540 4858 δ
574 4819 710 4874 Editi
742 4815 1015 4901 plerique,
1049 4835 1255 4901 possunt
1286 4834 1475 4901 tamen.
1515 4826 1675 4901 ven.,
1697 4827 1916 4901 _possint
1946 4836 2026 4880 ta-
2055 4815 2111 4875 Β
2214 4825 2230 4864 1
2278 4815 2687 4901 EditsMOgunt.
2717 4840 2771 4885 et
2800 4830 2957 4896 Ven.,
2984 4833 3235 4901 firmaret.
3266 4828 3269 4829 ⁷

442 4907 703 4968 men_esse,
738 4892 1065 4968 etiamsinon
1096 4912 1126 4968 ᾳ
1152 4895 1265 4968 Deo
1282 4896 1551 4968 incipiente
1572 4892 1907 4968 inspirentur.

516 4960 642 5037 d_l_ta
667 4978 795 5037 mss.
829 4962 1138 5037 Corb.,Jol.
1164 4975 1219 5020 et
1244 4960 1455 5035 Remig.
1482 4983 1602 5037 eum
1636 4960 1761 5020 edit.
1786 4968 2025 5037 Mogunt.

441 5042 498 5157 (ἒ
534 5032 717 5113 'Ven.,
770 5034 966 5105 Lugd.,
994 5036 1151 5105 Lov.,
1184 5038 1349 5094 Duae.
1396 5032 1450 5091 et
1490 5036 1707 5103 Colon.,
1760 5054 1824 5090 ea:
1861 5032 2031 5109 gratia

495 5120 560 5157 ei.

495 5120 560 5158 ει.

518 5185 539 5211 ε
564 5175 660 5229 Ms.
692 5176 797 5231 Jol.
831 5177 1031 5233 omittit
1060 5179 1196 5234 hanc
1219 5194 1435 5243 vacem,
1464 5196 1587 5233 sum.

523 5245 539 5282 τ
567 5246 802 5316 Mogunt.
833 5256 888 5302 et
915 5248 1073 5315 Ven.,
1117 5252 1203 5304 ubi
1231 5266 1375 5315 eum;
1397 5251 1597 5314 caeteri,
1616 5248 1701 5303 ubi
1729 5266 1863 5313 eam.
1892 5252 2030 5306 refe-

445 5325 624 5370 rentes
647 5318 710 5370 ad
741 5320 991 5386 animam,
1014 5338 1122 5376 non
1148 5322 1214 5375 ad
1237 5321 1535 5388 hominem,
1565 5320 1633 5376 de
1657 5336 1764 5390 quo
1786 5323 2031 5392 proxime

446 5402 624 5440 sermo
653 5396 791 5443 erat.
1116 5420 1123 5427 -

521 5456 717 5532 elidit.
749 5458 918 5532 Lugd.
950 5465 1066 5518 sola
1097 5463 1297 5518 omittit
1323 5474 1512 5519 vocem
1537 5465 1694 5526 hanc,
1722 5479 1939 5532 semper.

522 5523 545 5602 ξ’
569 5525 662 5581 Ms.
691 5523 1161 5589 Jol..'curationem
1180 5538 1312 5602 ejus.
1339 5535 1434 5589 Ms.
1456 5523 1691 5602 Remig.,
1718 5523 2029 5591 curationem

522 5557 544 5561 -
569 5557 662 5581 tua.
691 5557 817 5586 θυι..
845 5557 1161 5589 curationem
1180 5557 1205 5589 e
1236 5557 1312 5589 ιιδ.
1340 5557 1434 5589 ius.
1459 5557 1689 5602 “Ullllg.,
1718 5557 2029 5591 curationem

446 5598 607 5666 illius,
629 5609 692 5679 _et
719 5602 877 5679 paulo
900 5613 1023 5679 post
1041 5606 1170 5679 edit.
1200 5557 1368 5676 £103.,
1396 5606 1514 5673 quia
1540 5620 1731 5675 (egrum
1754 5618 2030 5663 sanaturus

447 5680 557 5748 est;
582 5670 679 5748 _ubi
710 5684 812 5725 ms.
841 5670 1086 5748 Jol.,gqui
1116 5694 1229 5731 eum
1251 5670 1437 5748 gratia.

528 5741 543 5778 ί
580 5741 654 5796 lta
690 5741 1059 5819 mss.__Corb'.,
1085 5741 1297 5819 Remié.
1322 5761 1375 5806 et
1414 5747 1688 5819 Joliensis,
1733 5762 1854 5803 eum
1896 5750 2023 5806 edit.

450 5811 810 5887 M_ogunt._et_
836 5813 974 5869 Ven.
1024 5821 1095 5871 At
1136 5811 1459 5887 posﬁariores
1488 5818 1776 5885 editiones,
1826 5837 1942 5875 cum
1986 5824 2033 5875 ei

452 5883 560 5936 ullo
602 5884 752 5939 modo
790 5884 899 5942 hac
927 5888 1088 5944 inesse
1122 5883 1321 5959 possint
1356 5908 1375 5947 :
1431 5900 1486 5948 et
1532 5892 1716 5947 statim
1754 5883 1856 5947 ins.
1922 5892 2077 5968 Jol.;

2204 4908 2243 4935 ιιι
2274 4899 2381 4977 _Ms.
2414 4898 2518 4977 ._l'ol.
2549 4900 2686 4977 Mog.
2714 4911 2768 4977 et
2791 4903 2954 4977 _Ven.,
2984 4898 3125 4957 Dicit
3152 4906 3358 4977 quidem
3388 4906 3693 4975 Apostolus.

2205 4969 2370 5047 filis.
2409 4969 2542 5047 Jol.,
2574 4971 2664 5023 sed
2708 4972 2880 5027 itidem
2922 4976 3073 5030 dixit.
3104 4969 3247 5031 Edit.
3285 4969 3511 5047 Mogfet
3558 4977 3733 5045 νεα..

2136 5041 2225 5094 sed
2244 5041 2380 5096 idem
2402 5042 2549 5095 dicit.

2213 5121 2237 5191 ξ
2279 5112 2420 5191 Editi
2450 5114 2694 5191 _Mogunt.
2727 5124 2781 5170 et
2804 5116 2979 5191 γεω,
3015 5118 3147 5191 Quia
3172 5134 3273 5191 non
3308 5120 3481 5175 idonei
3522 5138 3735 5179 ωηηιε,

2140 5181 2511 5257 Etlit._j..ttg_d.,
2546 5184 2775 5249 Lovan.,
2804 5181 2971 5242 Duae.
3000 5181 3054 5242 et
3089 5188 3302 5257 Colon.,
3334 5209 3437 5246 non
3468 5194 3630 5257 quod.

2213 5262 2240 5301 P
2406 5253 2537 5319 Jol.,
2566 5272 2629 5333 ex
2659 5257 2803 5333 nobis
2831 5259 2978 5333 quasi
3014 5275 3077 5333 ea:
3116 5252 3299 5333 nobis.
3329 5262 3428 5318 Ms.
3461 5252 3672 5333 Remis.
3715 5311 3734 5333 ,

2140 5339 2207 5376 ea:
2229 5324 2397 5403 nobis,
2436 5328 2585 5403 quasi
2617 5324 3004 5403 _a_nobis'ipsis.
3036 5329 3093 5403 in
3124 5331 3323 5403 Lugd.,
3353 5335 3511 5401 Lov.,
3550 5324 3733 5391 Dtiac:

2142 5402 2196 5447 et
2223 5392 2665 5469 Gelonu'aliquid
2693 5413 2756 5469 eg
2782 5392 2925 5453 nobis
2954 5400 3100 5469 ipsis.

2212 5474 2240 5515 (ι
2279 5465 2375 5519 Ms.
2400 5466 2674 5530 Joliensis,
2707 5467 2775 5521 Et
2805 5465 3009 5525 iterum.

2215 5546 2238 5614 τ
2277 5535 2611 5614 Posteriores
2646 5539 2917 5614 editiones
2959 5543 3152 5614 Lugd.,
3201 5545 3426 5613 Lovan.,
3460 5547 3627 5604 Duae.
3666 5559 3737 5606 et

2139 5606 2357 5689 Colon.,
2377 5618 2439 5689 ἐι
2473 5609 2740 5689 per/icere
2760 5611 2989 5689 habent,
3022 5606 3166 5683 loco,
3196 5628 3244 5689 et
3287 5606 3526 5689 operari,
3574 5623 3737 5688 quod

2140 5680 2334 5757 legitur
2374 5679 2429 5757 in
2476 5694 2579 5757 ms1
2620 5682 2955 5757 Corb._edit.
3008 5679 3241 5754 appeud.
3295 5679 3431 5755 Aug.
3480 5679 3733 5757 Hostias.

2138 5759 2195 5806 et
2226 5750 2356 5828 v99.
2392 5750 2523 5817 Quae
2546 5751 2666 5806 dua:
2692 5754 2935 5810 scribunt
2959 5750 3122 5823 nobis,
3156 5775 3251 5828 pro
3273 5750 3429 5814 vobis.

2214 5830 2235 5905 ξ
2279 5822 2402 5876 llaec
2435 5837 2536 5876 vox
2569 5840 2781 5905 namque
2806 5828 3017 5905 abest__a
3048 5822 3177 5885 mss.
3204 5828 3396 5899 Corb.,
3423 5829 3635 5905 Remig.
3660 5841 3737 5891 et

2138 5892 2271 5962 Jol.,
2304 5908 2513 5951 necnon
2544 5908 2573 5950 α
2603 5892 2838 5967 Mogunt.
2868 5907 2925 5954 et
2954 5898 3089 5957 Ven.
