4028 6352
332 307 438 372 ΩΒ

1451 300 1657 361 LIBER
1693 300 1973 360 CONTRA
2010 298 2496 358 COLLATOREM.

3509 297 3614 357 226

333 437 426 492 vn,
457 421 575 494 18),
621 420 802 478 vocati
828 425 936 490 est,
968 428 996 458 ι
1023 427 1077 477 et
1100 419 1210 490 jam
1241 417 1342 474 sub
1379 419 1551 490 gratia
1598 415 1881 474 constituti
1909 432 1921 468 :
1951 417 2006 478 Α
2031 416 2254 486 gratiam
2304 415 2402 471 Dei
2440 413 2734 471 secundum
2766 412 2956 471 merita
3003 421 3184 470 nostra
3213 413 3329 471 dari
3374 431 3389 471 :
3425 413 3479 470 in
3507 414 3614 470 alio

329 518 422 592 qui
470 514 887 571 eondelectatur
912 513 1138 584 quidem
1183 513 1286 584 legi
1317 512 1413 567 Dei
1460 512 1759 567 secundum
1790 512 1929 568 inte-

329 610 529 667 riorem
559 606 861 674 hominem,
891 605 986 662 sed
1013 604 1154 660 videt
1179 605 1338 658 aliam
1370 603 1541 674 legem
1580 603 1634 658 in
1673 603 1930 658 membris

331 703 466 769 suis,
483 709 881 772 repugnantem
915 700 1018 769 legi
1049 698 1244 754 mentis
1264 711 1397 764 suae,
1417 697 1850 768 etcaptivantem
1869 712 1928 754 se

332 796 386 852 in
415 796 534 866 lege
562 794 771 866 peccati
792 794 970 867 (Rom.
992 807 1085 858 vn,
1105 791 1177 846 22
1206 801 1254 848 et
1280 791 1408 855 25):
1431 798 1487 847 et
1504 791 1748 862 quamvis
1776 804 1931 846 acce-

333 890 475 960 perit
503 889 794 945 scientiam
827 896 978 944 recte
1003 886 1244 956 valendi,
1284 886 1545 942 virtutem
1580 893 1757 939 tamen
1786 885 1839 939 in
1869 899 1930 941 se

333 997 442 1038 non
498 981 716 1037 invenit
761 979 789 1019 δ
819 995 885 1036 ea
935 994 1055 1050 quae
1085 987 1240 1049 aptat
1281 977 1573 1050 operandi;
1614 977 1788 1033 donec
1832 991 1929 1046 pro

334 1073 472 1129 bona
526 1073 806 1129 voluntate
843 1087 1002 1143 quam
1029 1071 1280 1140 sumpsit,
1316 1080 1588 1128 mereatur
1620 1080 1643 1109 ε
1667 1070 1930 1126 virtutum

336 1165 647 1241 facultatem
680 1164 926 1221 invenire
956 1179 1115 1234 quam
1140 1163 1355 1234 quaerit.

969 1320 1197 1378 CAPUT
1238 1321 1303 1374 ν.

342 1436 586 1506 Deﬁnitio
625 1437 811 1503 quinta
860 1435 1093 1490 Cassiani
1135 1453 1155 1490 :
1197 1435 1372 1493 Simul
1410 1436 1765 1506 suscipiendas
1820 1454 1928 1494 esse

409 1509 686 1564 sententias
717 1510 1042 1573 cantrarias;
1069 1516 1118 1560 et
1152 1507 1300 1561 illam
1339 1523 1454 1576 que
1483 1509 1668 1562 bonam
1692 1510 1929 1562 volunta-

409 1592 508 1634 tem
533 1581 678 1634 nasci
710 1596 772 1634 ex
799 1581 994 1650 gratia,
1019 1586 1063 1632 et
1089 1577 1236 1650 illam
1274 1593 1485 1650 (ματ-επ
1509 1581 1639 1632 bona
1670 1579 1930 1634 uoluntate

408 1653 631 1724 gratiam
673 1647 1091 1724 pend'ereidicit.
1141 1647 1330 1718 Opinio
1376 1648 1614 1724 Cassiani
1664 1650 1929 1724 catholicis

406 1720 622 1793 perinde
646 1735 798 1794 atque
825 1720 1119 1794 Pelagianis
1157 1736 1380 1774 errorem
1405 1721 1616 1794 afﬁngit.
1653 1721 1929 1794 Refellitur

2030 519 2207 566 autem
2237 511 2360 566 illos
2389 512 2574 580 ponis,
2603 512 2694 582 qui
2722 510 2926 578 dicunt,
2954 510 2968 561 i
3009 526 3073 566 ex
3107 509 3476 566 misericordia
3519 509 3615 566 Dei

2030 601 2293 658 bonarum
2326 603 2660 659 voluntatum
2690 603 2908 675 prodire
2935 604 3225 674 principia;
3252 618 3346 660 eos
3387 602 3617 674 intelligi

2030 695 2254 761 volens,
2292 695 2387 766 qui
2441 696 2686 752 inimicos
2733 697 2920 766 gratiae
2969 695 3330 752 debellarunt.
3383 696 3442 752 Si
3485 709 3616 765 ergo

2030 803 2185 844 error
2209 796 2314 856 est,
2357 787 2507 843 initia
2547 787 2704 844 bona:
2753 789 3046 845 voluntatis
3087 805 3198 846 non
3243 788 3426 859 adjuto
3473 788 3617 844 divi-

2033 880 2176 936 nitus
2217 880 2422 935 homini
2460 880 2763 947 ascribere,
2789 891 2845 936 et
2880 897 3034 938 error
3079 891 3162 938 est
3189 881 3444 938 conﬁteri
3481 896 3615 951 quo-

2032 975 2174 1028 niam
2205 983 2540 1045 praeparatur
2570 973 2815 1030 voluntas
2835 989 2866 1029 a
2893 975 3137 1046 Domino,
3164 974 3188 1013 ¹ι
3213 991 3320 1048 quo
3348 975 3614 1048 dirigendi

2030 1083 2238 1133 sumus,
2275 1076 2335 1124 ut
2373 1078 2661 1140 utrumque
2688 1069 2961 1125 vitemus?

2100 1162 2155 1216 2.
2190 1161 2252 1218 Si
2278 1172 2568 1234 utrumque,
2601 1162 2801 1233 inquis,
2836 1180 3130 1234 sequamur,
3158 1181 3248 1221 nos
3295 1165 3425 1220 nulli
3452 1168 3616 1221 errori

2037 1253 2055 1293 ι
2107 1257 2497 1326 acquiescimus.
2527 1256 2606 1312 Tu
2637 1271 2736 1311 nos
2763 1256 2948 1312 subdis
2986 1257 3216 1326 duobus,
3260 1268 3315 1316 et
3351 1259 3616 1330 geminas,

2029 1350 2170 1406 sicut
2214 1351 2492 1420 intelligis,
2540 1352 2833 1421 pravitates
2862 1369 2875 1405 :
2905 1351 3200 1408 dividendo
3221 1353 3466 1423 damnas,
3516 1357 3617 1411 mi-

2029 1444 2232 1499 scendo
2275 1444 2564 1514 justiﬁcas.
2617 1444 2731 1501 Hac
2777 1445 2926 1515 lege,
2959 1453 3001 1482 ιιι
3031 1444 3133 1500 hac
3180 1447 3364 1517 regula
3411 1449 3617 1518 poteris

2029 1538 2346 1608 praedicare,
2380 1538 2522 1609 quod
2571 1546 2677 1594 tam
2719 1547 2904 1594 errent
2944 1546 2973 1576 ιι
3019 1539 3109 1610 qui
3159 1538 3363 1606 dicunt,
3406 1555 3618 1612 semper

2029 1643 2152 1684 esse
2190 1627 2518 1696 fallendum,
2549 1644 2708 1700 quam
2745 1631 2836 1699 qui
2868 1629 3136 1686 deﬁniunt
3165 1646 3458 1702 numquam
3498 1649 3619 1692 esse

2028 1721 2320 1777 fallendum
2351 1721 2606 1793 (Notatur
2640 1723 2710 1778 17
2734 1721 2922 1778 Collat.
2970 1721 3224 1792 Cassiani,
3263 1725 3316 1777 in
3343 1741 3447 1796 qua
3475 1726 3620 1781 docet

409 1791 473 1887 fa:
520 1791 908 1861 definitionibus
949 1807 1268 1846 summorum
1314 1791 1616 1862 pontificum
1663 1801 1709 1846 et
1756 1793 1929 1846 conci-

2042 1818 2332 1887 quandoque
2363 1791 2480 1872 esse
2527 1816 2726 1870 licitum
2769 1817 3029 1885 mentiri);
3081 1818 3174 1872 sed
3212 1791 3287 1872 ut
3326 1791 3380 1873 in
3429 1828 3621 1876 neutro

412 1996 581 2071 [Alias
608 1997 742 2053 Car.
781 1995 901 2069 IL]
931 1998 982 2051 l.
1027 1998 1155 2054 Post
1201 1997 1317 2054 hac
1341 2000 1500 2070 ponis
1527 1999 1756 2069 plurima
1785 2002 1933 2057 testi-

339 2097 544 2159 monia,
571 2093 765 2164 quibus
795 2107 937 2147 nunc
979 2091 1248 2160 validum,
1292 2107 1434 2148 nunc
1483 2092 1756 2148 inﬁrmum
1793 2093 1931 2149 libe-

338 2204 458 2244 rum
503 2186 791 2242 arbitrium
842 2185 1287 2241 demonstretur:
1327 2187 1482 2258 quasi
1530 2185 1750 2257 quidam
1798 2186 1930 2252 sint,

336 2279 432 2350 qui
471 2278 706 2350 propriis
775 2277 979 2332 viribus
1042 2259 1352 2349 impleant:
1402 2279 1543 2349 quod
1587 2278 1678 2332 alii
1724 2278 1927 2345 facere,

336 2370 368 2410 ά
408 2373 514 2428 nisi
568 2372 680 2428 Deo
709 2370 1002 2442 adjuvante
1047 2387 1156 2426 non
1213 2382 1474 2443 possunt;
1525 2373 1691 2445 318
1717 2383 1810 2428 aut
1861 2374 1932 2428 ob

336 2464 486 2521 aliud
534 2464 698 2520 homo
743 2465 972 2535 accipiat
1023 2475 1383 2535 praeceptum,
1427 2465 1532 2519 nisi
1583 2476 1639 2520 ut
1692 2466 1930 2520 divinum

338 2566 550 2629 quaerat
588 2557 864 2612 auxilium.
905 2555 1200 2612 Concludis
1248 2571 1410 2627 ergo,
1461 2566 1515 2611 et
1543 2556 1677 2611 dicis
1720 2555 1929 2627 (Collat.

345 2650 420 2706 15
441 2693 458 2717 ,
501 2667 616 2720 cap.
646 2651 736 2722 11)
764 2668 778 2703 :
816 2650 885 2704 Et
927 2651 1000 2705 ita
1036 2659 1152 2705 sunt
1182 2649 1291 2705 lttec
1333 2650 1709 2720 quodammodo
1743 2659 1765 2688 ⁸
1798 2650 1934 2704 indi-

351 2750 522 2798 screte
542 2743 784 2812 permista
808 2751 953 2813 atque
974 2745 1221 2812 confusa,
1247 2752 1304 2796 ut
1324 2743 1446 2813 quid
1474 2759 1536 2797 ex
1565 2759 1664 2813 quo
1690 2743 1929 2813 pendeat,

354 2832 491 2884 inter
513 2832 696 2886 multas
718 2847 896 2904 magna
920 2835 1201 2900 questions
1225 2834 1457 2889 volvatur
1486 2850 1505 2888 :
1530 2833 1584 2888 id
1615 2843 1706 2902 est,
1737 2844 1928 2902 utrum,

349 2924 475 2994 quia
497 2923 696 2979 initium
723 2925 866 2981 bona
890 2927 1164 2982 voluntatis
1190 2928 1558 2999 prabuerimus
1579 2970 1594 2995 ,
1628 2931 1932 2984 misereatur

342 3015 512 3068 nostri
547 3013 725 3082 Deus;
764 3032 832 3070 an
862 3018 982 3087 quia
1021 3016 1162 3072 Deus
1207 3021 1528 3086 misereatur,
1560 3036 1933 3091 consequamur

339 3107 488 3163 bona
513 3108 796 3163 uoluntatis
821 3111 1048 3165 initium.
1078 3111 1235 3166 Multi
1272 3114 1409 3167 enim
1434 3114 1640 3187 singula
1679 3116 1786 3170 lues
1825 3133 1934 3170 cre-

2036 1920 2309 1978 peccetur,
2337 1916 2624 1978 utrumque
2657 1907 2971 1963 sectandum
3005 1924 3018 1961 :
3056 1915 3080 1943 °
3121 1908 3244 1979 quia
3271 1923 3374 1965 nec
3403 1924 3622 1981 semper

2033 1999 2348 2055 declinanda
2395 1999 2618 2065 falsitas,
2653 2013 2752 2054 nec
2793 2013 3010 2070 semper
3058 1999 3377 2070 negligenda
3422 2002 3492 2056 sit
3531 2017 3622 2059 ve-

2032 2095 2187 2150 ritas.
2223 2095 2383 2150 Fallit
2414 2105 2465 2151 te
2495 2107 2722 2163 prorsus
2743 2094 2927 2164 opinio
2953 2102 3062 2149 tua.
3104 2094 3182 2149 De
3211 2094 3424 2152 duobus
3465 2096 3622 2153 malis

2035 2203 2197 2244 unum
2241 2189 2355 2242 ﬁeri
2388 2188 2586 2242 bonum
2631 2203 2737 2243 non
2781 2196 2960 2258 p0test
2993 2205 3006 2240 :
3039 2202 3198 2242 unam
3229 2188 3480 2244 virtutem
3513 2190 3621 2246 duo

2035 2279 2160 2333 vitia
2218 2295 2321 2333 non
2368 2278 2594 2349 gignunt
2642 2297 2655 2332 :
2713 2294 2878 2334 unum
2926 2293 3114 2334 verum
3165 2279 3271 2335 duo
3325 2280 3453 2334 falsa
3510 2297 3620 2336 non

2035 2371 2254 2426 faciunt.
2291 2382 2317 2421 ρ
2346 2371 2479 2439 Quae
2523 2371 2669 2427 enim
2718 2371 2914 2427 merito
2957 2373 3102 2442 paria
3134 2383 3290 2440 sunt,
3320 2373 3485 2445 319
3512 2390 3619 2430 non

2035 2464 2350 2516 minuuntur
2375 2462 2644 2532 coeundo,
2674 2463 2772 2518 sed
2796 2473 3070 2518 crescunt.
3103 2462 3220 2518 Non
3247 2464 3429 2534 itaque
3457 2481 3618 2535 opor-

2033 2554 2136 2608 tuit
2163 2568 2278 2619 eos,
2299 2554 2390 2622 qui
2419 2553 2683 2608 bonarum
2713 2554 3050 2608 voluntatum
3081 2554 3229 2608 initia
3258 2568 3325 2608 ex
3352 2555 3444 2609 Dei
3471 2570 3620 2610 asse-

2035 2656 2157 2700 runt
2183 2645 2538 2716 inspiratione
2565 2646 2835 2717 generari,
2862 2660 2924 2701 ea
2954 2647 3220 2702 sententia
3252 2647 3574 2716 reprehendi
3601 2695 3615 2719 ,

2034 2756 2138 2810 qua
2160 2750 2454 2810 arguuntur
2474 2741 2564 2810 qui
2591 2740 2660 2795 ad
2687 2741 2804 2795 hac
2833 2740 3062 2796 liberum
3112 2740 3396 2796 arbitrium
3433 2751 3620 2812 putant

2034 2837 2135 2890 sibi
2161 2834 2276 2890 sine
2304 2850 2407 2906 ope
2429 2836 2618 2904 gratiae
2644 2848 2804 2904 posse
2830 2833 3102 2890 sufﬁcere.
3120 2833 3318 2890 Harum
3341 2836 3484 2890 enim
3517 2836 3615 2892 de-

2036 2928 2336 2984 ﬁnitionum
2393 2943 2498 2983 una
2551 2928 2622 2982 ab
2671 2927 2912 2982 Ecclesia
2964 2935 3268 2997 expugnata
3325 2936 3430 2994 est,
3462 2929 3620 2984 salia

2036 3021 2252 3076 defensa
2289 3037 2300 3072 :
2336 3035 2436 3076 nec
2463 3020 2540 3076 eis
2571 3019 2680 3074 ullo
2710 3018 2870 3074 modo
2899 3018 3058 3090 hujus
3086 3021 3209 3075 novi
3241 3019 3461 3077 ioederis
3487 3036 3620 3076 con-

2035 3117 2175 3184 gruit
2221 3124 2465 3184 pactum,
2501 3129 2601 3184 qua
2642 3113 2906 3170 catholica
2933 3113 3002 3170 sit
3047 3115 3371 3186 corruptior,
3405 3125 3425 3153 τ
3458 3131 3617 3186 quam

339 3201 536 3269 dentes,
595 3217 657 3255 ac
698 3204 843 3274 justo
889 3204 1112 3275 amplius
1164 3216 1480 3274 asserentes,
1531 3208 1686 3262 uariis
1737 3208 2005 3282 sibiquec
2036 3207 2322 3278 Pelagiana
2351 3207 2668 3263 correctior.

339 3294 615 3348 contrariis
663 3305 783 3350 sunt
828 3298 1084 3351 erroribus
1129 3297 1368 3354 involuti.
1409 3299 1573 3369 Ecce,
1620 3309 1678 3354 ut
1719 3301 1810 3356 tibi
1855 3303 1930 3357 vi-

337 3388 520 3456 detur,
560 3389 578 3426 ί
610 3405 732 3460 qua:
764 3400 922 3445 erant
955 3391 1234 3460 permista,
1267 3391 1505 3448 discreta
1539 3403 1699 3460 sunt;
1725 3403 1778 3449 et
1813 3411 1932 3464 qua:

338 3478 600 3550 explicari
638 3496 747 3536 non
775 3489 1049 3552 poterant,
1082 3483 1348 3540 absoluta.
1384 3493 1409 3532 κ
1441 3484 1585 3540 Duos
1625 3485 1767 3541 enim
1812 3501 1934 3542 esse

339 3570 446 3626 sibi
466 3572 770 3629 contrarios
794 3573 988 3630 deﬁnis
1014 3589 1254 3644 errores,
1288 3576 1482 3646 quibus
1512 3578 1602 3648 qui
1625 3578 1766 3634 inter
1797 3579 1937 3636 libe-

341 3680 464 3721 rum
505 3667 792 3723 arbitrium
839 3676 895 3724 et
936 3672 1164 3740 gratiam
1208 3670 1336 3741 quid
1383 3672 1674 3728 tenendum
1728 3673 1799 3728 sit
1842 3689 1939 3730 ne-

341 3759 544 3828 sciunt,
592 3762 960 3832 implicentur.
998 3764 1060 3820 Et
1099 3764 1154 3820 in
1200 3761 1360 3821 ιιηο1³
1404 3767 1692 3824 constituis
1717 3782 1810 3824 eos
1846 3768 1937 3840 qui

345 3853 554 3924 dicunt,
603 3855 728 3911 ideo
776 3858 950 3913 nostri
996 3859 1240 3914 misereri
1275 3859 1466 3930 Deum,
1495 3861 1617 3932 quia
1667 3875 1733 3917 ex
1779 3861 1937 3918 nobis

345 3951 571 4019 praebita
604 3951 715 4006 sint
748 3951 904 4007 bonae
934 3951 1083 4007 initia
1121 3953 1438 4020 voluntatis;
1483 3955 1792 4026 signiﬁcans
1822 3954 1938 4010 sine

344 4042 514 4100 dubio
556 4043 827 4112 Pelagiani
873 4044 1138 4116 dogmatis
1187 4056 1505 4115 sectatores,
1545 4047 1559 4084 ί
1593 4049 1684 4119 qui
1729 4048 1936 4118 dicunt,

423 4212 450 4242 ι
489 4203 618 4259 Haec
641 4203 827 4278 uerba,
858 4212 903 4278 e_t
926 4206 1044 4275 jam
1073 4205 1452 4262 desiderantur
1476 4207 1528 4262 in
1553 4207 1743 4278 Lugd.,
1779 4209 1937 4276 Lov.,

349 4275 523 4351 l_)u_ac.
555 4283 612 4329 et
646 4274 840 4351 Colon.
874 4274 1145 4351 Leguutur
1186 4278 1236 4331 in
1269 4274 1858 4351 ti’iss._Corb.,'Remig.
1887 4274 1942 4337 et

348 4347 620 4418 .lol.,_nec
654 4361 758 4398 non
784 4345 834 4398 in
865 4347 994 4401 edit.
1025 4350 1260 4418 Mogunt.
1290 4360 1346 4404 et
1382 4349 1510 4405 Ven.

428 4417 455 4454 δ
495 4415 572 4471 Ita
602 4417 953 4472 emendamus
983 4433 1046 4472 ex
1079 4415 1180 4492 nis.
1209 4420 1454 4475 Juliensi.
1489 4421 1703 4492 Reliqui
1729 4437 1938 4488 omnes,

350 4505 535 4615 30mm
575 4504 704 4557 quas
750 4497 890 4559 optat
936 4491 1183 4560 operandi
1215 4505 1235 4545 :
1263 4493 1440 4548 minus
1479 4491 1748 4563 congrue,
1779 4504 1839 4550 ut
1863 4497 1946 4549 vi-

390 4576 425 4614 e
487 4575 534 4612 r.

390 4575 534 4614 etur.

2106 3302 2277 3375 [Alias
2293 3301 2420 3356 (ΣΑΡ.
2454 3299 2549 3371 Χ.]
2590 3304 2644 3356 ὅ.
2680 3300 2858 3368 Multi,
2906 3301 3104 3371 inquis,
3131 3303 3337 3375 singula
3360 3301 3469 3357 haec
3513 3321 3622 3359 cre-

2035 3396 2208 3449 dentes
2246 3411 2306 3448 ac
2347 3397 2490 3466 justo
2537 3393 2760 3464 amplius
2804 3401 3106 3460 asserentes,
3156 3400 3178 3428 ³
3228 3395 3384 3448 variis
3429 3395 3624 3465 sibique

2037 3487 2307 3542 contrariis
2349 3495 2468 3540 sunt
2513 3485 2765 3539 erroribus
2809 3484 3039 3538 involuti.
3074 3482 3257 3540 Placet
3301 3485 3463 3555 igitur
3503 3487 3620 3553 tibi,

2038 3597 2161 3638 cum
2193 3582 2459 3638 haereticis
2488 3581 2804 3646 catholicos,
2835 3595 2956 3635 cum
2980 3579 3133 3635 victis
3160 3580 3420 3637 damnare
3451 3584 3621 3640 victo—

2039 3689 2134 3731 res
2168 3693 2179 3726 :
2213 3681 2268 3729 et
2301 3688 2393 3729 eos
2423 3673 2622 3728 erroris
2671 3680 2798 3726 nota
2845 3671 3103 3738 adurere,
3135 3672 3227 3741 qui
3271 3687 3510 3728 errorem
3552 3677 3622 3732 ab

2043 3765 2282 3821 Ecclesia
2313 3763 2672 3834 depulerunt?
2718 3762 3022 3818 Secundum
3072 3762 3268 3833 quippe
3299 3774 3446 3820 tuam
3492 3781 3622 3822 cen-

2043 3875 2247 3927 suram,
2277 3874 2379 3929 qua
2407 3867 2711 3914 sanctarum
2741 3863 2795 3912 et
2823 3855 3057 3910 ﬁdelium
3087 3857 3426 3914 voluntatum
3459 3862 3478 3898 ί
3511 3875 3622 3918 non

2042 3956 2098 4008 in
2144 3951 2390 4007 omnibus
2431 3949 2735 4005 hominibus
2765 3964 2829 4003 ex
2871 3948 2981 4004 Deo
3012 3949 3092 4005 vis
3130 3964 3249 4005 esse
3298 3951 3623 4023 principium

2043 4047 2219 4121 (quasi
2266 4047 2487 4102 multum
2517 4045 2700 4117 gratim
2733 4044 2958 4112 tribuas,
2990 4045 3036 4099 si
3081 4043 3184 4100 hoc
3227 4060 3346 4101 eam
3397 4046 3450 4102 in
3493 4063 3633 4116 quo-

2046 4208 2229 4262 merita
2257 4217 2431 4260 nostra
2463 4222 2481 4260 :
2511 4206 2729 4260 omissis
2761 4204 2969 4261 caeteris
3000 4205 3252 4262 omnibus
3294 4222 3412 4277 qua:
3455 4207 3626 4266 inter-

2042 4280 2227 4351 jaceat
2259 4279 2310 4351 in
2341 4277 2459 4351 aliis
2488 4277 2787 4351 codicibus.

2126 4354 2139 4400 i
2195 4350 2332 4402 Edit.
2362 4348 2530 4418 Lugd.
2565 4349 2701 4411 sola,
2733 4364 2795 4401 ea:
2823 4347 3175 4402 misericordia
3203 4365 3234 4401 a
3262 4345 3392 4402 Deo.

2089 4419 2147 4504 [κ
2191 4421 2293 4475 Ms.
2320 4419 2604 4484 Joliensis,
2646 4436 2744 4488 quo
2788 4419 3046 4489 dirigendi
3089 4421 3300 4474 sumus?
3346 4418 3632 4492 Utrumque

2090 4503 2282 4545 lentus.

2050 4509 2098 4547 ω
2128 4564 2146 4600 ι
2191 4562 2338 4616 Edit.
2368 4562 2521 4620 Lov..
2556 4560 2713 4614 Duac.
2745 4570 2798 4614 et
2825 4558 3041 4626 Culon.,
3072 4561 3466 4630 acquiescemus.

434 4642 456 4669 ο
497 4629 590 4684 Sic
622 4629 948 4705 legimusin
980 4645 1106 4685 mss.
1138 4633 1326 4705 Corb.,
1362 4634 1572 4705 Remig.
1615 4644 1669 4690 et
1696 4635 1943 4702 Joliensi,
1971 4627 2025 4688 Β
2081 4704 2086 4705 ί
2120 4642 2159 4668 ω
2197 4633 2445 4705 Sicniss.
2475 4632 2665 4705 Corb.,
2702 4631 2909 4702 Remig.
2933 4641 2987 4687 et
3011 4631 3122 4687 Jol.
3146 4627 3218 4686 ac
3243 4633 3374 4688 editi
3410 4635 3548 4705 Mog.
3579 4645 3633 4691 et

353 4717 460 4757 nec
487 4718 593 4756 non
621 4701 673 4754 in
705 4701 838 4754 edit.
873 4701 1108 4771 blogunt.
1141 4712 1196 4758 et
1224 4704 1355 4758 Ven.
1397 4701 1740 4761 Posteriores
1765 4701 1942 4762 autem

353 4774 629 4844 editiones
649 4780 795 4841 post,
817 4776 1220 4844 quamsumpsit,
1239 4776 1500 4843 ferebant,
1530 4789 1787 4831 mereatur
1808 4780 1946 4832 inac-

354 4847 470 4912 nire
506 4843 590 4908 qui
622 4844 796 4912 faciat.

432 4911 592 4988 d__3ic
611 4911 755 4988 ξηὲεέ
801 4913 989 4988 Corb.,
1028 4915 1240 4987 Remig.
1273 4927 1327 4973 et
1350 4919 1456 4974 Jol.
1486 4934 1607 4973 cum
1642 4919 1770 4972 edit.
1802 4918 1943 4988 Mog.

358 4994 419 5040 et
447 4952 592 5039 γὲὶἰῗ
611 4952 896 5040 enim}?
913 4952 1779 5056 ΐιῖεῖιῖἶῒὲἱν.Ϊύἲίἔὲ.”ἔὶ’ἑ;ὄῑ’διῖ.
1794 4952 1945 5057 ξ’ὶῖἓᾶ

360 5072 468 5110 non
499 5059 775 5128 adjuvante
805 5073 905 5110 non
936 5069 1169 5128 possunt.

441 5136 465 5164 °
507 5128 788 5203 Editinnes
809 5128 949 5197 Mog.
977 5141 1031 5184 et
1061 5129 1221 5200 Ven.,
1250 5131 1546 5194 indiscreta.
1574 5133 1835 5203 permista,
1867 5142 1945 5186 at-

359 5201 750 5272 queconfusa;
779 5208 833 5252 et
878 5211 1002 5270 post
1049 5203 1250 5272 aliquot
1289 5205 1460 5260 lineas
1506 5201 1669 5259 iidem
1705 5204 1943 5271 codices,

363 5267 534 5344 Multi
554 5267 687 5344 enim
711 5273 818 5344 lucc
844 5267 1103 5344 credentes
1128 5267 1348 5344 singula.

447 5338 467 5378 τ
502 5341 624 5412 _Sola
644 5341 825 5412 Lugd.
859 5343 1044 5407 editio,
1075 5361 1190 5412 quae
1209 5338 1432 5412 'confusa
1452 5356 1618 5400 erant.

442 5419 468 5458 Β
507 5410 740 5484 Μεμιοι.
772 5422 826 5466 et
862 5416 993 5467 edit.
1032 5410 1226 5484 Lugd.,
1259 5410 1400 5469 Duos
1432 5420 1565 5470 enim
1601 5418 1696 5472 sibi
1739 5425 1948 5470 contra-

355 5482 471 5558 rios
515 5482 700 5558 deﬁnis
743 5499 973 5558 errores;
1019 5482 1136 5538 tnui
1179 5487 1292 5540 sola
1331 5487 1498 5558 Lugd.
1542 5489 1736 5555 editio,
1769 5487 1948 5557 quibus

358 5553 499 5607 inter
525 5555 735 5629 liberum
775 5556 1045 5609 arbitrium
1076 5567 1124 5610 et
1159 5559 1378 5627 gratiam
1412 5553 1729 5614 contentiosa
1765 5553 1946 5629 dispu-

363 5631 552 5696 tantes,
581 5625 707 5696 quid
736 5630 1006 5680 tenendum
1030 5630 1113 5693 sit,
1150 5625 1497 5692 implicentur.

446 5691 474 5730 δ
510 5691 610 5750 Ms.
649 5695 939 5772 Juliensis,
968 5691 1276 5753 constituisti
1319 5719 1403 5755 eos
1423 5743 1438 5770 ,
1472 5713 1575 5758 etc.
1601 5703 1701 5758 Ms.
1729 5702 1941 5772 Rcmig.

369 5775 496 5839 post
514 5781 730 5839 pauca,
745 5769 923 5839 procul
950 5772 1120 5825 dubio.

452 5833 471 5874 ⁸
508 5833 686 5895 Editio
713 5833 913 5910 Lugd.,
941 5843 1028 5909 qui
1062 5842 1234 5898 dicunt
1264 5848 1483 5914 gratiam
1511 5849 1624 5903 dari
1665 5846 1944 5903 secundum

2048 4704 2184 4760 Ven.
2219 4703 2348 4762 Alii.
2377 4719 2438 4755 ac
2468 4702 2666 4768 regula.

2123 4783 2149 4809 ιι
2192 4775 2284 4827 Ms.
2318 4773 2610 4846 Juliensis,
2642 4775 2731 4842 qui
2757 4775 2932 4828 dicunt
2977 4791 3254 4845 numquam
3297 4791 3402 4829 esse
3438 4778 3632 4846 fallen-

2048 4849 2192 4910 dum,
2220 4861 2370 4914 qnam
2390 4848 2486 4916 qui
2513 4845 2764 4916 deﬁniunt
2791 4862 2990 4916 semper
3011 4863 3118 4900 esse
3144 4845 3451 4915 fallendum.

2121 4926 2144 4951 ο
2189 4917 2363 4970 Editio
2386 4915 2560 4984 Lugd.
2595 4917 2730 4981 sola,
2757 4918 2876 4986 quia
2899 4915 2992 4971 nec
3011 4934 3209 4986 semper
3235 4917 3545 4970 declinanda
3569 4921 3633 4972 sit

2047 4989 2287 5042 severitas
2307 5028 2320 5050 ,
2348 4986 2559 5040 cmteris
2585 4989 2821 5042 omissis.

2122 5070 2148 5108 ιι
2189 5057 2371 5112 Editio
2401 5057 2598 5127 Lugd.,
2631 5059 2759 5125 Quae
2786 5059 2918 5113 enim
2950 5060 3095 5128 paria
3135 5068 3288 5123 sunt,
3318 5057 3499 5110 merito
3532 5074 3630 5111 non

2050 5131 2372 5202 minuuntur,
2402 5139 2506 5184 etc.
2541 5128 2672 5183 Alite
2721 5132 3022 5197 editiones,
3073 5132 3222 5202 paria
3265 5136 3382 5181 sunt
3430 5129 3630 5184 merito.

2051 5202 2191 5270 Mog.
2222 5212 2276 5255 et
2299 5199 2457 5267 νειμ,
2489 5202 2668 5254 merito
2699 5204 2845 5270 paria
2869 5209 3012 5254 sunt.

2124 5284 2151 5322 τι
2190 5273 2290 5326 Ms.
2320 5272 2448 5342 .lnl.,
2476 5273 2640 5324 altera
2671 5273 2900 5342 defensa.

2126 5353 2147 5381 ι
2191 5344 2288 5396 Ms.
2319 5341 2571 5396 Juliensis
2596 5340 2795 5397 omittit
2834 5340 3177 5408 particulam,
3212 5355 3387 5408 quam.

2125 5422 2146 5449 ³
2193 5414 2368 5468 Editio
2411 5413 2682 5484 Lugdun.,
2728 5415 2884 5466 variis
2931 5412 3029 5466 sibi
3071 5411 3376 5479 contrariis,
3429 5413 3631 5469 omisso

2049 5503 2262 5612 φ’ῗίω
2296 5572 2425 5612 mss.
2472 5555 2657 5621 Corb.,
2691 5554 2900 5622 Remig.
2940 5562 2991 5608 et
3037 5551 3145 5609 Jol.
3177 5569 3300 5610 cum
3345 5553 3475 5609 edit.
3521 5555 3634 5609 Mo-

2047 5640 2201 5698 gnut.
2239 5640 2291 5683 et
2322 5629 2479 5691 Ven.,
2515 5627 2671 5698 Lava,
2704 5627 2868 5698 Duae.
2902 5635 2956 5679 et
2986 5623 3206 5698 C0l0n..
3237 5627 3426 5698 asseris
3453 5627 3628 5698 nonin

2048 5694 2279 5754 omnibus
2321 5697 2611 5752 hominibus
2639 5712 2702 5747 ea:
2738 5695 2842 5768 Deo
2874 5711 2980 5768 esse
3017 5697 3344 5768 principium.
3382 5694 3639 5764 Lngdun.

2046 5788 2196 5840 vero,
2226 5787 2286 5827 ea:
2314 5769 2426 5826 Deo
2455 5768 2690 5822 habuisse
2716 5767 3050 5838 principium.
