4028 6352
1391 274 1593 332 LIBER
1631 273 1909 333 CONTRA
1949 275 2433 336 COLLATOREM.

3479 289 3588 349 230

371 387 604 472 liberum
609 387 880 472 arbitrium
902 388 1102 472 auferri
1125 404 1213 457 per
1240 391 1459 472 gratiam
1487 407 1507 446 :
1531 405 1649 446 cum
1671 408 1761 464 per
1785 408 1896 448 eam
1921 397 1978 457 Α
2071 393 2302 472 colorare
2338 396 2546 472 nititur_
2567 396 2706 472 quod
2743 395 2978 472 intendit.
3010 397 3107 452 hoc
3154 417 3301 472 posse
3338 404 3588 471 quosdam

367 459 544 533 potius
571 458 848 528 fortnetur,
882 469 1091 531 regatur
1117 472 1163 515 et
1191 458 1474 516 ordinetur.

370 563 539 646 [Alias
568 570 836 646 CaP.XI.J
875 574 922 628 I.
942 572 1077 629 Cum
1102 576 1242 630 enim
1271 573 1338 631 de
1367 587 1672 633 sanctarum
1687 579 1893 650 origine

291 663 656 733 voluntatum,
685 676 742 723 et
790 666 916 722 lidei
961 667 1351 740 charitatisque
1402 672 1704 744 principiis,
1750 673 1892 730 inter

291 771 513 818 nostros
539 769 592 816 et
621 757 940 831 Pelagianos
970 762 1199 832 quaestio
1231 767 1563 832 versaretur,
1592 779 1700 820 non
1735 765 1889 820 anci-

292 854 388 924 piti
440 852 687 920 victoria,
721 869 822 909 nec
848 852 1012 910 dubio
1040 863 1065 891 ⁸
1093 853 1418 926 diremptum
1451 863 1536 913 est
1577 857 1682 913 line
1711 867 1889 914 certa-

289 962 449 1010 men;
478 952 538 1000 ut
577 945 755 1002 adhuc
779 947 933 1002 nobis
961 946 1029 1003 de
1059 947 1394 1020 iniquissima
1422 945 1641 1022 lﬁliujus
1669 949 1889 1008 lmderis

289 1037 367 1094 tui
414 1055 543 1109 pace
570 1039 907 1096 tractandum
936 1041 1025 1108 sit.
1054 1035 1327 1098 Prostrata
1355 1049 1440 1099 est
1469 1044 1689 1100 inimica
1719 1045 1886 1112 acies,

285 1129 489 1189 bellum
523 1143 544 1170 ε
573 1132 875 1188 coniectum
925 1143 1025 1200 est,
1072 1133 1307 1190 victores
1357 1151 1542 1191 sumus
1591 1153 1684 1208 per
1734 1137 1883 1194 illum

287 1228 378 1298 qui
424 1224 551 1280 fecit
593 1225 884 1296 potentiam
935 1226 990 1280 in
1039 1227 1257 1282 brachio
1308 1245 1427 1294 suo,
1459 1230 1548 1301 qui
1603 1230 1884 1302 dissipavit

286 1318 550 1389 superbos
583 1325 763 1373 mente
804 1313 982 1374 cordis
1021 1317 1257 1388 ipsorum
1283 1362 1297 1386 ,
1348 1317 1598 1392 deposuit
1635 1331 1882 1394 potentes

286 1403 354 1467 de
401 1409 554 1478 sede,
586 1421 642 1467 et
689 1407 946 1467 exultavit
1004 1413 1249 1479 humiles,
1294 1414 1594 1471 esurientes
1641 1415 1882 1486 implevit

283 1503 458 1564 bonis.
489 1516 542 1560 et
585 1505 780 1560 divites
820 1503 1023 1561 dimisit
1069 1506 1256 1562 inanes
1293 1499 1444 1574 (Luc.
1469 1525 1504 1574 ι,
1533 1509 1605 1564 52
1648 1521 1693 1564 et
1723 1511 1831 1579 55)
1863 1529 1874 1564 :

282 1614 379 1672 per
411 1600 586 1665 illum,
615 1601 706 1670 qui
751 1597 956 1656 faciens
1007 1600 1429 1656 misericordiam
1479 1619 1600 1657 cum
1633 1603 1879 1673 patribus

281 1701 505 1761 nostris,
537 1709 746 1751 memor
777 1694 872 1749 luit
902 1693 1205 1750 testamenti
1245 1696 1414 1750 sancti
1452 1698 1559 1762 sui,
1591 1694 1618 1733 ἀ
1641 1697 1876 1768 etjuris-

278 1787 496 1872 iurandi
526 1785 894 1859 quodjuravit
924 1785 989 1843 ad
1021 1787 1292 1843 Abraham
1344 1797 1552 1860 patrem
1603 1800 1868 1858 nostrum,
1909 1790 1954 1850 B

279 1879 532 1934 daturum
570 1894 630 1935 se
663 1879 840 1944 nobis,
872 1890 929 1934 ut
955 1882 1071 1935 sine
1103 1883 1296 1935 timore
1325 1881 1393 1936 de
1427 1897 1584 1936 manu
1616 1881 1873 1938 inimico-

279 1990 394 2032 rum
430 1984 749 2030 nostrorum
777 1976 1010 2041 liberati,
1043 1977 1346 2031 serviamus
1371 1975 1469 2046 ipsi
1506 1976 1559 2030 in
1590 1979 1877 2034 sanctitate

278 2068 561 2136 etjustitia
605 2067 656 2122 in
685 2076 974 2136 conspectu
1019 2066 1137 2136 ejus
1177 2067 1426 2124 omnibus
1455 2067 1644 2122 diebus
1673 2069 1876 2124 nostris

275 2157 474 2234 (Ibid.,
506 2161 633 2231 7i):
663 2175 758 2230 per
789 2160 958 2227 illum,
987 2160 1074 2230 qui
1103 2153 1251 2214 dedit
1282 2154 1436 2215 nobis
1465 2160 1747 2215 victoriam
1783 2177 1880 2229 per

273 2240 459 2310 desum
489 2251 768 2308 Christum
801 2243 1084 2306 Dominum
1117 2262 1355 2307 nostrum
1390 2249 1454 2324 (ll
1487 2253 1606 2308 Cor.
1628 2270 1720 2317 xv,
1755 2253 1874 2323 57):

273 2359 374 2416 per
405 2345 585 2409 illum,
619 2360 649 2399 a
673 2360 778 2414 quo
807 2359 912 2398 non
963 2345 1207 2414 Spiritum
1253 2345 1410 2414 hujus
1440 2345 1625 2399 mundi
1668 2347 1878 2416 accepi-

274 2454 421 2503 mus,
458 2438 553 2493 sed
581 2437 843 2508 Spiritum
871 2439 960 2508 qni
994 2453 1060 2492 ex
1098 2437 1206 2492 Deo
1247 2446 1352 2503 est,
1385 2447 1440 2490 ut
1471 2439 1706 2492 sciamus
1750 2453 1871 2507 qua:

275 2547 308 2588 a
329 2532 444 2587 Deo
475 2532 672 2586 donata
715 2540 838 2585 sunt
869 2530 1021 2585 nobis
1057 2521 1099 2598 (l
1123 2529 1241 2584 Cor.
1268 2545 1326 2596 tt,
1362 2525 1474 2601 Ii).
1507 2529 1644 2599 Quid
1675 2530 1744 2586 de
1775 2532 1873 2586 eli-

277 2637 466 2680 Sarum
529 2621 1047 2693 argumentationum
1101 2622 1418 2677 ratiunculis
1473 2621 1634 2676 fracta
1689 2622 1872 2678 studes

285 2731 439 2770 arma
471 2715 758 2785 colligere?
785 2715 914 2782 Quid
947 2717 1158 2770 cineres
1189 2718 1440 2771 exstincti
1470 2715 1734 2787 dogmatis
1779 2734 1868 2772 re-

291 2805 548 2872 fovendo,
574 2807 856 2863 deﬁcientis
878 2807 1006 2862 fumi
1033 2809 1273 2864 nidorem
1303 2810 1353 2864 in
1388 2810 1677 2864 redivivam
1711 2810 1867 2865 llam-

289 2916 432 2957 mam
465 2903 676 2956 conaris
704 2899 1034 2956 accendere?
1064 2901 1083 2974 [
1113 2903 1259 2956 Alias
1289 2901 1419 2957 CAP.
1462 2899 1598 2974 XII.]
1641 2902 1756 2957 Non
1790 2912 1873 2958 est

280 2993 586 3064 periculum
619 3002 642 3030 ο
670 2993 820 3048 liberi
852 2993 1057 3048 arbitrii
1089 3011 1159 3048 ex
1188 2995 1360 3064 gratia
1396 2994 1511 3060 Dei,
1542 3010 1641 3048 nec
1675 2995 1868 3048 volun-

278 3093 362 3139 tas
391 3085 655 3151 aufertur,
679 3101 798 3140 cum
834 3085 885 3139 in
914 3083 1027 3157 ipsa
1061 3085 1200 3140 bene»
1228 3084 1368 3140 velle
1399 3093 1711 3156 generatur.
1734 3086 1867 3140 Nam

277 3179 324 3236 si
352 3179 474 3235 ideo
506 3195 612 3233 non
637 3179 870 3249 putanda
898 3189 981 3234 est
1011 3192 1217 3244 nostra,
1251 3180 1374 3250 quia
1408 3179 1699 3244 formatur,
1731 3179 1871 3250 regi-
1901 3181 1945 3243 C

277 3279 387 3332 tur.
423 3271 727 3333 ordinatur,
745 3272 1038 3326 imbuitur:
1064 3271 1366 3342 Spoliantnr
1389 3267 1636 3327 libertate
1662 3271 1757 3325 lilii
1779 3269 1874 3326 Dei

282 3347 408 3435 διμιί
428 3377 655 3435 aguntur
679 3365 884 3435 Spiritu
908 3366 1001 3420 Dei
1023 3359 1321 3435 (Romanu,
1348 3363 1461 3435 I4);
1481 3363 1878 3434 perduntvigo-

279 3470 397 3510 rem
430 3455 712 3511 rationalis
732 3457 921 3526 animi,
954 3465 1008 3511 et
1038 3456 1185 3511 onmi
1218 3457 1537 3510 voluntariae
1576 3456 1879 3510 devotionis

279 3547 615 3620 322laude
635 3550 936 3620 privamur,
954 3549 1146 3618 quibus
1169 3549 1326 3603 datur
1346 3549 1576 3618 Spiritus
1599 3547 1880 3618 sapientia:
1938 3568 1950 3584 ·

278 3653 333 3698 et
346 3643 676 3711 intellectus,
701 3643 910 3698 consilii
929 3653 980 3700 et
1007 3643 1350 3708 fortitudinis,
1372 3643 1686 3699 scientimac
1706 3645 1876 3713 pieta-

279 3738 374 3801 tis,
409 3741 463 3792 et
491 3738 701 3792 timoris
734 3737 946 3792 Domini
964 3735 1120 3810 (Isai.
1145 3738 1316 3808 πελ).
1335 3737 1560 3792 Prorsus
1581 3739 1670 3808 qui
1694 3738 1776 3791 his
1797 3753 1880 3793 re-

279 3829 698 3886 formationibus
721 3846 780 3886 se
796 3847 900 3886 non
924 3831 1466 3902 putantindigere,de
1490 3829 1687 3886 veteris
1706 3830 1878 3885 morbi

277 3923 672 3979 consuetudine
709 3923 762 3978 in
802 3925 1114 3993 pltrenesim
1143 3934 1168 3972 σ
1204 3925 1580 3979 transierunt:
1617 3933 1878 3993 respuunt

277 4016 605 4082 remedium,
640 4017 896 4082 clamant,
938 4016 1234 4082 insaniunt,
1275 4015 1640 4079 reluctantur;
1685 4016 1780 4070 sed
1827 4015 1873 4071 si

277 4106 658 4179 promissionis
691 4116 820 4162 sunt
843 4106 963 4176 ﬁlii,
991 4109 1289 4177 quiescent,
1325 4117 1377 4162 et
1407 4110 1763 4163 sanabuntur.

895 4223 1123 4280 CAPUT
1164 4223 1278 4279 VII.

276 4314 559 4373 Cassianus
587 4317 869 4374 contrarias
903 4319 1227 4388 deﬁnitiones
1254 4319 1604 4390 confundens,
1631 4319 1872 4390 exemplis

353 4519 382 4588 ξ
409 4515 540 4588 Mss.
569 4513 779 4588 Remig.
807 4524 860 4568 et
889 4512 1163 4588 .ioliensis,
1195 4515 1473 4588 direptum.

351 4587 381 4626 δ
413 4587 592 4641 Editio
633 4585 803 4654 Lugd.
837 4588 972 4651 sola,
1005 4585 1161 4656 huius
1182 4585 1338 4657 febris
1370 4598 1493 4642 tute.

356 4659 694 4732 cilulitiones
742 4657 1013 4726 Lugdun.,
1045 4658 1276 4722 Lovan.,
1325 4659 1492 4713 Duae.
1551 4668 1606 4714 et
1657 4657 1878 4732 Colon.,

275 4731 610 4794 confractum
633 4735 728 4780 est.

353 4791 516 4923 idib.
553 4796 757 4870 ltemig.
792 4812 914 4854 cum
934 4799 1065 4854 edit.
1101 4801 1338 4871 Mogunt.
1366 4808 1420 4856 et
1451 4799 1612 4868 γεω,
1643 4813 1691 4856 et
1703 4804 1885 4876 jusju-

353 4891 376 4923 Ἰ
425 4889 530 4923 nm.

277 4889 530 4928 randum.

360 4954 386 4980 ο
415 4941 555 4996 Edit.
588 4943 759 4999 Duae.
794 4951 847 4998 et
872 4939 1062 4997 Colon.
1109 4943 1160 4997 in
1210 4944 1455 5010 margine
1494 4944 1754 4998 notabant
1784 4960 1884 5014 pro

280 5015 525 5083 lectione
565 5015 806 5082 diversa,
854 5031 916 5068 ea:
960 5015 1119 5068 libero
1169 5016 1398 5067 arbitrio.
1433 5014 1561 5068 Mss.
1590 5015 1800 5083 Remig.
1825 5025 1882 5070 et

279 5079 544 5140 Jolicnsis
594 5098 718 5141 cum
765 5079 896 5141 edit.
937 5085 1108 5156 Lugd.
1159 5085 1364 5156 legunt,
1395 5087 1561 5157 gratia
1604 5085 1724 5154 Dei,
1750 5079 1878 5144 abs-

318 5163 392 5210 ne
419 5165 502 5208 er.

280 5169 392 5224 que
419 5169 502 5208 εδ).

364 5228 382 5264 τ
422 5225 566 5299 ξιινὶι.
590 5226 871 5299 Lugdun.,
894 5229 1017 5299 quia
1044 5229 1135 5298 qui
1160 5235 1404 5298 aguntur.

362 5303 389 5343 Β
422 5295 562 5372 Edit.
588 5295 786 5372 Lugd,
816 5295 1101 5352 transeunt.
1125 5341 1136 5352 .
1160 5339 1172 5351 .
1194 5295 1208 5351 ξ
1233 5339 1244 5351 .
1273 5299 1361 5372 sed
1390 5299 1434 5350 si
1463 5299 1877 5372 repromissionis

284 5376 412 5424 sunt
457 5369 576 5435 ﬁlii,
606 5371 892 5437 quiescunt,
934 5379 980 5423 et
1026 5379 1299 5423 sanantur.
1335 5366 1565 5438 Lovan'.,
1613 5371 1779 5424 Duae.
1823 5380 1877 5425 et

286 5439 521 5503 Colon,
571 5451 873 5505 transeunt,
930 5442 1020 5494 sed
1067 5444 1114 5496 si
1156 5442 1564 5510 repromissionis
1607 5451 1724 5497 sunt
1760 5441 1882 5511 ﬁlii,

286 5511 550 5582 quiescent
581 5520 630 5564 et
658 5511 1000 5566 sanabuntur.

366 5577 398 5618 δ
439 5579 561 5636 Haec
589 5584 781 5649 verba,
813 5593 860 5636 et
905 5599 1128 5636 errorem
1173 5599 1344 5638 errore
1379 5592 1601 5651 curaret,
1650 5597 1757 5638 non
1807 5582 1885 5638 ie-

287 5659 496 5778 ξὶιιῦιιιι·
528 5653 580 5709 in
620 5668 754 5710 mss.
786 5651 997 5726 Retnig.
1031 5665 1082 5710 et
1109 5653 1215 5711 Jol.
1244 5669 1348 5710 nec
1381 5656 1436 5711 in
1473 5657 1607 5712 edit.
1643 5655 1884 5726 Mogunt.

424 5738 508 5778 en.

289 5733 351 5780 ει
378 5733 508 5778 Ven.

381 5787 404 5829 ³
435 5791 576 5852 Edit.
611 5785 854 5868 legunt.
881 5801 936 5853 et
962 5789 1102 5854 Ven.
1133 5793 1287 5854 alter.

1903 4520 1958 4580 D

2069 466 2424 544 per‘liberum
2466 466 2759 544 arbitrium,
2805 469 2913 522 sine
2964 466 3226 541 adjutorio
3275 466 3392 540 Dei,
3448 479 3584 544 quod

2065 536 2298 614 quidam,
2327 538 2424 614 nisi
2456 536 2564 592 Deo
2603 550 2907 608 cooperante
2930 536 3274 614 nonpossint.
3310 536 3586 614 Belellttur

2065 624 2128 683 ᾳ
2161 609 2457 683 scripturis,
2479 619 2538 683 Aet
2566 613 2834 681 probatur,
2863 620 2919 664 ut
2937 609 3173 667 Μαιηιωί
3208 626 3256 669 et
3295 609 3477 683 Pauli,
3508 621 3582 674 sic

2063 675 2324 762 ‘Zacehtei,
2369 688 2417 733 et
2469 675 2686 762 latronis
2730 685 2783 737 in
2820 675 2985 739 cruce
3049 688 3428 743 conversionem
3464 675 3585 746 esse

2064 755 2259 818 pariter
2283 767 2346 806 ea:
2369 755 2556 822 gratia.

2061 906 2226 981 [Alias
2253 907 2382 966 Cap.
2416 908 2579 982 XIII.)
2599 911 2649 965 1.
2671 909 2778 968 Sed
2802 913 2912 982 iam
2934 913 3214 971 videamus
3233 916 3360 988 quid
3379 917 3580 979 inferat

1987 1003 2254 1060 sobrietas
2298 1005 2623 1076 disputantis
2654 1023 2670 1074 ;
2705 1009 2795 1079 qui
2825 1017 2885 1064 ut
2913 1010 3104 1067 vitium
3151 1013 3281 1070 vitio
3330 1017 3580 1088 pelleret,

1988 1093 2017 1134 ιι
2032 1105 2086 1154 et
2107 1111 2346 1153 errorem
2376 1101 2564 1156 errore
2583 1109 2821 1169 curaret,
2852 1106 3150 1162 contrarias
3171 1107 3274 1163 sibi
3302 1108 3575 1165 deﬁnitio-

1986 1190 2082 1244 n'es
2127 1205 2264 1244 nova
2305 1199 2425 1246 arte
2474 1192 2752 1259 confudit;
2807 1204 2969 1264 utque
3019 1198 3120 1252 hoc
3169 1202 3582 1272 compositionis

1993 1294 2108 1335 suo:
2138 1285 2383 1352 poculum
2414 1285 2620 1340 securis
2657 1287 2992 1343 auditoribus
3037 1291 3368 1362 propinaret,
3399 1309 3584 1352 exem-

1984 1376 2088 1446 plis
2122 1376 2293 1431 voluit
2334 1379 2583 1434 colorare
2605 1379 2752 1450 quod
2802 1382 3036 1436 miscuit.
3064 1383 3154 1437 Ait
3197 1385 3340 1440 enim
3366 1386 3580 1458 (Callet.

1983 1469 2070 1534 ιδ,
2105 1486 2220 1536 cap.
2256 1472 2344 1540 11)
2380 1487 2393 1524 :
2430 1472 2492 1526 Si
2517 1473 2655 1526 enim
2681 1473 2985 1538 dixerimus,
3014 1484 3249 1529 nostrum
3277 1493 3382 1531 esse
3421 1483 3566 1535 bona:

1984 1565 2291 1632 principium
2319 1567 2600 1620 uoluntatis
2618 1610 2633 1632 ,
2664 1568 2787 1636 quid
2809 1569 2914 1638 fuit
2938 1569 2991 1621 in
3020 1577 3344 1638 persecutore
3373 1570 3583 1628 Paulo.’

1979 1654 2105 1726 quid
2139 1658 2194 1709 in
2221 1657 2494 1725 publicano
2538 1657 3068 1730 illattltts'o?quoru'm
3121 1677 3256 1715 unus
3309 1663 3487 1716 cruori
3525 1680 3583 1718 ac

1983 1749 2255 1817 suppliciis
2300 1749 2716 1818 innocentium,‘
2763 1750 2900 1803 alius
2950 1749 3212 1806 violentiis
3269 1769 3330 1806 ac
3378 1754 3580 1822 rapinis

1980 1839 2195 1911 publicis
2225 1841 2494 1903 incubans,
2522 1841 2808 1896 attrahitur
2831 1843 2900 1896 ad
2929 1842 3167 1898 salutem.
3195 1844 3293 1900 Sin
3319 1863 3435 1902 vero
3460 1865 3580 1918 gru-

1981 1935 2052 1984 tla
2079 1931 2173 1986 Dei
2215 1941 2411 2003 semper
2459 1934 2706 2003 inspirari
2736 1933 2880 1988 boum
2907 1938 3179 1991 voluntatis
3209 1939 3466 2010 principia
3495 1941 3580 1994 di-

1978 2025 2239 2079 xerimus:
2267 2025 2391 2091 quid
2413 2025 2475 2078 de
2507 2023 2741 2080 Zacelnzi
2769 2026 2908 2096 ﬁde?
2933 2027 3061 2098 quid
3089 2029 3152 2080 de
3173 2029 3321 2084 illius
3348 2031 3403 2084 in
3431 2043 3579 2086 cruce

1980 2117 2195 2170 latronis
2255 2119 2442 2188 pietate
2502 2117 2516 2168 i
2569 2120 2826 2186 dicimus;
2882 2120 2974 2190 qui
3035 2121 3290 2175 desiderio
3337 2139 3427 2176 suo
3478 2126 3579 2178 vim

1979 2211 2257 2282 quamdam
2287 2212 2459 2281 regnis
2501 2210 2785 2266 caelestibus
2813 2213 3112 2284 inferentes,
3142 2214 3394 2284 specialia
3421 2232 3575 2271 uoca-

1981 2301 2135 2354 tionis
2164 2302 2360 2355 monita
2386 2311 2738 2369 provenerunt
2754 2305 2780 2358 2

2053 2393 2106 2446 2.
2133 2393 2236 2448 l’er
2291 2395 2447 2449 istam
2491 2411 2622 2465 ergo
2655 2395 2681 2432 ι
2713 2395 2979 2452 bonorum
3026 2399 3416 2469 principiorum
3469 2401 3578 2456 dis-

1979 2484 2388 2540 similitudinem
2443 2489 2674 2554 probare
2711 2489 2920 2555 nititur,
2954 2490 3057 2545 hoc
3105 2507 3266 2560 posse
3312 2492 3573 2561 quosdam

1980 2592 2075 2646 per
2111 2576 2343 2631 liberum
2401 2579 2709 2646 arbitrium,
2761 2580 2882 2635 sine
2925 2581 3196 2650 adiutorio
3248 2585 3339 2638 Dei
3374 2623 3388 2649 ,
3426 2587 3568 2654 quod

1977 2669 2196 2739 quidam
2237 2671 2336 2724 nisi
2373 2670 2483 2724 Deo
2513 2680 2866 2740 cooperante,
2919 2687 3024 2726 non
3064 2673 3272 2741 possint
3318 2692 3331 2727 :
3373 2684 3427 2729 et
3473 2674 3576 2730 hoc

1978 2762 2093 2816 vult
2122 2761 2191 2816 de
2219 2763 2573 2832 quorumdam
2628 2762 2865 2819 tardiore
2893 2765 3196 2820 obedientia
3227 2775 3281 2820 et
3318 2780 3575 2837 quorum-

1979 2856 2101 2912 dam
2134 2859 2450 2925 sequaciore
2495 2869 2763 2912 consensu
2815 2858 3060 2929 intelligi.
3089 2860 3252 2926 Quasi
3303 2859 3392 2914 ubi
3439 2861 3571 2916 dura

1979 2949 2270 3005 inﬁdelitas
2323 2951 2433 3004 Deo
2482 2950 2750 3015 subditur,
2805 2959 2861 3005 et
2917 2951 3232 3022 Evangelio.
3286 2953 3431 3023 quod
3481 2953 3573 3009 diu

1981 3042 2335 3112 impugnavit,
2367 3052 2592 3112 repente
2621 3044 2944 3109 succumbit,
2974 3045 3042 3099 ibi
3074 3048 3426 3101 mutationem
3474 3047 3569 3101 ho-

1981 3135 2141 3188 minis
2179 3135 2398 3189 dextera
2452 3145 2708 3202 operetur
2762 3135 2974 3192 Excelsi
3017 3136 3192 3206 (Psal.
3229 3154 3412 3206 um,
3447 3138 3570 3210 ii):

1980 3226 2073 3280 ubi
2129 3236 2309 3281 autem
2357 3223 2372 3263 ¹
2433 3228 2775 3297 tranquillam
2832 3229 3264 3284 colrortstionem
3321 3231 3568 3285 solumve

1982 3333 2281 3386 rumorem,
2297 3319 2416 3373 sine
2433 3318 2774 3376 hasitatione
2801 3319 3140 3389 difﬁdentiae,
3157 3323 3346 3378 docilis
3359 3323 3574 3378 auditor

1981 3412 2347 3482 amplectitur,
2367 3412 2571 3468 bonum
2603 3414 2724 3468 talis
2740 3415 3113 3470 conversionis
3131 3415 3292 3488 323
3325 3417 3572 3471 humanae

1981 3504 2053 3560 sit
2082 3506 2455 3561 tantummodo
2479 3507 2968 3575 voluntatis.Quasi
2985 3495 3126 3563 vero
3153 3509 3390 3578 potentia
3412 3518 3451 3546 ιν
3476 3509 3573 3564 Dei

1983 3613 2078 3661 eos
2108 3613 2312 3660 tantum
2345 3607 2411 3660 ad
2447 3607 2638 3662 Filium
2671 3605 2928 3672 attrahat,
2961 3619 3096 3678 quos
3119 3611 3209 3662 aut
3231 3621 3362 3663 voce
3394 3609 3572 3663 incre-

1986 3711 2214 3778 paverit,
2243 3717 2336 3763 aut
2361 3723 2518 3778 pmna
2545 3708 2848 3777 obtriverit,
2879 3719 2971 3763 aut
3015 3715 3225 3762 terrore
3256 3707 3575 3764 tremefece-

1984 3811 2086 3876 rit;
2117 3810 2328 3864 lllorum
2373 3818 2551 3863 autem
2585 3809 2856 3863 mentibus
2910 3807 3042 3862 nihil
3074 3823 3186 3862 suae
3217 3809 3434 3863 virtutis
3481 3809 3577 3865 ad-

1984 3922 2218 3973 moveat,
2279 3909 2372 3979 qui
2415 3906 2478 3964 ad
2525 3908 2913 3979 DI‘OIlIIbSiOIICS
2953 3907 3334 3978 Redemptoris
3368 3911 3450 3964 sui
3482 3926 3577 3982 spe

1981 4011 2149 4067 alacri
2202 4020 2255 4065 et
2304 4010 2461 4065 avido
2502 4009 2774 4065 desiderio
2808 4019 3188 4066 cucurrerunt.
3217 4010 3325 4066 Sed
3366 4011 3578 4067 Veritas

1980 4112 2113 4169 dicit
2143 4131 2155 4165 :
2193 4101 2360 4166 Nemo
2408 4113 2546 4166 venit
2595 4111 2663 4165 ad
2696 4127 2792 4179 me,
2827 4112 2930 4166 nisi
2963 4103 3122 4165 Pater
3150 4113 3238 4180 qui
3291 4112 3430 4167 misit
3478 4127 3576 4180 me,

1983 4217 2196 4271 traxerit
2229 4232 2344 4270 eum
2372 4214 2557 4284 (Joan.
2598 4229 2672 4283 vt,
2695 4214 2808 4286 41).
2843 4213 2900 4271 Si
2933 4229 3062 4284 ergo
3081 4229 3240 4271 nemo
3273 4215 3441 4279 venit,
3471 4215 3576 4269 nisi

1983 4327 2276 4383 attractus,
2329 4331 2517 4372 omnes
2546 4323 2572 4352 ι’
2600 4315 2692 4387 qui
2747 4329 3089 4388 quocumque
3130 4316 3290 4371 modo
3333 4316 3576 4384 veniunt,

2060 4517 2074 4567 i
2114 4513 2284 4587 Lugd.
2335 4523 2388 4572 et
2420 4517 2518 4571 hac
2560 4517 2922 4586 posteriores,
2972 4520 3222 4586 dicemus,
3271 4533 3394 4574 cum
3443 4533 3576 4576 mss.

1989 4587 2202 4659 Rcmig.
2235 4599 2286 4642 et
2310 4588 2562 4642 Joliettsi.

2062 4659 2087 4696 ι
2117 4657 2259 4713 Loco
2289 4659 2561 4725 bonorum,
2591 4657 2730 4728 quod
2757 4658 2967 4730 legitur.
3000 4658 3053 4714 in
3085 4671 3216 4716 mss.
3260 4660 3446 4729 Corb.,
3476 4665 3582 4719 Re-

1991 4732 2119 4801 mig.
2151 4741 2205 4784 et
2234 4731 2364 4794 Jol.,
2402 4743 2501 4784 nec
2541 4723 2646 4801 non
2682 4732 2734 4782 in
2767 4723 2900 4784 edit.
2950 4723 3196 4801 Mogunt.
3225 4741 3278 4786 et
3312 4723 3444 4787 Ven;
3477 4733 3579 4788 Lo-

1992 4800 2117 4874 Van.
2151 4811 2206 4855 et
2237 4803 2566 4874 posteriores
2593 4800 2815 4869 habent,
2847 4800 3209 4874 quorumdam.
3244 4805 3412 4874 Lugd.
3454 4821 3582 4858 vero

1993 4873 2181 4946 editio,
2205 4874 2386 4946 horum
2418 4873 3152 4946 principiorummmittitque
3184 4873 3583 4946 haec,quorum-

1995 4944 2114 4998 dum
2143 4944 2371 4996 tardiore
2397 4944 2705 5004 obedientia.
2735 4953 2843 4998 etc.

2070 5014 2087 5053 ι
2133 5014 2223 5070 Sic
2271 5029 2401 5068 mss.
2443 5013 2633 5082 Corb.,
2669 5015 2880 5084 Remig.
2909 5026 2961 5071 et
2992 5017 3261 5074 Joliensis.
3300 5029 3424 5070 cum
3447 5017 3578 5070 edit.

1991 5085 2230 5156 Mogunt.
2251 5093 2304 5140 et
2323 5085 2456 5141 Ven.
2490 5085 2557 5139 At
2581 5087 2910 5156 posteriores
2934 5087 3132 5155 Lugd.,
3154 5089 3377 5150 L0van.,
3409 5087 3572 5141 Duae.

1986 5166 2044 5212 et
2099 5158 2290 5212 Colon.
2343 5167 2395 5212 et
2451 5157 2592 5222 alite,
2634 5167 2747 5228 post
2795 5160 3124 5224 tranquillatis
3177 5158 3582 5228 cohortationem

1987 5229 2178 5296 solum,
2209 5241 2356 5282 t'eros
2402 5237 2587 5292 mores,
2618 5227 2728 5283 sine
2762 5232 2873 5284 ulla
2921 5229 3255 5282 hesitatione.
3287 5227 3457 5297 Lugd.
3493 5240 3575 5282 ta-

1987 5311 2111 5355 men
2169 5313 2352 5369 supra,
2399 5315 2498 5370 pro
2529 5299 2722 5367 Quasi.
2752 5342 2764 5354 .
2793 5329 2804 5355 -.
2838 5312 3096 5371 operetur,
3122 5299 3285 5353 habet
3310 5299 3462 5364 Quod
3488 5341 3499 5354 .
3523 5340 3536 5356 .
3565 5339 3579 5354 .

1985 5380 2244 5424 oneratur.

2017 5388 2244 5496 pingi:
2260 5457 2388 5496 mss.
2422 5440 2614 5508 Corb.,
2648 5442 2852 5510 Remig.
2883 5451 2935 5496 et
2964 5435 3072 5496 Jol.
3096 5455 3215 5495 cum
3245 5442 3487 5512 Mogunt.
3523 5452 3579 5498 et

1990 5512 2125 5586 Yon.
2159 5513 2224 5566 At
2273 5513 2357 5567 his
2406 5518 2736 5586 posteriores
2784 5514 3071 5586 editiones,
3114 5517 3347 5586 potentia
3401 5516 3580 5586 gratia

1992 5581 2086 5638 Dei
2130 5601 2214 5638 eos
2243 5581 2443 5637 tantum
2475 5586 2540 5637 ad
2583 5585 2774 5638 Filium
2820 5583 3066 5638 attrahat.
3110 5585 3210 5641 Ms.
3239 5585 3373 5652 101.,
3401 5581 3575 5639 iumen

1992 5657 2216 5724 potentia
2250 5657 2341 5709 Dei
2373 5655 2546 5709 Patris
2568 5696 2579 5708 .
2614 5695 2656 5708 ..
2695 5664 2907 5708 tremere
2934 5657 3128 5726 fecerit.

2061 5735 2091 5763 ³³
2119 5726 2317 5797 Lugd.,
2348 5726 2574 5786 Lov;utt.,
2603 5727 2765 5779 Dnac.
2795 5733 2846 5778 et
2874 5727 3092 5798 Colon.,
3124 5739 3299 5784 omnes
3326 5739 3580 5797 quocum-

1991 5809 2090 5869 qus
2115 5801 2268 5853 modo
2299 5799 2522 5864 ueniant,
2545 5800 2900 5853 attrahuntur.
