4028 6352
552 301 653 366 23!

1796 302 1857 365 S.
1898 302 2238 365 PROSPER]
2277 305 2603 377 AQUITANI

3719 304 3817 371 232

552 421 913 479 attrahuntur.
940 416 1124 495 [Alias
1170 416 1300 477 Cn.
1353 416 1525 491 XIV.]
1554 420 1744 477 Trahit
1782 430 1807 459 ι
1838 423 2020 495 itaque
2069 422 2139 477 ad
2164 420 2473 488 Achaeum,
2504 422 2592 493 qui
2643 419 2921 493 quaerebat
2960 416 2977 459 ί
3019 420 3207 479 videre
3257 422 3446 481 Jesum
3497 423 3622 497 quis
3663 438 3816 497 esset,

554 519 723 572 Deum
774 515 1156 586 contemplatio
1194 516 1608 584 elementorum,
1637 516 1991 584 omniumque
2015 533 2137 587 quae

553 610 607 665 in
652 611 731 665 eis
780 618 902 664 sunt
944 607 1346 664 ordinatissima
1407 607 1775 680 pulchritudo.
1849 606 2139 663 lnvisibilia

552 705 685 759 enim
713 705 847 774 ejus,
867 719 899 756 a
925 711 1164 757 creatura
1214 701 1413 769 mundi,
1443 718 1535 775 per
1563 719 1625 756 ea
1672 717 1787 772 qua:
1838 705 1978 773 facta
2020 708 2137 756 sunt

552 794 812 849 intellecta
831 794 1219 861 conspiciuntur
1234 792 1408 861 (Rom.
1438 809 1477 861 ι,
1500 795 1614 865 20).
1635 793 1663 831 ι)
1686 793 1933 849 Trahunt
1958 809 2135 849 rerum

550 896 826 956 gestarum
854 885 1158 951 relatores;
1200 884 1437 941 animum
1488 886 1757 941 audientis
1800 885 2140 940 inﬂammant

552 987 820 1032 narrantes
864 976 1048 1032 laudes
1090 976 1303 1031 Domini
1325 986 1371 1032 et
1398 978 1607 1032 virtutes
1640 980 1779 1050 ejus,
1803 987 1849 1031 et
1878 976 2137 1031 mirabilia

551 1073 663 1142 ejus
686 1086 798 1142 qua
824 1072 946 1142 facit
976 1070 1151 1143 (Psal.
1186 1086 1387 1136 uxvu,
1420 1070 1499 1139 4).
1520 1070 1710 1125 Trahit
1740 1071 1900 1124 timor
1935 1088 1948 1123 :
1979 1070 2137 1123 Prin-

551 1165 745 1233 cipium
795 1164 939 1219 enim
985 1163 1253 1235 sapientia
1304 1164 1457 1217 timor
1514 1162 1726 1217 Domini
1768 1161 1959 1233 (Prov.
1991 1178 2031 1231 ι,
2064 1163 2135 1227 7;

551 1258 703 1315 Psal.
724 1275 822 1327 cx,
871 1259 984 1331 40).
1014 1258 1202 1313 Trahit
1230 1259 1445 1326 laetitia,
1476 1258 1755 1330 quoniam,
1778 1258 2011 1314 Lwtalus
2027 1275 2139 1314 sum

550 1356 606 1410 in
639 1354 720 1408 his
754 1370 866 1425 qua:
895 1354 1034 1407 dicta
1059 1362 1176 1407 sunt
1206 1354 1351 1422 mihi,
1377 1353 1430 1407 in
1456 1353 1664 1406 domum
1705 1349 1915 1407 Domini
1953 1352 2139 1408 ibimus

552 1447 742 1519 (Psal.
789 1462 911 1501 cxxt
939 1489 953 1515 ,
1013 1449 1099 1515 i).
1147 1445 1337 1500 Trahit
1384 1445 1715 1501 desiderium
1776 1463 1788 1497 :
1829 1445 2087 1514 quoniam
2119 1485 2135 1511 ,

554 1538 883 1608 Concupiscit
930 1546 976 1591 et
1024 1536 1194 1607 deﬁcit
1251 1538 1425 1591 anima
1456 1548 1477 1575 ε
1514 1553 1625 1591 mea
1650 1537 1707 1591 in
1744 1537 1882 1590 atria
1928 1535 2141 1590 Domini

558 1629 728 1701 (P-sal.
781 1644 1011 1696 Lxxxnt,
1054 1628 1129 1699 5).
1162 1626 1189 1664 ἀ
1213 1628 1459 1685 Trahunt
1498 1630 1892 1685 delectationes
1924 1646 1939 1687 :
1975 1628 2141 1695 Quam

558 1720 735 1775 dulcia
772 1719 913 1777 enim
946 1720 1182 1791 faucibus
1222 1721 1343 1775 meis
1391 1722 1595 1791 eloquia
1641 1730 1750 1789 tua,
1782 1738 1938 1792 super
1962 1721 2063 1775 mel
2091 1729 2142 1774 et

2243 516 2569 587 compellare
2596 516 2851 587 dignatus
2881 524 2964 571 est
2987 515 3173 572 dicens
3206 536 3216 569 :
3248 517 3517 584 Zacchtee,
3556 520 3569 569 i
3622 522 3817 591 festina,

2239 608 2527 674 descende;
2551 609 2795 679 quoniam
2827 609 2978 663 hodie
3013 611 3068 663 in
3090 610 3241 665 domo
3265 620 3353 665 tua
3391 621 3588 680 Oportet
3614 629 3690 666 me
3720 630 3817 667 ma-

2240 719 2359 756 nere
2390 701 2541 773 (Luc.
2586 718 2697 770 xix,
2729 700 2825 773 5);
2858 711 2912 757 et
2968 718 3075 757 non
3124 700 3151 739 ¹ί
3194 702 3298 758 sibi
3348 706 3671 775 prteparavit
3714 708 3820 775 ejus

2241 796 2503 861 animum,
2536 793 2690 864 cujus
2724 795 2887 866 elegit
2916 794 3233 865 hospitium.
3270 795 3512 867 Denique
3533 813 3654 852 cum
3684 814 3819 853 mur-

2240 897 2515 944 murarent
2545 903 2758 955 omnes,
2792 884 2812 925 ι
2841 903 2939 943 cur
2966 888 3032 943 ad
3067 888 3243 943 virum
3278 898 3619 959 peccatorem
3659 889 3821 945 intro-

2240 984 2374 1038 isset
2423 982 2706 1052 hospitari,
2764 992 2815 1039 et
2847 991 2887 1019 ιι
2923 982 3216 1039 Zacchzeus
3282 982 3395 1051 jam
3457 984 3821 1054 paenitentiam

2239 1088 2427 1143 agens,
2442 1074 2663 1130 dimidio
2684 1075 2955 1130 honorum
2983 1087 3206 1131 suorum
3229 1074 3283 1129 in
3302 1089 3570 1145 pauperes
3588 1083 3819 1144 erogata,

2243 1166 2577 1222 redditurum
2609 1182 2667 1221 se
2698 1166 2753 1221 in
2790 1166 3153 1237 quadruplum
3184 1166 3433 1222 fraudata
3469 1167 3820 1237 promitteret,

2241 1258 2503 1315 Dominus
2528 1260 2631 1316 ait:
2655 1259 2831 1316 Hodie
2850 1261 2993 1315 salus
3024 1262 3143 1316 huic
3170 1261 3347 1316 domui
3376 1260 3513 1331 facta
3543 1270 3641 1325 est,
3663 1259 3821 1331 Il‘qttitt

2242 1355 2326 1407 hic
2353 1363 2425 1409 est
2454 1354 2595 1425 ﬁlius
2619 1353 2859 1410 Abrahte.
2904 1354 2972 1410 Et
3010 1369 3079 1411 ne
3123 1354 3321 1411 lateret
3360 1369 3519 1409 causa
3556 1352 3723 1423 hujus
3748 1367 3825 1409 sa-

2242 1448 2390 1513 lutis,
2418 1448 2653 1518 adjecit:
2690 1446 2841 1503 Venit
2862 1458 3035 1503 autem
3063 1448 3201 1519 filius
3234 1448 3453 1502 hominis
3484 1455 3513 1483 ο
3540 1462 3763 1517 quaerere
3782 1455 3823 1499 et

2242 1541 2440 1595 salvum
2468 1541 2636 1611 facere
2662 1540 2800 1611 quod
2820 1540 3044 1612 perierat
3075 1547 3176 1595 :ut
3214 1554 3374 1610 quem
3406 1537 3823 1609 agnoscebamus

2243 1632 2457 1687 salvum
2496 1632 2720 1702 iactum,
2751 1644 2778 1682 ι’
2810 1632 3075 1688 sciremus
3115 1647 3145 1686 a
3170 1640 3448 1703 quaerente
3478 1644 3821 1702 praeventum.

2246 1724 2302 1779 ιη
2335 1726 2561 1781 latronis
2591 1741 2807 1796 quoque
2828 1724 3212 1795 justilicatione
3238 1766 3252 1792 ,
3285 1724 3495 1780 etiamsi
3537 1723 3683 1779 nulla
3711 1738 3828 1793 ope-

555 1820 727 1887 favum
749 1817 826 1870 ori
847 1831 958 1869 meo
985 1814 1155 1886 (Psal.
1180 1830 1367 1881 cxvut,
1399 1815 1553 1884 105).
1579 1816 1646 1870 Et
1675 1814 1796 1885 quis
1829 1816 2143 1885 perspicere
2172 1805 2221 1866 B
2247 1818 2420 1872 rantis
2465 1816 2652 1887 gratia:
2678 1826 2706 1867 (ι
2739 1816 3172 1887 intclligerentur
3215 1809 3413 1872 indicia
3434 1856 3449 1882 ,
3479 1830 3665 1871 nonne
3716 1829 3825 1870 cum

556 1920 649 1965 aut
694 1924 952 1965 enarrare
1005 1908 1193 1979 possit,
1232 1918 1254 1945 ο
1307 1924 1402 1978 per
1440 1924 1574 1979 quos
1623 1908 1849 1964 affectus
1903 1908 2148 1963 visitatio

558 2001 656 2056 Dei
698 2001 937 2057 animum
983 2000 1147 2055 ducat
1198 2003 1516 2067 humanum,
1546 2010 1607 2055 ut
1633 2017 1755 2071 qua:
1786 2001 2042 2071 fugiebat,
2065 2015 2149 2056 se-

558 2102 781 2164 quatur;
813 2110 937 2166 quae
991 2094 1216 2160 oderat,
1254 2094 1615 2165 diligat;qu:e
1661 2094 1987 2161 fastidiebat,
2028 2108 2151 2149 esu-

559 2187 699 2250 riat;
726 2201 790 2241 ac
828 2186 1009 2242 subito
1059 2187 1487 2242 commutatione
1536 2184 1792 2251 mirabili,
1821 2200 1941 2255 quae
1967 2185 2149 2240 clausa

562 2276 611 2333 ei
642 2277 879 2345 fuerant,
918 2275 935 2315 ί
973 2278 1104 2333 fiant
1129 2286 1358 2348 aperta;
1393 2294 1513 2349 qua:
1545 2293 1797 2345 onerosa,
1831 2279 1939 2333 sint
1978 2279 2148 2344 levia;

562 2386 685 2441 quae
713 2386 918 2437 amara,
944 2370 1054 2426 sint
1092 2371 1307 2437 dulcia;
1342 2387 1460 2441 quae
1507 2372 1761 2439 obscura,
1794 2372 1900 2426 sint
1936 2372 2151 2427 lucida?

565 2461 697 2517 Hac
722 2474 894 2518 autem
925 2464 1099 2518 omnia
1129 2473 1374 2533 operatur
1401 2480 1535 2518 unus
1564 2474 1716 2535 atque
1736 2465 1870 2517 idem
1899 2465 2146 2533 Spiritus,

562 2556 793 2609 dividens
820 2556 1039 2627 singulis
1064 2564 1218 2629 prout
1247 2557 1353 2611 vult
1377 2557 1429 2627 (Ι
1455 2556 1574 2612 Cor.
1612 2574 1707 2626 xu,
1741 2557 1848 2628 14).
1883 2558 2147 2626 Quoniam

561 2648 701 2704 Deus
727 2651 814 2721 qui
854 2650 987 2705 dixit
1017 2652 1081 2705 de
1121 2651 1336 2705 tenebris
1360 2661 1384 2699 ε
1416 2642 1589 2705 lumen
1635 2650 2012 2721 splendescere,
2040 2655 2150 2723 ipse

567 2740 739 2796 illuxit
780 2743 832 2795 in
878 2743 1116 2797 cordibus
1145 2744 1332 2797 nostris
1357 2783 1373 2809 ,
1417 2743 1484 2796 ad
1523 2744 1952 2797 illuminationem
1988 2745 2151 2799 scien-

561 2835 647 2889 tiae
676 2834 927 2889 claritatis
957 2834 1058 2889 Dei
1092 2837 1147 2889 in
1183 2837 1313 2907 facie
1342 2835 1534 2892 Christi
1556 2836 1682 2891 Jesu
1710 2837 1777 2909 (ll
1809 2838 1929 2893 Cor.
1958 2854 2035 2904 tv,
2068 2839 2146 2909 6),

559 2925 614 2980 id
647 2936 750 2992 est,
783 2927 837 2981 in
860 2926 1297 2984 manifestatione
1325 2928 1446 2983 Filii
1477 2929 1581 2995 sui,
1607 2930 1699 3000 qui
1726 2939 1811 2985 est
1840 2927 1867 2968 ιι
1899 2930 1951 2984 in
1979 2930 2147 3000 gloria

564 3017 758 3073 Patris.

639 3112 689 3163 5.
708 3110 808 3179 Qui
832 3112 1161 3181 ergoilluxit
1190 3112 1244 3168 in
1261 3112 1951 3183 cordeMatthacipubllcani
1984 3116 2147 3188 324

2252 1910 2502 1966 omnibus
2544 1908 2889 1965 credentibus
2934 1909 3098 1964 etiam
3149 1908 3325 1978 ipsum
3355 1908 3728 1978 acciperemus
3753 1917 3827 1963 at-

2253 2001 2517 2058 tractumt
2537 2002 2752 2058 dicente
2782 2001 3047 2056 Domino:
3079 2000 3268 2056 Omnia
3288 2000 3411 2053 mihi
3443 2001 3635 2055 tradita
3659 2008 3775 2055 sunt
3800 2018 3827 2055 a

2254 2094 2417 2149 Patre
2441 2112 2552 2150 meo
2587 2094 2737 2165 (Luc.
2762 2110 2819 2163 ι,
2848 2091 2965 2164 22);
2990 2101 3065 2160 et,
3094 2110 3208 2147 cum
3236 2094 3487 2148 exaltatus
3513 2093 3659 2162 fuero
3690 2112 3720 2147 a
3742 2103 3827 2149 ter-

2252 2206 2334 2255 ra,
2366 2190 2535 2244 omnia
2564 2188 2764 2242 traham
2786 2187 2855 2241 ad
2892 2202 2971 2241 me
3001 2184 3182 2257 (Joan.
3216 2201 3313 2253 xu,
3345 2184 3465 2257 52)?
3496 2196 3517 2223 τ
3548 2185 3703 2241 Inter
3727 2202 3829 2241 om-

2253 2284 2337 2338 nia
2396 2294 2595 2351 autem,
2642 2283 2785 2337 hunc
2833 2280 2919 2337 vel
2964 2280 3221 2335 traditum
3270 2294 3409 2343 esse,
3442 2278 3527 2334 vel
3578 2288 3826 2347 tractum,

2252 2374 2414 2429 etiam
2444 2373 2614 2444 ipsius
2660 2371 2932 2429 confessio
2973 2370 3138 2427 docet
3169 2388 3186 2438 ;
3217 2371 3306 2440 qui
3337 2386 3457 2425 cum
3502 2370 3829 2440 aliquamdiu

2251 2466 2681 2537 blasphemasset
2723 2466 2776 2520 in
2806 2472 2828 2501 ⁸
2881 2463 3064 2520 Jesum
3111 2462 3422 2531 Christum,
3479 2472 3708 2533 repente
3757 2471 3831 2519 est

2251 2573 2507 2628 mutatus,
2542 2562 2562 2597 ί
2592 2568 2647 2616 et
2694 2558 2858 2613 dixit:
2889 2556 3129 2624 Domine,
3174 2573 3365 2612 memor
3402 2566 3509 2611 esto
3554 2557 3675 2622 mei,
3728 2570 3832 2609 cum

2251 2655 2447 2709 veneris
2469 2654 2519 2707 in
2552 2669 2767 2724 regnum
2794 2660 2936 2706 tuum
2964 2649 3116 2721 (Luc.
3146 2666 3298 2717 xxut,
3332 2648 3449 2719 42).
3480 2648 3587 2707 Sed
3613 2649 3763 2704 unde
3786 2648 3831 2702 in

2251 2764 2358 2802 uno
2398 2746 2619 2801 homine
2671 2752 2818 2799 tanta
2867 2740 3344 2814 compugnantiutn
3388 2755 3584 2797 vocum
3626 2742 3831 2796 sitorta

2250 2842 2557 2907 diversitas,
2587 2840 2821 2893 instruat
2850 2844 2991 2892 nosu
3017 2837 3203 2891 beatus
3227 2834 3544 2905 Apostolus,
3574 2842 3628 2890 et
3650 2834 3791 2889 dicat
3817 2852 3827 2886 :

2252 2933 2422 2987 Nemo
2440 2932 2492 2985 in
2517 2930 2719 2998 Spiritu
2745 2929 2841 2983 Dei
2860 2927 3221 2999 loquens,dicit
3236 2926 3507 2981 anathema
3522 2923 3681 2993 Iesu;
3695 2936 3742 2981 et
3759 2942 3836 2981 ne-

2248 3043 2334 3082 mo
2351 3034 2512 3097 potest
2528 3024 2695 3077 dicere
2719 3022 2997 3076 Dominum
3019 3019 3219 3085 Iesum,
3244 3021 3343 3073 nisi
3362 3022 3413 3073 in
3438 3019 3649 3089 Spiritu'
3671 3030 3835 3075 sancto

2254 3120 2301 3187 (1
2330 3117 2451 3171 Cor.
2477 3132 2573 3181 xu,
2601 3115 2676 3185 5).
2704 3115 2773 3171 Ut
2799 3129 2906 3171 non
2923 3114 3232 3169 dubitemus
3261 3111 3314 3167 in
3338 3112 3577 3181 ejusdem
3605 3112 3837 3169 hominis

559 3211 617 3258 et
643 3202 792 3258 Pauli
826 3180 951 3260 tunc
981 3205 1277 3261 Ecclesiam
1297 3180 1824 3277 persequentis,vipse
1842 3216 1896 3261 et
1914 3208 1966 3263 in
1990 3180 2151 3265 Scia}
2180 3180 2225 3244 C
2255 3180 2568 3275 voluntate,
2592 3180 2731 3263 etde
2758 3208 2978 3278 proprio
3013 3217 3041 3245 ν
3068 3206 3236 3261 fuisse
3262 3205 3405 3276 quod
3428 3206 3834 3274 blasphemavit,

558 3298 824 3367 Zacchaei,
846 3309 901 3355 et
944 3300 998 3356 in
1043 3300 1207 3356 corde
1237 3299 1480 3356 cruciﬁxi
1512 3315 1635 3355 cum
1666 3298 1893 3357 Domino
1922 3301 2145 3359 latronis

559 3391 735 3447 illuxit
764 3409 778 3448 :
808 3393 910 3448 nisi
940 3392 1083 3451 forte
1115 3394 1286 3450 otiosa
1320 3393 1535 3450 Domini
1570 3408 1673 3449 vox
1711 3392 1829 3460 fuit,
1857 3408 1977 3450 cum
2010 3396 2143 3453 Zac-

631 3552 821 3609 ‘Edit.
870 3552 1067 3623 Lugd.,
1111 3553 1342 3615 Lovan.,
1392 3551 1558 3624 Duac_.
1592 3560 1647 3606 et
1694 3548 1916 3620 Colon.,
1957 3553 2137 3624 igitur.

559 3623 706 3696 ﬁdit.
751 3625 891 3695 Mog.
917 3622 975 3680 et
1006 3624 1166 3692 Ven.,
1195 3624 1366 3693 itaque
1408 3622 1476 3675 ad
1524 3622 1820 3677 Dominum.
1855 3625 1955 3679 Ms.
1981 3622 2137 3696 'Jol.,

558 3694 741 3767 Trahit
768 3694 1012 3767 namque.

626 3765 654 3805 δ
684 3767 775 3822 Sic
801 3764 911 3821 ms.
935 3766 1103 3821 Corh.
1134 3773 1191 3819 et
1232 3764 1365 3820 edit.
1390 3764 1533 3834 Mog.
1562 3770 1618 3836 et
1663 3764 1828 3834 Ven”
1862 3765 1967 3820 nisi
1997 3767 2143 3836 quod

558 3838 834 3891 relationes
866 3837 1090 3901 habent,
1118 3852 1225 3889 non
1256 3838 1525 3890 relatores.
1566 3835 1664 3890 Ms.
1701 3836 1802 3891 Jol.
1831 3838 1909 3891 sic
1948 3835 2145 3893 diStin-

559 3910 694 3976 guit,
730 3905 963 3961 Trahunt
991 3923 1163 3962 rerum
1215 3918 1472 3976 gestarum
1510 3908 1755 3961 relatores
1781 3910 2011 3961 animum
2042 3927 2143 3962 au-

559 3978 765 4031 dientis.
814 3976 1151 4048 lnﬂammant
1191 3989 1477 4033 narrantes.
1525 3978 1621 4032 Ms.
1672 3980 2147 4045 Remigiano-Re-

560 4048 785 4111 mensis,
806 4048 1038 4102 Trahunt
1056 4065 1229 4103 rerum
1253 4060 1508 4117 gestarum
1524 4051 1766 4117 cognitio,
1787 4059 1832 4101 et
1854 4050 2142 4105 divinorum

563 4134 774 4189 operum
820 4121 1080 4173 relatores.
1110 4124 1179 4173 At
1221 4122 1349 4173 editi
1381 4120 1551 4189 Lugd.
1578 4128 1631 4173 et
1672 4135 1736 4173 eo
1786 4121 2140 4188 recentiores,

564 4187 748 4262 Trahit
775 4205 946 4243 rerum
972 4200 1227 4262 gestarum
1256 4187 1501 4261 cognitio,
1532 4198 1580 4242 et
1608 4190 1899 4244 divinorum
1928 4208 2142 4262 operum

561 4260 804 4331 relatum
824 4262 1052 4314 animum
1076 4260 1328 4314 audientis
1360 4262 1707 4331 inflammant.

637 4342 659 4369 ο
693 4330 890 4387 Vocem
931 4333 1107 4404 is_t_am,
1139 4347 1273 4398 mea,
1303 4332 1503 4387 habent
1530 4346 1662 4386 mss.
1691 4332 1901 4404 Remig.
1931 4342 1987 4390 et
2028 4334 2138 4392 Jol.

558 4416 683 4457 cum
714 4405 853 4473 Mog.
883 4409 938 4458 et
963 4400 1102 4457 Ven.

631 4474 669 4547 d_
684 4473 776 4547 Sic
798 4488 899 4528 ms.
923 4474 1180 4547 Corbacx
1205 4488 1313 4543 quo
1336 4474 1479 4547 edit.
1494 4474 1726 4547 append.
1760 4485 1892 4530 tom.
1928 4476 1975 4530 Χ
1999 4478 2135 4547 Aug.

2255 3316 2310 3362 et
2360 3304 2428 3359 de
2477 3302 2687 3373 Spiritu
2732 3310 2924 3357 sancto
2954 3300 3118 3355 fuisse
3164 3298 3307 3368 quod
3336 3300 3588 3355 credidit.
3618 3299 3837 3361 Frustra

2242 3399 2403 3469 igitur
2428 3395 2731 3465 disputator
2755 3395 2883 3460 iste,
2925 3401 2953 3429 κ
2993 3392 3060 3447 ad
3089 3391 3500 3449 inscrutabilem
3526 3391 3693 3449 unius
3722 3408 3838 3465 grs-

2245 3563 2353 3619 rat,
2378 3553 2540 3607 otiosa
2560 3567 2660 3606 vox
2688 3549 2899 3620 Domini
2927 3550 3107 3620 fuerit.

2324 3618 2348 3662 ιθ
2376 3626 2451 3706 Ita
2471 3638 2599 3706 mss.
2629 3622 2816 3706 garb“
2847 3618 3060 3706 Remig.
3089 3629 3145 3706 et
3166 3618 3300 3702 ιρι..
3328 3635 3429 3706 περ
3467 3634 3573 3675 non
3612 3620 3761 3706 Mog.
3789 3630 3838 3704 et

2247 3697 2387 3753 Ven.
2421 3696 2555 3749 Alia:
2584 3693 2870 3753 editiones.
2895 3693 3033 3762 quod
3074 3692 3143 3746 ad
3170 3692 3355 3746 virum.
3386 3692 3443 3747 In
3482 3706 3585 3747 ms.
3614 3692 3839 3749 Joliensi

2253 3770 2406 3824 abest
2430 3782 2533 3820 vox
2558 3765 2693 3831 haec,
2726 3763 2979 3835 hospitari
2987 3803 3011 3835 ἒ
3282 3833 3307 3835 Α
3634 3834 3655 3835 7
3830 3797 3834 3802 .

2322 3850 2359 3876 ω
2394 3838 2669 3892 Editiones
2725 3833 2936 3904 Lugd.,
2990 3833 3219 3900 Lovan.,
3281 3833 3448 3890 Duac.
3508 3843 3564 3888 et
3618 3834 3837 3903 Colon.,

2250 3914 2454 3965 omisso
2500 3919 2546 3961 et
2574 3916 2699 3961 ante
2726 3905 3028 3961 Zacchteus.
3059 3946 3072 3961 .
3096 3948 3111 3965 .
3136 3946 3149 3959 .
3167 3944 3183 3963 .
3208 3922 3325 3958 cum
3349 3905 3591 3975 fraudata
3616 3908 3838 3975 promit-

2256 3990 2399 4036 teret.

2326 4062 2352 4088 η
2381 4050 2559 4106 Editio
2582 4048 2781 4119 Lugd.,
2812 4047 2935 4119 quia
2963 4062 3073 4101 ecce
3091 4047 3172 4101 hic
3195 4047 3336 4115 filius
3365 4046 3602 4119 Abrahae.

2325 4132 2348 4158 ο
2386 4123 2484 4177 Ms.
2512 4122 2619 4177 Jol.
2664 4116 3020 4173 confo‘rmiter
3072 4119 3239 4174 textui
3289 4134 3461 4185 sacro,
3504 4116 3658 4171 Venit
3708 4119 3842 4174 enim

2247 4210 2504 4266 quaerere.
2522 4201 2571 4245 et
2614 4191 2815 4243 salvum
2862 4190 3047 4258 facere.
3099 4192 3197 4266 hlii
3221 4205 3433 4266 omnes,
3470 4186 3623 4243 Venit
3672 4201 3839 4245 autem

2246 4260 2447 4319 salvum
2479 4264 2649 4333 facere
2669 4272 2717 4315 et
2738 4276 2983 4332 quterere,
3018 4260 3208 4333 ordine
3236 4261 3473 4333 inverso.

2322 4348 2348 4385 Ρ
2382 4332 2559 4389 Editio
2607 4334 2777 4401 Lugd.
2807 4333 3006 4387 omittit
3045 4332 3182 4400 lucc,
3233 4332 3474 4385 sciremus
3506 4348 3538 4383 a
3576 4342 3841 4401 querente

2244 4418 2576 4478 prteventum.

2317 4488 2343 4527 ει
2375 4477 2515 4530 Edit.
2568 4476 2708 4545 Mog.
2763 4486 2818 4530 et
2872 4473 3006 4529 Ven.
3054 4488 3177 4529 cum
3228 4488 3331 4527 ms.
3365 4474 3601 4547 Remig.,
3635 4475 3840 4529 intelli-

561 4558 624 4619 ac
653 4524 1892 4619 negat;geminare;agragianas
1909 4524 2138 4619 5.173;
2165 4524 2217 4584 ι)
2244 4524 2452 4619 gum}:

559 4614 766 4688 l_iensis.
783 4615 1014 4688 Trphunt
1037 4616 1223 4688 divinis
1245 4617 1499 4688 lectiones.
1523 4618 1662 4671 Editi
1684 4617 1883 4688 Lugd.,
1906 4617 2135 4687 Lovan.,

562 4684 728 4741 Duac.
760 4700 813 4742 et
834 4686 1051 4752 Colon.,
1088 4685 1266 4741 Trahit
1296 4687 1564 4741 delectatio
1600 4684 1851 4744 lectionis.

635 4767 656 4793 ⁸
688 4759 815 4812 Mss.
863 4758 1054 4830 (loro,
1086 4756 1379 4830 Remig.__et
1410 4758 1542 4819 λοι..
1588 4775 1678 4830 per
1720 4777 1844 4829 quos
1899 4760 2135 4826 affectus.

558 4828 794 4897 Mogunt.
828 4838 885 4884 et
910 4828 1071 4893 Vcn.,
1100 4845 1201 4899 quo
1249 4828 1438 4896 affectu
1469 4828 1689 4884 visitatio
1736 4828 1836 4883 Dei
1863 4832 2017 4884 ducat
2043 4832 2138 4883 ha-

557 4901 745 4973 minem
772 4918 791 4955 :
818 4901 994 4955 caeteri
1016 4899 1231 4955 codices
1252 4901 1463 4967 excusi,
1490 4917 1580 4972 per
1602 4910 1725 4973 quot
1747 4901 1981 4970 affectus,
2004 4912 2134 4968 etc.,

558 4979 614 5023 ut
643 4970 695 5024 in
728 4980 893 5026 textu.

634 5039 653 5079 ί
684 5042 823 5097 Edit.
846 5041 1086 5113 Lugd.et
1108 5042 1463 5109 recentiores,
1493 5043 1596 5096 sint
1622 5052 1820 5112 aperta.
1852 5045 1981 5100 Mss.
2004 5052 2135 5109 tres,

554 5128 678 5167 cum
708 5114 847 5184 Mog.
881 5112 1125 5179 et’Ven.,
1156 5114 1282 5184 fiant
1313 5124 1509 5182 aperta.

627 5194 649 5229 κ
681 5183 824 5240 Εᾱίιί.
859 5186 998 5254 Mog.
1020 5194 1103 5257 et
1133 5183 1296 5257 Vetti,
1329 5184 1887 5257 luc3m_splendescere,
1923 5186 2033 5257 ipse
2063 5186 2133 5239 il-

555 5253 687 5309 luxit
705 5295 719 5309 .
747 5296 763 5311 .
784 5295 798 5311 .
820 5296 833 5311 .
857 5295 871 5311 .
900 5252 972 5310 in'
1003 5256 1208 5325 faciem.
1232 5254 1359 5309 Mss.
1387 5252 1553 5309 Corbl
1583 5266 1638 5311 et
1690 5256 1903 5326 Remig.
1940 5252 2138 5313 habent

555 5327 716 5380 etiam
756 5326 882 5395 hoc,
906 5327 1192 5451 iné'aciem.

627 5393 655 5432 ιι
680 5396 769 5451 Sic
805 5412 937 5451 mss.
1014 5397 1130 5451 orh.
1174 5412 1192 5450 ε

627 5393 655 5432 ιι
680 5396 769 5468 Sic
805 5393 937 5452 mss.
969 5393 1130 5468 Cori).
1174 5404 1227 5450 et
1252 5395 1463 5468 Remig.
1496 5410 1618 5452 cum
1651 5397 1782 5452 edit.
1812 5397 2051 5468 Mogunt.
2082 5409 2138 5453 et

560 5465 691 5537 Ven.
720 5467 792 5521 At
834 5482 935 5522 ms.
965 5466 1069 5522 Jol.
1118 5477 1173 5523 et
1211 5467 1344 5522 edit.
1395 5466 1592 5537 Lugd.,
1624 5468 1854 5537 Lovan.,
1881 5465 2048 5524 Duae.
2080 5479 2133 5525 et
2172 5474 2179 5483 '

553 5536 767 5605 Colon.,
790 5538 843 5590 in
873 5539 989 5592 sinu
1022 5538 1214 5592 Patris.

630 5607 761 5682 {Sic
802 5625 935 5682 mss.
972 5609 1159 5675 Corb.,
1188 5609 1397 5679 Remig.
1425 5616 1480 5664 et
1518 5609 1627 5664 Jol.
1668 5625 1789 5665 cum
1825 5611 1955 5666 edit.
1991 5612 2130 5682 Mog.
2178 5604 2181 5609 ⁴

552 5688 608 5738 et
639 5680 770 5736 Ven.
798 5680 906 5735 Alii
941 5682 1174 5746 codices,
1204 5683 1373 5735 videre
1402 5698 1541 5734 eum.

624 5750 640 5822 ᾗ
680 5754 777 5807 Ms.
801 5752 1059 5808 Joliensis
1085 5796 1099 5820 ,
1129 5755 1397 5822 festinans,
1431 5753 1707 5808 descende.

623 5820 648 5860 ¹¹
678 5825 775 5881 Ms.
804 5824 1083 5893 Joliensis,
1112 5820 1203 5879 sibi
1247 5820 1609 5895 prtcparaverit
1641 5840 1660 5879 :
1686 5832 1745 5880 ut
1785 5840 1948 5897 supra
1976 5824 2133 5881 dixe-

2321 4630 2341 4655 τ
2380 4618 2523 4671 Εάἰῑ.
2563 4617 2701 4685 Mog.
2741 4625 2796 4672 et
2828 4614 2989 4680 Ven.,
3038 4613 3180 4670 Inter
3231 4628 3403 4671 omnes
3448 4627 3643 4671 autem.
3696 4616 3841 4673 Edit.

2242 4690 2427 4760 Lugd.,
2444 4690 2497 4743 in
2525 4690 2653 4750 line,
2684 4687 2885 4741 doceat.

2319 4755 2353 4796 ε’
2387 4759 2485 4814 Ms.
2535 4760 2642 4813 Jol.
2692 4760 2892 4812 omittit
2940 4758 3025 4813 hic
3068 4772 3281 4823 vocem,
3315 4755 3598 4813 Christum.
3631 4756 3843 4829 Lugd.,

2242 4843 2417 4903 postea
2438 4841 2517 4903 est
2549 4831 2801 4903 imitatus.

2320 4904 2337 4938 ί
2374 4902 2514 4956 Edit.
2566 4902 2706 4971 Mog.
2769 4908 2823 4956 et
2862 4900 3037 4965 Ven.,
3084 4909 3133 4953 et
3181 4899 3324 4953 dicit.
3374 4899 3472 4954 Ms.
3524 4900 3665 4970 Jol.,
3722 4900 3847 4953 dum

2240 4989 2435 5027 veneris
2448 5017 2458 5028 .

2316 5053 2342 5079 υ
2374 5044 2467 5097 lite
2516 5057 2699 5110 voces,
2745 5042 2921 5096 beatus
2970 5040 3257 5111 apostolus,
3293 5042 3541 5111 leguntur
3594 5044 3652 5097 in
3708 5057 3846 5096 mss.

2240 5114 2427 5241 Corp,
2476 5115 2690 5184 Remig.
2721 5122 2778 5169 et
2807 5114 2951 5179 Jol.,
2995 5128 3095 5169 nec
3147 5130 3255 5168 non
3298 5114 3354 5168 in
3397 5113 3528 5168 edit.
3585 5114 3850 5184 Mogunt.

2242 5198 2295 5241 et
2372 5203 2461 5239 en.

2242 5198 2295 5242 Cl
2332 5198 2461 5241 Ven.

2313 5267 2340 5295 ν
2390 5257 2467 5311 lta
2515 5271 2646 5312 mss.
2679 5254 2839 5310 Corh.
2874 5264 2927 5308 et
2955 5254 3165 5324 Remig.
3194 5268 3315 5308 cum
3356 5254 3497 5324 Mog.
3521 5263 3577 5308 et
3603 5254 3759 5310 Ven.
3798 5255 3852 5307 In

2240 5327 2412 5397 Lugd.
2441 5329 2726 5395 utrobique
2757 5328 3023 5380 omittitur
3053 5341 3153 5380 vox
3194 5324 3310 5379 huic
3337 5326 3521 5394 fuisse,
3553 5324 3607 5379 in
3638 5340 3851 5380 recen-

2241 5400 2470 5453 tioribus
2492 5398 2779 5468 posteriori
2804 5398 2941 5451 loco.

2315 5478 2341 5504 ι
2371 5472 2461 5525 Sic
2495 5466 2633 5524 'mss.
2666 5468 2828 5522 Corb.
2888 5477 2943 5522 et
2985 5466 3197 5535 Remig.
3242 5482 3304 5521 ac
3349 5466 3480 5520 edit.
3516 5466 3772 5534 Mogunt.
3802 5474 3859 5519 et

2242 5539 2412 5606 νειμ,
2433 5542 2521 5607 qui
2551 5550 2727 5593 tamen
2752 5539 2861 5592 duo
2890 5554 2987 5608 pro
3009 5539 3313 5591 varietatem
3337 5538 3857 5592 habentveritatem.

2242 5610 2418 5680 Lugd.
2447 5612 2613 5666 editio
2652 5625 2773 5665 cum
2806 5609 3227 5675 recentioribus,
3260 5611 3468 5662 omisso
3498 5608 3586 5671 ad,
3623 5608 3858 5661 inseru-

2244 5684 2452 5735 tabilem
2478 5684 2637 5735 unius
2672 5682 2851 5753 gratiae
2879 5682 3273 5753 varietatemad
3315 5690 3685 5749 argumentum
3721 5680 3836 5746 deﬁ

2243 5754 2454 5805 nitionis
2486 5769 2594 5808 sua!
2623 5751 2783 5805 voluit
2822 5761 3020 5822 aptare.
3056 5751 3231 5805 Edttio
3258 5753 3503 5815 quaedam
3535 5764 3600 5804 ex
3641 5764 3864 5822 recen-

2244 5825 2500 5893 tioribus,
2526 5836 2575 5879 et
2618 5820 2953 5894 augmentum
2999 5823 3320 5893 deﬁnitionis
3351 5837 3479 5889 sua,
3508 5820 3659 5891 quod
3692 5822 3867 5883 simi-
