  <div class='ocr_page' id='page_1' title='image "/cluster/home/n/w/nwhite01/storage/ocr_20150623/51/hvd.32044015471568/122.png"; bbox 0 0 4028 6352; ppageno 0'>
   <div class='ocr_carea' id='block_1_1' title="bbox 209 362 305 428">
    <p class='ocr_par' dir='ltr' id='par_1_1' title="bbox 209 362 305 428">
     <span class='ocr_line' id='line_1_1' title="bbox 209 362 305 428; baseline 0 0"><span class='ocrx_word' id='word_1_1' title='bbox 209 362 305 428; x_wconf 71' lang='lat'><strong>233</strong></span> 
     </span>
    </p>
   </div>
   <div class='ocr_carea' id='block_1_2' title="bbox 1307 359 2349 419">
    <p class='ocr_par' dir='ltr' id='par_1_2' title="bbox 1307 359 2349 419">
     <span class='ocr_line' id='line_1_2' title="bbox 1307 359 2349 419; baseline 0.001 -1"><span class='ocrx_word' id='word_1_2' title='bbox 1307 360 1508 418; x_wconf 80' lang='lat' dir='ltr'><strong><em>LIBER</em></strong></span> <span class='ocrx_word' id='word_1_3' title='bbox 1550 359 1826 417; x_wconf 77' lang='lat' dir='ltr'><strong><em>CONTRA</em></strong></span> <span class='ocrx_word' id='word_1_4' title='bbox 1865 359 2349 419; x_wconf 79' lang='lat' dir='ltr'><strong><em>COLLATOREM.</em></strong></span> 
     </span>
    </p>
   </div>
   <div class='ocr_carea' id='block_1_3' title="bbox 3378 368 3484 425">
    <p class='ocr_par' dir='ltr' id='par_1_3' title="bbox 3378 368 3484 425">
     <span class='ocr_line' id='line_1_3' title="bbox 3378 368 3484 425; baseline 0 0"><span class='ocrx_word' id='word_1_5' title='bbox 3378 368 3484 425; x_wconf 74' lang='grc'><strong><em>234</em></strong></span> 
     </span>
    </p>
   </div>
   <div class='ocr_carea' id='block_1_4' title="bbox 207 473 3480 561">
    <p class='ocr_par' dir='ltr' id='par_1_4' title="bbox 207 473 3480 561">
     <span class='ocr_line' id='line_1_4' title="bbox 207 473 3480 561; baseline 0.003 -26"><span class='ocrx_word' id='word_1_6' title='bbox 207 481 292 536; x_wconf 67' lang='lat' dir='ltr'><strong><em>tia</em></strong></span> <span class='ocrx_word' id='word_1_7' title='bbox 322 476 665 544; x_wconf 81' lang='lat' dir='ltr'><strong><em>varietatem,</em></strong></span> <span class='ocrx_word' id='word_1_8' title='bbox 696 474 1073 548; x_wconf 61' lang='lat' dir='ltr'><strong><em>argumentum</em></strong></span> <span class='ocrx_word' id='word_1_9' title='bbox 1110 473 1442 531; x_wconf 88' lang='lat' dir='ltr'><strong><em>deﬁnitionis</em></strong></span> <span class='ocrx_word' id='word_1_10' title='bbox 1473 491 1586 533; x_wconf 72' lang='lat' dir='ltr'><strong><em>sua:</em></strong></span> <span class='ocrx_word' id='word_1_11' title='bbox 1616 476 1790 532; x_wconf 86' lang='lat' dir='ltr'><strong><em>voluit</em></strong></span> <span class='ocrx_word' id='word_1_12' title='bbox 1817 485 1867 545; x_wconf 76' lang='grc' dir='ltr'>Α</span> <span class='ocrx_word' id='word_1_13' title='bbox 1893 479 2056 552; x_wconf 71' lang='lat'><strong><em>326</em></strong></span> <span class='ocrx_word' id='word_1_14' title='bbox 2084 480 2146 536; x_wconf 89' lang='lat' dir='ltr'><strong><em>Si</em></strong></span> <span class='ocrx_word' id='word_1_15' title='bbox 2170 491 2344 536; x_wconf 85' lang='lat' dir='ltr'><strong><em>autem</em></strong></span> <span class='ocrx_word' id='word_1_16' title='bbox 2367 484 2626 555; x_wconf 84' lang='lat' dir='ltr'><strong><em>accepisti,</em></strong></span> <span class='ocrx_word' id='word_1_17' title='bbox 2654 487 2780 557; x_wconf 83' lang='lat' dir='ltr'><strong><em>quid</em></strong></span> <span class='ocrx_word' id='word_1_18' title='bbox 2799 487 3062 558; x_wconf 83' lang='lat' dir='ltr'><strong><em>gloriaris,</em></strong></span> <span class='ocrx_word' id='word_1_19' title='bbox 3090 488 3240 561; x_wconf 85' lang='lat' dir='ltr'><strong><em>quasi</em></strong></span> <span class='ocrx_word' id='word_1_20' title='bbox 3260 504 3362 543; x_wconf 89' lang='lat' dir='ltr'><strong><em>non</em></strong></span> <span class='ocrx_word' id='word_1_21' title='bbox 3387 505 3480 543; x_wconf 70' lang='lat' dir='ltr'><strong><em>aco</em></strong></span> 
     </span>
    </p>
   </div>
   <div class='ocr_carea' id='block_1_5' title="bbox 209 570 1793 647">
    <p class='ocr_par' dir='ltr' id='par_1_5' title="bbox 209 570 1793 647">
     <span class='ocr_line' id='line_1_5' title="bbox 209 570 1793 647; baseline 0 -21"><span class='ocrx_word' id='word_1_22' title='bbox 209 572 367 647; x_wconf 60' lang='lat'><strong>335</strong></span> <span class='ocrx_word' id='word_1_23' title='bbox 394 582 621 643; x_wconf 82' lang='lat' dir='ltr'><strong><em>aptare;</em></strong></span> <span class='ocrx_word' id='word_1_24' title='bbox 652 580 715 627; x_wconf 94' lang='lat' dir='ltr'><strong><em>ut</em></strong></span> <span class='ocrx_word' id='word_1_25' title='bbox 743 573 921 643; x_wconf 90' lang='lat' dir='ltr'><strong><em>portio</em></strong></span> <span class='ocrx_word' id='word_1_26' title='bbox 942 570 1360 642; x_wconf 84' lang='lat' dir='ltr'><strong><em>jnstiﬁcatorum</em></strong></span> <span class='ocrx_word' id='word_1_27' title='bbox 1404 572 1573 627; x_wconf 91' lang='lat' dir='ltr'><strong><em>solius</em></strong></span> <span class='ocrx_word' id='word_1_28' title='bbox 1598 571 1793 627; x_wconf 81' lang='lat' dir='ltr'><strong><em>volun-</em></strong></span> 
     </span>
    </p>
   </div>
   <div class='ocr_carea' id='block_1_6' title="bbox 210 663 1797 733">
    <p class='ocr_par' dir='ltr' id='par_1_6' title="bbox 210 663 1797 733">
     <span class='ocr_line' id='line_1_6' title="bbox 210 663 1797 733; baseline -0.001 -13"><span class='ocrx_word' id='word_1_29' title='bbox 210 668 333 720; x_wconf 85' lang='lat' dir='ltr'><strong><em>tatis</em></strong></span> <span class='ocrx_word' id='word_1_30' title='bbox 353 679 463 719; x_wconf 73' lang='lat' dir='ltr'><strong><em>sua:</em></strong></span> <span class='ocrx_word' id='word_1_31' title='bbox 492 663 733 719; x_wconf 80' lang='lat' dir='ltr'><strong><em>motibus</em></strong></span> <span class='ocrx_word' id='word_1_32' title='bbox 758 663 825 719; x_wconf 87' lang='lat' dir='ltr'><strong><em>ad</em></strong></span> <span class='ocrx_word' id='word_1_33' title='bbox 854 664 1126 719; x_wconf 73' lang='lat' dir='ltr'><strong><em>Christum</em></strong></span> <span class='ocrx_word' id='word_1_34' title='bbox 1155 663 1341 718; x_wconf 88' lang='lat' dir='ltr'><strong><em>venire</em></strong></span> <span class='ocrx_word' id='word_1_35' title='bbox 1369 663 1645 730; x_wconf 72' lang='lat' dir='ltr'><strong><em>credatur,</em></strong></span> <span class='ocrx_word' id='word_1_36' title='bbox 1671 678 1797 733; x_wconf 88' lang='lat' dir='ltr'><strong><em>por-</em></strong></span> 
     </span>
    </p>
   </div>
   <div class='ocr_carea' id='block_1_7' title="bbox 212 754 1792 824">
    <p class='ocr_par' dir='ltr' id='par_1_7' title="bbox 212 754 1792 824">
     <span class='ocr_line' id='line_1_7' title="bbox 212 754 1792 824; baseline 0 -13"><span class='ocrx_word' id='word_1_37' title='bbox 212 757 279 811; x_wconf 88' lang='lat' dir='ltr'><strong><em>tio</em></strong></span> <span class='ocrx_word' id='word_1_38' title='bbox 311 764 490 810; x_wconf 83' lang='lat' dir='ltr'><strong><em>antem</em></strong></span> <span class='ocrx_word' id='word_1_39' title='bbox 519 755 794 811; x_wconf 88' lang='lat' dir='ltr'><strong><em>reluctans</em></strong></span> <span class='ocrx_word' id='word_1_40' title='bbox 816 763 844 792; x_wconf 74' lang='grc' dir='ltr'>ι</span> <span class='ocrx_word' id='word_1_41' title='bbox 873 754 1036 821; x_wconf 88' lang='lat' dir='ltr'><strong><em>trahi,</em></strong></span> <span class='ocrx_word' id='word_1_42' title='bbox 1058 763 1115 810; x_wconf 90' lang='lat' dir='ltr'><strong><em>et</em></strong></span> <span class='ocrx_word' id='word_1_43' title='bbox 1138 754 1301 810; x_wconf 90' lang='lat' dir='ltr'><strong><em>invita</em></strong></span> <span class='ocrx_word' id='word_1_44' title='bbox 1331 755 1591 824; x_wconf 87' lang='lat' dir='ltr'><strong><em>compelli</em></strong></span> <span class='ocrx_word' id='word_1_45' title='bbox 1626 774 1638 809; x_wconf 93' lang='lat'><strong>:</strong></span> <span class='ocrx_word' id='word_1_46' title='bbox 1667 770 1792 811; x_wconf 90' lang='lat' dir='ltr'><strong><em>cum</em></strong></span> 
     </span>
    </p>
   </div>
   <div class='ocr_carea' id='block_1_8' title="bbox 212 845 1791 919">
    <p class='ocr_par' dir='ltr' id='par_1_8' title="bbox 212 845 1791 919">
     <span class='ocr_line' id='line_1_8' title="bbox 212 845 1791 919; baseline -0.004 -12"><span class='ocrx_word' id='word_1_47' title='bbox 212 847 357 907; x_wconf 85' lang='lat' dir='ltr'><strong><em>Deus</em></strong></span> <span class='ocrx_word' id='word_1_48' title='bbox 382 848 452 903; x_wconf 90' lang='lat' dir='ltr'><strong><em>sit</em></strong></span> <span class='ocrx_word' id='word_1_49' title='bbox 491 850 586 919; x_wconf 86' lang='lat' dir='ltr'><strong>qui</strong></span> <span class='ocrx_word' id='word_1_50' title='bbox 613 848 1059 918; x_wconf 84' lang='lat' dir='ltr'><strong><em>aperatnromnia</em></strong></span> <span class='ocrx_word' id='word_1_51' title='bbox 1096 846 1151 901; x_wconf 92' lang='lat' dir='ltr'><strong><em>in</em></strong></span> <span class='ocrx_word' id='word_1_52' title='bbox 1193 845 1447 901; x_wconf 89' lang='lat' dir='ltr'><strong><em>omnibus</em></strong></span> <span class='ocrx_word' id='word_1_53' title='bbox 1474 847 1519 918; x_wconf 92' lang='grc' dir='ltr'><strong><em>(ι</em></strong></span> <span class='ocrx_word' id='word_1_54' title='bbox 1547 845 1666 900; x_wconf 90' lang='lat' dir='ltr'><strong><em>Cor.</em></strong></span> <span class='ocrx_word' id='word_1_55' title='bbox 1695 860 1791 913; x_wconf 79' lang='lat' dir='ltr'><strong><em>xu,</em></strong></span> 
     </span>
    </p>
   </div>
   <div class='ocr_carea' id='block_1_9' title="bbox 216 940 1794 1017">
    <p class='ocr_par' dir='ltr' id='par_1_9' title="bbox 216 940 1794 1017">
     <span class='ocr_line' id='line_1_9' title="bbox 216 940 1794 1017; baseline -0.003 -17"><span class='ocrx_word' id='word_1_56' title='bbox 216 944 288 1017; x_wconf 85' lang='lat'><strong><em>6),</em></strong></span> <span class='ocrx_word' id='word_1_57' title='bbox 320 943 437 998; x_wconf 85' lang='lat' dir='ltr'><strong><em>sive</em></strong></span> <span class='ocrx_word' id='word_1_58' title='bbox 464 943 605 998; x_wconf 87' lang='lat' dir='ltr'><strong><em>alios</em></strong></span> <span class='ocrx_word' id='word_1_59' title='bbox 632 942 734 1008; x_wconf 87' lang='lat' dir='ltr'><strong><em>sic,</em></strong></span> <span class='ocrx_word' id='word_1_60' title='bbox 765 942 899 997; x_wconf 87' lang='lat' dir='ltr'><strong><em>alios</em></strong></span> <span class='ocrx_word' id='word_1_61' title='bbox 919 950 1098 996; x_wconf 87' lang='lat' dir='ltr'><strong><em>autem</em></strong></span> <span class='ocrx_word' id='word_1_62' title='bbox 1130 941 1210 995; x_wconf 87' lang='lat' dir='ltr'><strong><em>sic</em></strong></span> <span class='ocrx_word' id='word_1_63' title='bbox 1241 941 1519 996; x_wconf 75' lang='lat' dir='ltr'><strong><em>attrahere</em></strong></span> <span class='ocrx_word' id='word_1_64' title='bbox 1545 940 1697 1005; x_wconf 87' lang='lat' dir='ltr'><strong><em>velit,</em></strong></span> <span class='ocrx_word' id='word_1_65' title='bbox 1728 940 1794 995; x_wconf 89' lang='lat' dir='ltr'><strong><em>ad</em></strong></span> 
     </span>
    </p>
   </div>
   <div class='ocr_carea' id='block_1_10' title="bbox 214 1035 1687 1112">
    <p class='ocr_par' dir='ltr' id='par_1_10' title="bbox 214 1035 1687 1112">
     <span class='ocr_line' id='line_1_10' title="bbox 214 1035 1687 1112; baseline -0.006 -16"><span class='ocrx_word' id='word_1_66' title='bbox 214 1056 370 1112; x_wconf 85' lang='lat' dir='ltr'><strong>quem</strong></span> <span class='ocrx_word' id='word_1_67' title='bbox 398 1052 592 1105; x_wconf 89' lang='lat' dir='ltr'><strong><em>nemo,</em></strong></span> <span class='ocrx_word' id='word_1_68' title='bbox 623 1036 730 1094; x_wconf 85' lang='lat' dir='ltr'><strong><em>nisi</em></strong></span> <span class='ocrx_word' id='word_1_69' title='bbox 755 1037 937 1108; x_wconf 83' lang='lat' dir='ltr'><strong><em>aliquo</em></strong></span> <span class='ocrx_word' id='word_1_70' title='bbox 965 1035 1127 1092; x_wconf 90' lang='lat' dir='ltr'><strong><em>modo</em></strong></span> <span class='ocrx_word' id='word_1_71' title='bbox 1161 1036 1487 1103; x_wconf 84' lang='lat' dir='ltr'><strong>attrahatur,</strong></span> <span class='ocrx_word' id='word_1_72' title='bbox 1523 1037 1687 1091; x_wconf 86' lang='lat' dir='ltr'><strong>venit.</strong></span> 
     </span>
    </p>
   </div>
   <div class='ocr_carea' id='block_1_11' title="bbox 796 1171 1198 1230">
    <p class='ocr_par' dir='ltr' id='par_1_11' title="bbox 796 1171 1198 1230">
     <span class='ocr_line' id='line_1_11' title="bbox 796 1171 1198 1230; baseline -0.002 -1"><span class='ocrx_word' id='word_1_73' title='bbox 796 1172 1024 1230; x_wconf 79' lang='lat' dir='ltr'><strong><em>CAPUT</em></strong></span> <span class='ocrx_word' id='word_1_74' title='bbox 1066 1171 1198 1228; x_wconf 80' lang='lat' dir='ltr'><strong>VIII.</strong></span> 
     </span>
    </p>
   </div>
   <div class='ocr_carea' id='block_1_12' title="bbox 219 1263 1796 1336">
    <p class='ocr_par' dir='ltr' id='par_1_12' title="bbox 219 1263 1796 1336">
     <span class='ocr_line' id='line_1_12' title="bbox 219 1263 1796 1336; baseline -0.003 -14"><span class='ocrx_word' id='word_1_75' title='bbox 219 1266 462 1336; x_wconf 79' lang='lat' dir='ltr'><strong><em>Deﬁnitio</em></strong></span> <span class='ocrx_word' id='word_1_76' title='bbox 502 1275 649 1322; x_wconf 80' lang='lat' dir='ltr'><strong><em>sea&#39;ttt</em></strong></span> <span class='ocrx_word' id='word_1_77' title='bbox 678 1263 917 1336; x_wconf 87' lang='lat' dir='ltr'><strong><em>Cassiani</em></strong></span> <span class='ocrx_word' id='word_1_78' title='bbox 949 1281 968 1319; x_wconf 90' lang='lat'><strong><em>:</em></strong></span> <span class='ocrx_word' id='word_1_79' title='bbox 1001 1263 1241 1336; x_wconf 84' lang='lat' dir='ltr'><strong><em>Liberum</em></strong></span> <span class='ocrx_word' id='word_1_80' title='bbox 1280 1263 1554 1336; x_wconf 74' lang='lat' dir='ltr'><strong><em>arbitrium</em></strong></span> <span class='ocrx_word' id='word_1_81' title='bbox 1593 1271 1641 1336; x_wconf 87' lang='lat' dir='ltr'><strong><em>et</em></strong></span> <span class='ocrx_word' id='word_1_82' title='bbox 1678 1280 1796 1336; x_wconf 86' lang='lat' dir='ltr'><strong><em>gra-</em></strong></span> 
     </span>
    </p>
   </div>
   <div class='ocr_carea' id='block_1_13' title="bbox 280 1334 1796 1409">
    <p class='ocr_par' dir='ltr' id='par_1_13' title="bbox 280 1334 1796 1409">
     <span class='ocr_line' id='line_1_13' title="bbox 280 1334 1796 1409; baseline -0.003 -17"><span class='ocrx_word' id='word_1_83' title='bbox 280 1334 408 1392; x_wconf 75' lang='lat' dir='ltr'><strong><em>tiam</em></strong></span> <span class='ocrx_word' id='word_1_84' title='bbox 438 1339 635 1409; x_wconf 85' lang='lat' dir='ltr'><strong><em>pariter</em></strong></span> <span class='ocrx_word' id='word_1_85' title='bbox 663 1336 857 1407; x_wconf 88' lang='lat' dir='ltr'><strong><em>suscipi</em></strong></span> <span class='ocrx_word' id='word_1_86' title='bbox 884 1334 1097 1409; x_wconf 85' lang='lat' dir='ltr'><strong><em>debere;</em></strong></span> <span class='ocrx_word' id='word_1_87' title='bbox 1120 1334 1174 1387; x_wconf 93' lang='lat' dir='ltr'><strong><em>id</em></strong></span> <span class='ocrx_word' id='word_1_88' title='bbox 1194 1344 1295 1409; x_wconf 81' lang='lat' dir='ltr'><strong><em>est,</em></strong></span> <span class='ocrx_word' id='word_1_89' title='bbox 1311 1335 1383 1409; x_wconf 81' lang='lat' dir='ltr'><strong><em>ita</em></strong></span> <span class='ocrx_word' id='word_1_90' title='bbox 1409 1343 1465 1388; x_wconf 88' lang='lat' dir='ltr'><strong><em>ut</em></strong></span> <span class='ocrx_word' id='word_1_91' title='bbox 1498 1335 1611 1402; x_wconf 89' lang='lat' dir='ltr'><strong><em>pari</em></strong></span> <span class='ocrx_word' id='word_1_92' title='bbox 1641 1334 1796 1409; x_wconf 82' lang='lat' dir='ltr'><strong><em>modo</em></strong></span> 
     </span>
    </p>
   </div>
   <div class='ocr_carea' id='block_1_14' title="bbox 279 1406 1795 1479">
    <p class='ocr_par' dir='ltr' id='par_1_14' title="bbox 279 1406 1795 1479">
     <span class='ocr_line' id='line_1_14' title="bbox 279 1406 1795 1479; baseline -0.001 -19"><span class='ocrx_word' id='word_1_93' title='bbox 279 1406 518 1479; x_wconf 80' lang='lat' dir='ltr'><strong><em>conferre</em></strong></span> <span class='ocrx_word' id='word_1_94' title='bbox 544 1406 862 1479; x_wconf 66' lang='lat' dir='ltr'><strong><em>ad_salutem</em></strong></span> <span class='ocrx_word' id='word_1_95' title='bbox 894 1406 1188 1479; x_wconf 82' lang='lat' dir='ltr'><strong><em>credantur.</em></strong></span> <span class='ocrx_word' id='word_1_96' title='bbox 1232 1406 1435 1479; x_wconf 77' lang='lat' dir='ltr'><strong><em>Divintz</em></strong></span> <span class='ocrx_word' id='word_1_97' title='bbox 1464 1406 1795 1479; x_wconf 76' lang='lat' dir='ltr'><strong><em>auctoritates</em></strong></span> 
     </span>
    </p>
   </div>
   <div class='ocr_carea' id='block_1_15' title="bbox 279 1475 1795 1550">
    <p class='ocr_par' dir='ltr' id='par_1_15' title="bbox 279 1475 1795 1550">
     <span class='ocr_line' id='line_1_15' title="bbox 279 1475 1795 1550; baseline -0.003 -17"><span class='ocrx_word' id='word_1_98' title='bbox 279 1481 344 1533; x_wconf 86' lang='lat' dir='ltr'><strong><em>de</em></strong></span> <span class='ocrx_word' id='word_1_99' title='bbox 367 1475 537 1550; x_wconf 71' lang='lat' dir='ltr'><strong><em>gratia</em></strong></span> <span class='ocrx_word' id='word_1_100' title='bbox 560 1476 850 1544; x_wconf 77' lang='lat' dir='ltr'><strong><em>afferuntur</em></strong></span> <span class='ocrx_word' id='word_1_101' title='bbox 882 1491 900 1529; x_wconf 91' lang='lat'><strong><em>:</em></strong></span> <span class='ocrx_word' id='word_1_102' title='bbox 932 1475 1186 1550; x_wconf 83' lang='lat' dir='ltr'><strong><em>daturque</em></strong></span> <span class='ocrx_word' id='word_1_103' title='bbox 1212 1477 1348 1530; x_wconf 82' lang='lat' dir='ltr'><strong><em>ratio</em></strong></span> <span class='ocrx_word' id='word_1_104' title='bbox 1372 1491 1533 1547; x_wconf 79' lang='lat' dir='ltr'><strong><em>quare</em></strong></span> <span class='ocrx_word' id='word_1_105' title='bbox 1557 1478 1795 1530; x_wconf 80' lang='lat' dir='ltr'><strong><em>voluntas</em></strong></span> 
     </span>
    </p>
   </div>
   <div class='ocr_carea' id='block_1_16' title="bbox 283 1548 1065 1619">
    <p class='ocr_par' dir='ltr' id='par_1_16' title="bbox 283 1548 1065 1619">
     <span class='ocr_line' id='line_1_16' title="bbox 283 1548 1065 1619; baseline -0.004 -16"><span class='ocrx_word' id='word_1_106' title='bbox 283 1548 385 1604; x_wconf 81' lang='lat' dir='ltr'><strong><em>non</em></strong></span> <span class='ocrx_word' id='word_1_107' title='bbox 413 1549 684 1619; x_wconf 79' lang='lat' dir='ltr'><strong><em>auferatur</em></strong></span> <span class='ocrx_word' id='word_1_108' title='bbox 706 1564 795 1619; x_wconf 89' lang='lat' dir='ltr'><strong><em>per</em></strong></span> <span class='ocrx_word' id='word_1_109' title='bbox 821 1548 1065 1617; x_wconf 87' lang='lat' dir='ltr'><strong><em>gratiam.</em></strong></span> 
     </span>
    </p>
   </div>
   <div class='ocr_carea' id='block_1_17' title="bbox 282 1677 1796 1754">
    <p class='ocr_par' dir='ltr' id='par_1_17' title="bbox 282 1677 1796 1754">
     <span class='ocr_line' id='line_1_17' title="bbox 282 1677 1796 1754; baseline -0.003 -18"><span class='ocrx_word' id='word_1_110' title='bbox 282 1682 451 1754; x_wconf 80' lang='lat' dir='ltr'><strong><em>[Alias</em></strong></span> <span class='ocrx_word' id='word_1_111' title='bbox 484 1677 614 1734; x_wconf 74' lang='grc' dir='ltr'><strong><em>ου».</em></strong></span> <span class='ocrx_word' id='word_1_112' title='bbox 652 1677 799 1750; x_wconf 75' lang='lat' dir='ltr'><strong>XV.)</strong></span> <span class='ocrx_word' id='word_1_113' title='bbox 822 1678 873 1734; x_wconf 78' lang='grc' dir='ltr'><strong><em>Ι.</em></strong></span> <span class='ocrx_word' id='word_1_114' title='bbox 908 1678 1036 1733; x_wconf 85' lang='lat' dir='ltr'><strong><em>Post</em></strong></span> <span class='ocrx_word' id='word_1_115' title='bbox 1061 1677 1178 1733; x_wconf 79' lang='lat' dir='ltr'><strong><em>hzec</em></strong></span> <span class='ocrx_word' id='word_1_116' title='bbox 1196 1677 1224 1717; x_wconf 75' lang='grc' dir='ltr'><strong><em>ι’</em></strong></span> <span class='ocrx_word' id='word_1_117' title='bbox 1250 1678 1469 1749; x_wconf 85' lang='lat' dir='ltr'><strong><em>subjicit</em></strong></span> <span class='ocrx_word' id='word_1_118' title='bbox 1490 1679 1796 1734; x_wconf 87' lang='lat' dir='ltr'><strong><em>testimonia</em></strong></span> 
     </span>
    </p>
   </div>
   <div class='ocr_carea' id='block_1_18' title="bbox 223 1770 1799 1841">
    <p class='ocr_par' dir='ltr' id='par_1_18' title="bbox 223 1770 1799 1841">
     <span class='ocr_line' id='line_1_18' title="bbox 223 1770 1799 1841; baseline -0.001 -13"><span class='ocrx_word' id='word_1_119' title='bbox 223 1788 382 1829; x_wconf 64' lang='lat' dir='ltr'><strong><em>sacrm</em></strong></span> <span class='ocrx_word' id='word_1_120' title='bbox 410 1772 687 1838; x_wconf 72' lang='lat' dir='ltr'><strong><em>Historiae,</em></strong></span> <span class='ocrx_word' id='word_1_121' title='bbox 726 1770 919 1841; x_wconf 86' lang='lat' dir='ltr'><strong><em>quibus</em></strong></span> <span class='ocrx_word' id='word_1_122' title='bbox 945 1770 1185 1825; x_wconf 84' lang='lat' dir='ltr'><strong><em>ostendit</em></strong></span> <span class='ocrx_word' id='word_1_123' title='bbox 1212 1770 1612 1827; x_wconf 82' lang='lat' dir='ltr'><strong><em>observantiam</em></strong></span> <span class='ocrx_word' id='word_1_124' title='bbox 1645 1787 1799 1827; x_wconf 90' lang='lat' dir='ltr'><strong><em>man-</em></strong></span> 
     </span>
    </p>
   </div>
   <div class='ocr_carea' id='block_1_19' title="bbox 1898 571 3476 647">
    <p class='ocr_par' dir='ltr' id='par_1_19' title="bbox 1898 571 3476 647">
     <span class='ocr_line' id='line_1_19' title="bbox 1898 571 3476 647; baseline 0.008 -24"><span class='ocrx_word' id='word_1_125' title='bbox 1898 571 2128 643; x_wconf 78' lang='lat' dir='ltr'><strong><em>ceperis?</em></strong></span> <span class='ocrx_word' id='word_1_126' title='bbox 2154 572 2530 629; x_wconf 83' lang='lat' dir='ltr'><strong><em>Ecclesiastica</em></strong></span> <span class='ocrx_word' id='word_1_127' title='bbox 2555 577 2744 647; x_wconf 83' lang='lat' dir='ltr'><strong><em>regula</em></strong></span> <span class='ocrx_word' id='word_1_128' title='bbox 2771 586 2857 634; x_wconf 90' lang='lat' dir='ltr'><strong><em>est</em></strong></span> <span class='ocrx_word' id='word_1_129' title='bbox 2883 595 2897 633; x_wconf 89' lang='lat'><strong>:</strong></span> <span class='ocrx_word' id='word_1_130' title='bbox 2928 577 3113 633; x_wconf 84' lang='lat' dir='ltr'><strong><em>Gratia</em></strong></span> <span class='ocrx_word' id='word_1_131' title='bbox 3145 579 3243 634; x_wconf 93' lang='lat' dir='ltr'><strong><em>Dei</em></strong></span> <span class='ocrx_word' id='word_1_132' title='bbox 3277 596 3392 635; x_wconf 87' lang='lat' dir='ltr'><strong><em>sum</em></strong></span> <span class='ocrx_word' id='word_1_133' title='bbox 3419 582 3476 635; x_wconf 80' lang='lat' dir='ltr'><strong><em>id</em></strong></span> 
     </span>
    </p>
   </div>
   <div class='ocr_carea' id='block_1_20' title="bbox 1896 663 3479 743">
    <p class='ocr_par' dir='ltr' id='par_1_20' title="bbox 1896 663 3479 743">
     <span class='ocr_line' id='line_1_20' title="bbox 1896 663 3479 743; baseline 0.009 -29"><span class='ocrx_word' id='word_1_134' title='bbox 1896 663 2033 733; x_wconf 91' lang='lat' dir='ltr'><strong><em>quod</em></strong></span> <span class='ocrx_word' id='word_1_135' title='bbox 2067 680 2214 730; x_wconf 89' lang='lat' dir='ltr'><strong><em>sum,</em></strong></span> <span class='ocrx_word' id='word_1_136' title='bbox 2252 674 2299 718; x_wconf 92' lang='lat' dir='ltr'><strong><em>et</em></strong></span> <span class='ocrx_word' id='word_1_137' title='bbox 2334 667 2503 736; x_wconf 86' lang='lat' dir='ltr'><strong><em>gratia</em></strong></span> <span class='ocrx_word' id='word_1_138' title='bbox 2538 668 2652 738; x_wconf 84' lang='lat' dir='ltr'><strong><em>ejus</em></strong></span> <span class='ocrx_word' id='word_1_139' title='bbox 2689 670 2745 723; x_wconf 89' lang='lat' dir='ltr'><strong><em>in</em></strong></span> <span class='ocrx_word' id='word_1_140' title='bbox 2784 686 2865 725; x_wconf 91' lang='lat' dir='ltr'><strong><em>me</em></strong></span> <span class='ocrx_word' id='word_1_141' title='bbox 2899 687 3063 725; x_wconf 84' lang='lat' dir='ltr'><strong><em>vacua</em></strong></span> <span class='ocrx_word' id='word_1_142' title='bbox 3091 689 3195 726; x_wconf 91' lang='lat' dir='ltr'><strong><em>non</em></strong></span> <span class='ocrx_word' id='word_1_143' title='bbox 3222 674 3358 743; x_wconf 79' lang='lat' dir='ltr'><strong><em>fuit,</em></strong></span> <span class='ocrx_word' id='word_1_144' title='bbox 3386 674 3479 728; x_wconf 88' lang='lat' dir='ltr'><strong><em>sed</em></strong></span> 
     </span>
    </p>
   </div>
   <div class='ocr_carea' id='block_1_21' title="bbox 1897 755 3479 839">
    <p class='ocr_par' dir='ltr' id='par_1_21' title="bbox 1897 755 3479 839">
     <span class='ocr_line' id='line_1_21' title="bbox 1897 755 3479 839; baseline 0.009 -32"><span class='ocrx_word' id='word_1_145' title='bbox 1897 755 2015 825; x_wconf 84' lang='lat' dir='ltr'><strong><em>plus</em></strong></span> <span class='ocrx_word' id='word_1_146' title='bbox 2043 756 2274 811; x_wconf 90' lang='lat' dir='ltr'><strong><em>omnibus</em></strong></span> <span class='ocrx_word' id='word_1_147' title='bbox 2299 758 2404 812; x_wconf 81' lang='lat' dir='ltr'><strong><em>illis</em></strong></span> <span class='ocrx_word' id='word_1_148' title='bbox 2432 758 2692 825; x_wconf 84' lang='lat' dir='ltr'><strong><em>laboravi;</em></strong></span> <span class='ocrx_word' id='word_1_149' title='bbox 2721 778 2825 816; x_wconf 91' lang='lat' dir='ltr'><strong><em>non</em></strong></span> <span class='ocrx_word' id='word_1_150' title='bbox 2854 771 3026 817; x_wconf 81' lang='lat' dir='ltr'><strong><em>autent</em></strong></span> <span class='ocrx_word' id='word_1_151' title='bbox 3049 780 3166 835; x_wconf 91' lang='lat' dir='ltr'><strong><em>ego,</em></strong></span> <span class='ocrx_word' id='word_1_152' title='bbox 3194 766 3284 820; x_wconf 89' lang='lat' dir='ltr'><strong><em>sed</em></strong></span> <span class='ocrx_word' id='word_1_153' title='bbox 3307 767 3479 839; x_wconf 88' lang='lat' dir='ltr'><strong><em>gratia</em></strong></span> 
     </span>
    </p>
   </div>
   <div class='ocr_carea' id='block_1_22' title="bbox 1898 842 3480 921">
    <p class='ocr_par' dir='ltr' id='par_1_22' title="bbox 1898 842 3480 921">
     <span class='ocr_line' id='line_1_22' title="bbox 1898 842 3480 921; baseline 0.009 -24"><span class='ocrx_word' id='word_1_154' title='bbox 1898 842 1997 899; x_wconf 92' lang='lat' dir='ltr'><strong><em>Dei</em></strong></span> <span class='ocrx_word' id='word_1_155' title='bbox 2022 863 2218 900; x_wconf 86' lang='lat' dir='ltr'><strong><em>mecum</em></strong></span> <span class='ocrx_word' id='word_1_156' title='bbox 2244 848 2262 915; x_wconf 93' lang='lat'><strong><em>(</em></strong></span> <span class='ocrx_word' id='word_1_157' title='bbox 2279 847 2296 901; x_wconf 93' lang='grc' dir='ltr'><strong>Ι</strong></span> <span class='ocrx_word' id='word_1_158' title='bbox 2325 847 2448 904; x_wconf 91' lang='lat' dir='ltr'><strong><em>Cor.</em></strong></span> <span class='ocrx_word' id='word_1_159' title='bbox 2474 865 2564 916; x_wconf 78' lang='lat' dir='ltr'><strong><em>xv,</em></strong></span> <span class='ocrx_word' id='word_1_160' title='bbox 2592 850 2682 921; x_wconf 81' lang='lat' dir='ltr'><strong>l0)</strong></span> <span class='ocrx_word' id='word_1_161' title='bbox 2714 870 2727 906; x_wconf 75' lang='grc' dir='ltr'>ε</span> <span class='ocrx_word' id='word_1_162' title='bbox 2758 861 2834 919; x_wconf 91' lang='lat' dir='ltr'><strong><em>et,</em></strong></span> <span class='ocrx_word' id='word_1_163' title='bbox 2867 851 3277 909; x_wconf 76' lang='lat' dir='ltr'><strong><em>Misericordiam</em></strong></span> <span class='ocrx_word' id='word_1_164' title='bbox 3301 872 3480 912; x_wconf 83' lang='lat' dir='ltr'><strong><em>conse-</em></strong></span> 
     </span>
    </p>
   </div>
   <div class='ocr_carea' id='block_1_23' title="bbox 1897 940 3480 1018">
    <p class='ocr_par' dir='ltr' id='par_1_23' title="bbox 1897 940 3480 1018">
     <span class='ocr_line' id='line_1_23' title="bbox 1897 940 3480 1018; baseline 0.009 -28"><span class='ocrx_word' id='word_1_165' title='bbox 1897 947 2048 992; x_wconf 84' lang='lat' dir='ltr'><strong><em>cutus</em></strong></span> <span class='ocrx_word' id='word_1_166' title='bbox 2068 955 2209 1005; x_wconf 88' lang='lat' dir='ltr'><strong><em>sum,</em></strong></span> <span class='ocrx_word' id='word_1_167' title='bbox 2240 950 2297 994; x_wconf 87' lang='lat' dir='ltr'><strong><em>ut</em></strong></span> <span class='ocrx_word' id='word_1_168' title='bbox 2322 940 2494 1009; x_wconf 78' lang='lat' dir='ltr'><strong><em>fidelis</em></strong></span> <span class='ocrx_word' id='word_1_169' title='bbox 2521 957 2679 995; x_wconf 89' lang='lat' dir='ltr'><strong><em>essem</em></strong></span> <span class='ocrx_word' id='word_1_170' title='bbox 2710 943 2905 1010; x_wconf 87' lang='lat' dir='ltr'><strong><em>(ICor.</em></strong></span> <span class='ocrx_word' id='word_1_171' title='bbox 2929 961 3034 1009; x_wconf 89' lang='lat' dir='ltr'><strong><em>vn,</em></strong></span> <span class='ocrx_word' id='word_1_172' title='bbox 3059 946 3178 1018; x_wconf 83' lang='lat'><strong>25).</strong></span> <span class='ocrx_word' id='word_1_173' title='bbox 3212 948 3480 1005; x_wconf 79' lang='lat' dir='ltr'><strong><em>Ecclesia-</em></strong></span> 
     </span>
    </p>
   </div>
   <div class='ocr_carea' id='block_1_24' title="bbox 1896 1030 3479 1101">
    <p class='ocr_par' dir='ltr' id='par_1_24' title="bbox 1896 1030 3479 1101">
     <span class='ocr_line' id='line_1_24' title="bbox 1896 1030 3479 1101; baseline 0.008 -18"><span class='ocrx_word' id='word_1_174' title='bbox 1896 1030 2030 1086; x_wconf 81' lang='lat' dir='ltr'><strong><em>stica</em></strong></span> <span class='ocrx_word' id='word_1_175' title='bbox 2054 1032 2234 1101; x_wconf 86' lang='lat' dir='ltr'><strong><em>regula</em></strong></span> <span class='ocrx_word' id='word_1_176' title='bbox 2276 1042 2363 1086; x_wconf 90' lang='lat' dir='ltr'><strong><em>est</em></strong></span> <span class='ocrx_word' id='word_1_177' title='bbox 2396 1049 2407 1086; x_wconf 95' lang='lat'>:</span> <span class='ocrx_word' id='word_1_178' title='bbox 2447 1032 2704 1089; x_wconf 79' lang='lat' dir='ltr'><strong><em>Habemus</em></strong></span> <span class='ocrx_word' id='word_1_179' title='bbox 2735 1031 2755 1073; x_wconf 82' lang='lat'>1</span> <span class='ocrx_word' id='word_1_180' title='bbox 2788 1046 2957 1091; x_wconf 91' lang='lat' dir='ltr'><strong><em>autem</em></strong></span> <span class='ocrx_word' id='word_1_181' title='bbox 2987 1039 3285 1094; x_wconf 80' lang='lat' dir='ltr'><strong><em>thesaurum</em></strong></span> <span class='ocrx_word' id='word_1_182' title='bbox 3321 1042 3479 1095; x_wconf 88' lang='lat' dir='ltr'><strong><em>istum</em></strong></span> 
     </span>
    </p>
   </div>
   <div class='ocr_carea' id='block_1_25' title="bbox 1896 1122 3479 1202">
    <p class='ocr_par' dir='ltr' id='par_1_25' title="bbox 1896 1122 3479 1202">
     <span class='ocr_line' id='line_1_25' title="bbox 1896 1122 3479 1202; baseline 0.007 -26"><span class='ocrx_word' id='word_1_183' title='bbox 1896 1122 1951 1176; x_wconf 89' lang='lat' dir='ltr'><strong><em>in</em></strong></span> <span class='ocrx_word' id='word_1_184' title='bbox 1974 1124 2109 1177; x_wconf 87' lang='lat' dir='ltr'><strong><em>vasis</em></strong></span> <span class='ocrx_word' id='word_1_185' title='bbox 2138 1123 2400 1193; x_wconf 80' lang='lat' dir='ltr'><strong><em>ﬁctilibus,</em></strong></span> <span class='ocrx_word' id='word_1_186' title='bbox 2432 1135 2488 1178; x_wconf 91' lang='lat' dir='ltr'><strong><em>ut</em></strong></span> <span class='ocrx_word' id='word_1_187' title='bbox 2514 1126 2805 1183; x_wconf 85' lang='lat' dir='ltr'><strong><em>sublimitas</em></strong></span> <span class='ocrx_word' id='word_1_188' title='bbox 2832 1128 3033 1185; x_wconf 79' lang='lat' dir='ltr'><strong><em>virtutis</em></strong></span> <span class='ocrx_word' id='word_1_189' title='bbox 3060 1132 3125 1185; x_wconf 89' lang='lat' dir='ltr'><strong><em>sit</em></strong></span> <span class='ocrx_word' id='word_1_190' title='bbox 3150 1130 3269 1202; x_wconf 87' lang='lat' dir='ltr'><strong><em>Dei,</em></strong></span> <span class='ocrx_word' id='word_1_191' title='bbox 3300 1142 3348 1185; x_wconf 87' lang='lat' dir='ltr'><strong><em>et</em></strong></span> <span class='ocrx_word' id='word_1_192' title='bbox 3377 1147 3479 1187; x_wconf 88' lang='lat' dir='ltr'><strong><em>non</em></strong></span> 
     </span>
    </p>
   </div>
   <div class='ocr_carea' id='block_1_26' title="bbox 1896 1216 3476 1296">
    <p class='ocr_par' dir='ltr' id='par_1_26' title="bbox 1896 1216 3476 1296">
     <span class='ocr_line' id='line_1_26' title="bbox 1896 1216 3476 1296; baseline 0.005 -25"><span class='ocrx_word' id='word_1_193' title='bbox 1896 1232 1960 1271; x_wconf 79' lang='lat' dir='ltr'><strong><em>ea:</em></strong></span> <span class='ocrx_word' id='word_1_194' title='bbox 1992 1216 2138 1271; x_wconf 84' lang='lat' dir='ltr'><strong><em>nobis</em></strong></span> <span class='ocrx_word' id='word_1_195' title='bbox 2164 1216 2245 1288; x_wconf 94' lang='lat' dir='ltr'><strong><em>(ll</em></strong></span> <span class='ocrx_word' id='word_1_196' title='bbox 2274 1216 2392 1272; x_wconf 89' lang='lat' dir='ltr'><strong><em>Cor.</em></strong></span> <span class='ocrx_word' id='word_1_197' title='bbox 2425 1233 2501 1283; x_wconf 83' lang='lat' dir='ltr'><strong><em>tv,</em></strong></span> <span class='ocrx_word' id='word_1_198' title='bbox 2532 1220 2611 1289; x_wconf 90' lang='lat'><strong><em>7).</em></strong></span> <span class='ocrx_word' id='word_1_199' title='bbox 2644 1220 3087 1279; x_wconf 70' lang='lat' dir='ltr'><strong><em>mlicclesiastica</em></strong></span> <span class='ocrx_word' id='word_1_200' title='bbox 3132 1226 3315 1296; x_wconf 87' lang='lat' dir='ltr'><strong><em>regula</em></strong></span> <span class='ocrx_word' id='word_1_201' title='bbox 3356 1234 3476 1281; x_wconf 87' lang='lat' dir='ltr'><strong><em>est:</em></strong></span> 
     </span>
    </p>
   </div>
   <div class='ocr_carea' id='block_1_27' title="bbox 1898 1306 3481 1389">
    <p class='ocr_par' dir='ltr' id='par_1_27' title="bbox 1898 1306 3481 1389">
     <span class='ocr_line' id='line_1_27' title="bbox 1898 1306 3481 1389; baseline 0.009 -28"><span class='ocrx_word' id='word_1_202' title='bbox 1898 1306 2080 1362; x_wconf 86' lang='lat' dir='ltr'><strong><em>Gratia</em></strong></span> <span class='ocrx_word' id='word_1_203' title='bbox 2104 1310 2289 1364; x_wconf 88' lang='lat' dir='ltr'><strong><em>salvati</em></strong></span> <span class='ocrx_word' id='word_1_204' title='bbox 2310 1311 2433 1365; x_wconf 85' lang='lat' dir='ltr'><strong><em>estis</em></strong></span> <span class='ocrx_word' id='word_1_205' title='bbox 2456 1327 2546 1380; x_wconf 86' lang='lat' dir='ltr'><strong><em>per</em></strong></span> <span class='ocrx_word' id='word_1_206' title='bbox 2570 1312 2747 1381; x_wconf 81' lang='lat' dir='ltr'><strong><em>fidem,</em></strong></span> <span class='ocrx_word' id='word_1_207' title='bbox 2782 1326 2830 1366; x_wconf 92' lang='lat' dir='ltr'><strong><em>et</em></strong></span> <span class='ocrx_word' id='word_1_208' title='bbox 2858 1315 2953 1368; x_wconf 90' lang='lat' dir='ltr'><strong><em>hoc</em></strong></span> <span class='ocrx_word' id='word_1_209' title='bbox 2980 1332 3083 1370; x_wconf 88' lang='lat' dir='ltr'><strong><em>non</em></strong></span> <span class='ocrx_word' id='word_1_210' title='bbox 3107 1333 3169 1372; x_wconf 81' lang='lat' dir='ltr'><strong><em>ea:</em></strong></span> <span class='ocrx_word' id='word_1_211' title='bbox 3193 1318 3355 1389; x_wconf 86' lang='lat' dir='ltr'><strong><em>vobis,</em></strong></span> <span class='ocrx_word' id='word_1_212' title='bbox 3378 1317 3481 1375; x_wconf 80' lang='lat' dir='ltr'><strong><em>Dei</em></strong></span> 
     </span>
    </p>
   </div>
   <div class='ocr_carea' id='block_1_28' title="bbox 1897 1402 3479 1482">
    <p class='ocr_par' dir='ltr' id='par_1_28' title="bbox 1897 1402 3479 1482">
     <span class='ocr_line' id='line_1_28' title="bbox 1897 1402 3479 1482; baseline 0.009 -27"><span class='ocrx_word' id='word_1_213' title='bbox 1897 1402 2032 1455; x_wconf 89' lang='lat' dir='ltr'><strong><em>enim</em></strong></span> <span class='ocrx_word' id='word_1_214' title='bbox 2054 1403 2247 1457; x_wconf 82' lang='lat' dir='ltr'><strong><em>donum</em></strong></span> <span class='ocrx_word' id='word_1_215' title='bbox 2275 1415 2381 1470; x_wconf 88' lang='lat' dir='ltr'><strong><em>est;</em></strong></span> <span class='ocrx_word' id='word_1_216' title='bbox 2411 1420 2513 1459; x_wconf 92' lang='lat' dir='ltr'><strong><em>non</em></strong></span> <span class='ocrx_word' id='word_1_217' title='bbox 2542 1420 2605 1459; x_wconf 80' lang='lat' dir='ltr'><strong><em>ea:</em></strong></span> <span class='ocrx_word' id='word_1_218' title='bbox 2627 1406 2890 1477; x_wconf 84' lang='lat' dir='ltr'><strong><em>aperibus,</em></strong></span> <span class='ocrx_word' id='word_1_219' title='bbox 2923 1425 2985 1461; x_wconf 87' lang='lat' dir='ltr'><strong><em>ne</em></strong></span> <span class='ocrx_word' id='word_1_220' title='bbox 3016 1412 3147 1479; x_wconf 81' lang='lat' dir='ltr'><strong><em>forte</em></strong></span> <span class='ocrx_word' id='word_1_221' title='bbox 3168 1414 3283 1482; x_wconf 89' lang='lat' dir='ltr'><strong><em>quis</em></strong></span> <span class='ocrx_word' id='word_1_222' title='bbox 3310 1412 3479 1468; x_wconf 71' lang='lat' dir='ltr'><strong><em>extol-</em></strong></span> 
     </span>
    </p>
   </div>
   <div class='ocr_carea' id='block_1_29' title="bbox 1898 1495 3481 1570">
    <p class='ocr_par' dir='ltr' id='par_1_29' title="bbox 1898 1495 3481 1570">
     <span class='ocr_line' id='line_1_29' title="bbox 1898 1495 3481 1570; baseline 0.008 -22"><span class='ocrx_word' id='word_1_223' title='bbox 1898 1495 2036 1551; x_wconf 86' lang='lat' dir='ltr'><strong><em>latur</em></strong></span> <span class='ocrx_word' id='word_1_224' title='bbox 2061 1495 2279 1566; x_wconf 84' lang='lat' dir='ltr'><strong><em>(Ephes.</em></strong></span> <span class='ocrx_word' id='word_1_225' title='bbox 2298 1512 2358 1557; x_wconf 88' lang='lat' dir='ltr'><strong><em>tt.</em></strong></span> <span class='ocrx_word' id='word_1_226' title='bbox 2386 1497 2465 1566; x_wconf 88' lang='grc'><strong><em>8).</em></strong></span> <span class='ocrx_word' id='word_1_227' title='bbox 2494 1498 2868 1555; x_wconf 81' lang='lat' dir='ltr'><strong><em>Ecclesiastica</em></strong></span> <span class='ocrx_word' id='word_1_228' title='bbox 2893 1502 3078 1570; x_wconf 84' lang='lat' dir='ltr'><strong><em>regula</em></strong></span> <span class='ocrx_word' id='word_1_229' title='bbox 3098 1513 3216 1558; x_wconf 89' lang='lat' dir='ltr'><strong><em>est:</em></strong></span> <span class='ocrx_word' id='word_1_230' title='bbox 3243 1503 3311 1559; x_wconf 85' lang='lat' dir='ltr'><strong><em>In</em></strong></span> <span class='ocrx_word' id='word_1_231' title='bbox 3335 1506 3481 1561; x_wconf 88' lang='lat' dir='ltr'><strong><em>nullo</em></strong></span> 
     </span>
    </p>
   </div>
   <div class='ocr_carea' id='block_1_30' title="bbox 1899 1588 3482 1667">
    <p class='ocr_par' dir='ltr' id='par_1_30' title="bbox 1899 1588 3482 1667">
     <span class='ocr_line' id='line_1_30' title="bbox 1899 1588 3482 1667; baseline 0.006 -26"><span class='ocrx_word' id='word_1_232' title='bbox 1899 1588 2198 1642; x_wconf 88' lang='lat' dir='ltr'><strong><em>terreamini</em></strong></span> <span class='ocrx_word' id='word_1_233' title='bbox 2222 1588 2283 1641; x_wconf 92' lang='lat' dir='ltr'><strong><em>ab</em></strong></span> <span class='ocrx_word' id='word_1_234' title='bbox 2311 1589 2619 1643; x_wconf 88' lang='lat' dir='ltr'><strong><em>adversariis</em></strong></span> <span class='ocrx_word' id='word_1_235' title='bbox 2636 1630 2650 1653; x_wconf 92' lang='lat'><strong><em>,</em></strong></span> <span class='ocrx_word' id='word_1_236' title='bbox 2684 1607 2795 1658; x_wconf 63' lang='lat' dir='ltr'><strong><em>qua</em></strong></span> <span class='ocrx_word' id='word_1_237' title='bbox 2823 1602 2895 1647; x_wconf 87' lang='lat' dir='ltr'><strong><em>est</em></strong></span> <span class='ocrx_word' id='word_1_238' title='bbox 2918 1594 3026 1647; x_wconf 85' lang='lat' dir='ltr'><strong><em>illis</em></strong></span> <span class='ocrx_word' id='word_1_239' title='bbox 3053 1611 3205 1649; x_wconf 87' lang='lat' dir='ltr'><strong><em>causa</em></strong></span> <span class='ocrx_word' id='word_1_240' title='bbox 3238 1597 3482 1667; x_wconf 88' lang='lat' dir='ltr'><strong><em>perditio-</em></strong></span> 
     </span>
    </p>
   </div>
   <div class='ocr_carea' id='block_1_31' title="bbox 1898 1677 3483 1757">
    <p class='ocr_par' dir='ltr' id='par_1_31' title="bbox 1898 1677 3483 1757">
     <span class='ocr_line' id='line_1_31' title="bbox 1898 1677 3483 1757; baseline 0.008 -26"><span class='ocrx_word' id='word_1_241' title='bbox 1898 1677 1998 1743; x_wconf 88' lang='lat' dir='ltr'><strong><em>nis,</em></strong></span> <span class='ocrx_word' id='word_1_242' title='bbox 2030 1686 2059 1715; x_wconf 71' lang='grc' dir='ltr'><strong>υ</strong></span> <span class='ocrx_word' id='word_1_243' title='bbox 2087 1678 2229 1734; x_wconf 83' lang='lat' dir='ltr'><strong><em>vobis</em></strong></span> <span class='ocrx_word' id='word_1_244' title='bbox 2261 1688 2432 1733; x_wconf 86' lang='lat' dir='ltr'><strong><em>autem</em></strong></span> <span class='ocrx_word' id='word_1_245' title='bbox 2466 1681 2676 1748; x_wconf 89' lang='lat' dir='ltr'><strong><em>salutis,</em></strong></span> <span class='ocrx_word' id='word_1_246' title='bbox 2702 1683 2864 1737; x_wconf 90' lang='lat' dir='ltr'><strong><em>ethoc</em></strong></span> <span class='ocrx_word' id='word_1_247' title='bbox 2892 1700 2924 1737; x_wconf 88' lang='lat' dir='ltr'><strong><em>a</em></strong></span> <span class='ocrx_word' id='word_1_248' title='bbox 2954 1682 3063 1739; x_wconf 93' lang='lat' dir='ltr'><strong><em>Deo</em></strong></span> <span class='ocrx_word' id='word_1_249' title='bbox 3094 1701 3113 1740; x_wconf 92' lang='lat'><strong><em>:</em></strong></span> <span class='ocrx_word' id='word_1_250' title='bbox 3140 1694 3165 1721; x_wconf 81' lang='grc' dir='ltr'><strong>ο</strong></span> <span class='ocrx_word' id='word_1_251' title='bbox 3195 1688 3315 1757; x_wconf 88' lang='lat' dir='ltr'><strong><em>quia</em></strong></span> <span class='ocrx_word' id='word_1_252' title='bbox 3351 1689 3483 1744; x_wconf 70' lang='lat' dir='ltr'><strong><em>vobis</em></strong></span> 
     </span>
    </p>
   </div>
   <div class='ocr_carea' id='block_1_32' title="bbox 1898 1769 3482 1839">
    <p class='ocr_par' dir='ltr' id='par_1_32' title="bbox 1898 1769 3482 1839">
     <span class='ocr_line' id='line_1_32' title="bbox 1898 1769 3482 1839; baseline 0.005 -16"><span class='ocrx_word' id='word_1_253' title='bbox 1898 1772 2149 1824; x_wconf 90' lang='lat' dir='ltr'><strong><em>donatum</em></strong></span> <span class='ocrx_word' id='word_1_254' title='bbox 2174 1780 2247 1825; x_wconf 88' lang='lat' dir='ltr'><strong><em>est</em></strong></span> <span class='ocrx_word' id='word_1_255' title='bbox 2273 1788 2366 1839; x_wconf 90' lang='lat' dir='ltr'><strong><em>pro</em></strong></span> <span class='ocrx_word' id='word_1_256' title='bbox 2392 1769 2625 1837; x_wconf 85' lang='lat' dir='ltr'><strong><em>Christo,</em></strong></span> <span class='ocrx_word' id='word_1_257' title='bbox 2656 1789 2758 1826; x_wconf 92' lang='lat' dir='ltr'><strong><em>non</em></strong></span> <span class='ocrx_word' id='word_1_258' title='bbox 2787 1774 2954 1827; x_wconf 88' lang='lat' dir='ltr'><strong><em>solum</em></strong></span> <span class='ocrx_word' id='word_1_259' title='bbox 2982 1785 3039 1828; x_wconf 88' lang='lat' dir='ltr'><strong><em>ut</em></strong></span> <span class='ocrx_word' id='word_1_260' title='bbox 3071 1776 3125 1829; x_wconf 90' lang='lat' dir='ltr'><strong><em>in</em></strong></span> <span class='ocrx_word' id='word_1_261' title='bbox 3154 1794 3269 1830; x_wconf 88' lang='lat' dir='ltr'><strong><em>eum</em></strong></span> <span class='ocrx_word' id='word_1_262' title='bbox 3294 1779 3450 1832; x_wconf 83' lang='lat' dir='ltr'><strong><em>credo</em></strong></span> <span class='ocrx_word' id='word_1_263' title='bbox 3468 1809 3482 1817; x_wconf 90' lang='lat'><strong>-</strong></span> 
     </span>
    </p>
   </div>
   <div class='ocr_carea' id='block_1_33' title="bbox 222 1863 3485 1939">
    <p class='ocr_par' dir='ltr' id='par_1_33' title="bbox 222 1863 3485 1939">
     <span class='ocr_line' id='line_1_33' title="bbox 222 1863 3485 1939; baseline 0.002 -18"><span class='ocrx_word' id='word_1_264' title='bbox 222 1864 459 1921; x_wconf 74' lang='lat' dir='ltr'><strong><em>datorum</em></strong></span> <span class='ocrx_word' id='word_1_265' title='bbox 499 1864 617 1931; x_wconf 88' lang='lat' dir='ltr'><strong><em>Dei,</em></strong></span> <span class='ocrx_word' id='word_1_266' title='bbox 645 1863 1282 1934; x_wconf 86' lang='lat' dir='ltr'><strong><em>consummationemque</em></strong></span> <span class='ocrx_word' id='word_1_267' title='bbox 1313 1864 1570 1919; x_wconf 91' lang='lat' dir='ltr'><strong><em>virtutum</em></strong></span> <span class='ocrx_word' id='word_1_268' title='bbox 1602 1864 1799 1920; x_wconf 75' lang='lat' dir='ltr'><strong><em>divina:</em></strong></span> <span class='ocrx_word' id='word_1_269' title='bbox 1828 1868 1876 1931; x_wconf 84' lang='grc' dir='ltr'><strong>Β</strong></span> <span class='ocrx_word' id='word_1_270' title='bbox 1905 1866 1989 1931; x_wconf 92' lang='lat' dir='ltr'><strong><em>tis,</em></strong></span> <span class='ocrx_word' id='word_1_271' title='bbox 2021 1866 2110 1919; x_wconf 90' lang='lat' dir='ltr'><strong><em>sed</em></strong></span> <span class='ocrx_word' id='word_1_272' title='bbox 2138 1866 2293 1919; x_wconf 89' lang='lat' dir='ltr'><strong><em>etiam</em></strong></span> <span class='ocrx_word' id='word_1_273' title='bbox 2316 1874 2373 1919; x_wconf 89' lang='lat' dir='ltr'><strong><em>ut</em></strong></span> <span class='ocrx_word' id='word_1_274' title='bbox 2402 1866 2670 1935; x_wconf 87' lang='lat' dir='ltr'><strong><em>patiamini</em></strong></span> <span class='ocrx_word' id='word_1_275' title='bbox 2696 1884 2789 1935; x_wconf 90' lang='lat' dir='ltr'><strong><em>pro</em></strong></span> <span class='ocrx_word' id='word_1_276' title='bbox 2816 1884 2875 1922; x_wconf 91' lang='lat' dir='ltr'><strong><em>eo</em></strong></span> <span class='ocrx_word' id='word_1_277' title='bbox 2904 1867 3134 1939; x_wconf 82' lang='lat' dir='ltr'><strong><em>(Philip.</em></strong></span> <span class='ocrx_word' id='word_1_278' title='bbox 3164 1886 3202 1937; x_wconf 83' lang='grc' dir='ltr'><strong><em>ι,</em></strong></span> <span class='ocrx_word' id='word_1_279' title='bbox 3236 1871 3350 1939; x_wconf 78' lang='lat'><strong>28).</strong></span> <span class='ocrx_word' id='word_1_280' title='bbox 3382 1870 3485 1926; x_wconf 84' lang='lat' dir='ltr'><strong><em>Ec-</em></strong></span> 
     </span>
    </p>
   </div>
   <div class='ocr_carea' id='block_1_34' title="bbox 224 1951 1796 2025">
    <p class='ocr_par' dir='ltr' id='par_1_34' title="bbox 224 1951 1796 2025">
     <span class='ocr_line' id='line_1_34' title="bbox 224 1951 1796 2025; baseline -0.001 -14"><span class='ocrx_word' id='word_1_281' title='bbox 224 1957 395 2025; x_wconf 68' lang='lat' dir='ltr'><strong><em>gratiae</em></strong></span> <span class='ocrx_word' id='word_1_282' title='bbox 422 1953 789 2025; x_wconf 90' lang='lat' dir='ltr'><strong><em>deputandam</em></strong></span> <span class='ocrx_word' id='word_1_283' title='bbox 820 1951 1034 2025; x_wconf 85' lang='lat' dir='ltr'><strong><em>(Collat.</em></strong></span> <span class='ocrx_word' id='word_1_284' title='bbox 1064 1954 1149 2018; x_wconf 76' lang='lat' dir='ltr'><strong><em>l3,</em></strong></span> <span class='ocrx_word' id='word_1_285' title='bbox 1182 1969 1230 2007; x_wconf 83' lang='lat' dir='ltr'><strong><em>e.</em></strong></span> <span class='ocrx_word' id='word_1_286' title='bbox 1258 1953 1348 2025; x_wconf 75' lang='lat' dir='ltr'><strong><em>il)</em></strong></span> <span class='ocrx_word' id='word_1_287' title='bbox 1386 1971 1398 2007; x_wconf 93' lang='lat'><strong>:</strong></span> <span class='ocrx_word' id='word_1_288' title='bbox 1429 1955 1574 2025; x_wconf 91' lang='lat' dir='ltr'><strong><em>quod</em></strong></span> <span class='ocrx_word' id='word_1_289' title='bbox 1608 1966 1663 2011; x_wconf 93' lang='lat' dir='ltr'><strong><em>et</em></strong></span> <span class='ocrx_word' id='word_1_290' title='bbox 1699 1970 1796 2010; x_wconf 89' lang='lat' dir='ltr'><strong><em>nos</em></strong></span> 
     </span>
    </p>
   </div>
   <div class='ocr_carea' id='block_1_35' title="bbox 225 2044 1797 2118">
    <p class='ocr_par' dir='ltr' id='par_1_35' title="bbox 225 2044 1797 2118">
     <span class='ocr_line' id='line_1_35' title="bbox 225 2044 1797 2118; baseline -0.001 -15"><span class='ocrx_word' id='word_1_291' title='bbox 225 2046 619 2118; x_wconf 84' lang='lat' dir='ltr'><strong><em>promptissime</em></strong></span> <span class='ocrx_word' id='word_1_292' title='bbox 654 2044 1002 2102; x_wconf 89' lang='lat' dir='ltr'><strong><em>conﬁtemur.</em></strong></span> <span class='ocrx_word' id='word_1_293' title='bbox 1035 2044 1101 2100; x_wconf 82' lang='lat' dir='ltr'><strong><em>Et</em></strong></span> <span class='ocrx_word' id='word_1_294' title='bbox 1138 2047 1577 2101; x_wconf 88' lang='lat' dir='ltr'><strong><em>commemoratis</em></strong></span> <span class='ocrx_word' id='word_1_295' title='bbox 1602 2056 1797 2102; x_wconf 81' lang='lat' dir='ltr'><strong><em>’exem-</em></strong></span> 
     </span>
    </p>
   </div>
   <div class='ocr_carea' id='block_1_36' title="bbox 228 2136 1799 2210">
    <p class='ocr_par' dir='ltr' id='par_1_36' title="bbox 228 2136 1799 2210">
     <span class='ocr_line' id='line_1_36' title="bbox 228 2136 1799 2210; baseline 0 -16"><span class='ocrx_word' id='word_1_296' title='bbox 228 2142 318 2210; x_wconf 84' lang='lat' dir='ltr'><strong><em>plis</em></strong></span> <span class='ocrx_word' id='word_1_297' title='bbox 343 2139 412 2196; x_wconf 88' lang='lat' dir='ltr'><strong><em>de</em></strong></span> <span class='ocrx_word' id='word_1_298' title='bbox 441 2139 682 2202; x_wconf 86' lang='lat' dir='ltr'><strong><em>Balaam,</em></strong></span> <span class='ocrx_word' id='word_1_299' title='bbox 714 2153 876 2207; x_wconf 92' lang='lat' dir='ltr'><strong><em>quem</em></strong></span> <span class='ocrx_word' id='word_1_300' title='bbox 904 2136 1171 2192; x_wconf 87' lang='lat' dir='ltr'><strong><em>volentem</em></strong></span> <span class='ocrx_word' id='word_1_301' title='bbox 1208 2147 1229 2175; x_wconf 75' lang='grc' dir='ltr'><strong>ο</strong></span> <span class='ocrx_word' id='word_1_302' title='bbox 1262 2136 1448 2192; x_wconf 87' lang='lat' dir='ltr'><strong><em>Israeli</em></strong></span> <span class='ocrx_word' id='word_1_303' title='bbox 1476 2137 1799 2194; x_wconf 86' lang='lat' dir='ltr'><strong><em>maledicere</em></strong></span> 
     </span>
    </p>
   </div>
   <div class='ocr_carea' id='block_1_37' title="bbox 228 2228 1797 2300">
    <p class='ocr_par' dir='ltr' id='par_1_37' title="bbox 228 2228 1797 2300">
     <span class='ocr_line' id='line_1_37' title="bbox 228 2228 1797 2300; baseline -0.002 -14"><span class='ocrx_word' id='word_1_304' title='bbox 228 2233 356 2287; x_wconf 89' lang='lat' dir='ltr'><strong><em>Deus</em></strong></span> <span class='ocrx_word' id='word_1_305' title='bbox 383 2233 436 2285; x_wconf 89' lang='lat' dir='ltr'><strong><em>in</em></strong></span> <span class='ocrx_word' id='word_1_306' title='bbox 464 2229 861 2285; x_wconf 89' lang='lat' dir='ltr'><strong><em>benedictionis</em></strong></span> <span class='ocrx_word' id='word_1_307' title='bbox 886 2228 1051 2283; x_wconf 84' lang='lat' dir='ltr'><strong><em>verba</em></strong></span> <span class='ocrx_word' id='word_1_308' title='bbox 1075 2228 1415 2283; x_wconf 83' lang='lat' dir='ltr'><strong><em>transtulerit</em></strong></span> <span class='ocrx_word' id='word_1_309' title='bbox 1436 2228 1625 2300; x_wconf 84' lang='lat' dir='ltr'><strong><em>(Num.</em></strong></span> <span class='ocrx_word' id='word_1_310' title='bbox 1648 2229 1797 2299; x_wconf 82' lang='lat' dir='ltr'><strong><em>snt);</em></strong></span> 
     </span>
    </p>
   </div>
   <div class='ocr_carea' id='block_1_38' title="bbox 225 2320 1801 2391">
    <p class='ocr_par' dir='ltr' id='par_1_38' title="bbox 225 2320 1801 2391">
     <span class='ocr_line' id='line_1_38' title="bbox 225 2320 1801 2391; baseline 0.001 -16"><span class='ocrx_word' id='word_1_311' title='bbox 225 2330 275 2376; x_wconf 90' lang='lat' dir='ltr'><strong><em>et</em></strong></span> <span class='ocrx_word' id='word_1_312' title='bbox 310 2321 375 2378; x_wconf 90' lang='lat' dir='ltr'><strong><em>de</em></strong></span> <span class='ocrx_word' id='word_1_313' title='bbox 432 2322 780 2388; x_wconf 82' lang='lat' dir='ltr'><strong><em>Abimelech,</em></strong></span> <span class='ocrx_word' id='word_1_314' title='bbox 832 2320 922 2391; x_wconf 90' lang='lat' dir='ltr'><strong><em>qui</em></strong></span> <span class='ocrx_word' id='word_1_315' title='bbox 964 2334 1189 2390; x_wconf 86' lang='lat' dir='ltr'><strong><em>peccare</em></strong></span> <span class='ocrx_word' id='word_1_316' title='bbox 1235 2335 1343 2375; x_wconf 90' lang='lat' dir='ltr'><strong><em>non</em></strong></span> <span class='ocrx_word' id='word_1_317' title='bbox 1394 2322 1688 2390; x_wconf 88' lang='lat' dir='ltr'><strong><em>permissus</em></strong></span> <span class='ocrx_word' id='word_1_318' title='bbox 1730 2324 1801 2377; x_wconf 87' lang='lat' dir='ltr'><strong><em>sit</em></strong></span> 
     </span>
    </p>
   </div>
   <div class='ocr_carea' id='block_1_39' title="bbox 226 2409 1800 2483">
    <p class='ocr_par' dir='ltr' id='par_1_39' title="bbox 226 2409 1800 2483">
     <span class='ocr_line' id='line_1_39' title="bbox 226 2409 1800 2483; baseline -0.001 -15"><span class='ocrx_word' id='word_1_319' title='bbox 226 2410 250 2450; x_wconf 71' lang='grc' dir='ltr'><strong>ἀ</strong></span> <span class='ocrx_word' id='word_1_320' title='bbox 271 2415 322 2468; x_wconf 91' lang='lat' dir='ltr'><strong><em>in</em></strong></span> <span class='ocrx_word' id='word_1_321' title='bbox 352 2413 651 2468; x_wconf 78' lang='lat' dir='ltr'><strong><em>ﬁebeccam</em></strong></span> <span class='ocrx_word' id='word_1_322' title='bbox 684 2410 841 2483; x_wconf 84' lang='lat' dir='ltr'><strong><em>(Gen.</em></strong></span> <span class='ocrx_word' id='word_1_323' title='bbox 877 2409 1056 2483; x_wconf 76' lang='lat' dir='ltr'><strong><em>saw);</em></strong></span> <span class='ocrx_word' id='word_1_324' title='bbox 1088 2420 1142 2466; x_wconf 90' lang='lat' dir='ltr'><strong><em>et</em></strong></span> <span class='ocrx_word' id='word_1_325' title='bbox 1170 2412 1240 2467; x_wconf 90' lang='lat' dir='ltr'><strong><em>de</em></strong></span> <span class='ocrx_word' id='word_1_326' title='bbox 1261 2411 1462 2483; x_wconf 82' lang='lat' dir='ltr'><strong><em>Joseplt</em></strong></span> <span class='ocrx_word' id='word_1_327' title='bbox 1487 2427 1517 2467; x_wconf 90' lang='lat' dir='ltr'><strong><em>a</em></strong></span> <span class='ocrx_word' id='word_1_328' title='bbox 1541 2413 1800 2467; x_wconf 82' lang='lat' dir='ltr'><strong><em>fratribus</em></strong></span> 
     </span>
    </p>
   </div>
   <div class='ocr_carea' id='block_1_40' title="bbox 227 2502 1799 2574">
    <p class='ocr_par' dir='ltr' id='par_1_40' title="bbox 227 2502 1799 2574">
     <span class='ocr_line' id='line_1_40' title="bbox 227 2502 1799 2574; baseline -0.001 -14"><span class='ocrx_word' id='word_1_329' title='bbox 227 2504 460 2569; x_wconf 87' lang='lat' dir='ltr'><strong><em>vendito,</em></strong></span> <span class='ocrx_word' id='word_1_330' title='bbox 484 2518 714 2574; x_wconf 91' lang='lat' dir='ltr'><strong><em>quorum</em></strong></span> <span class='ocrx_word' id='word_1_331' title='bbox 749 2502 945 2557; x_wconf 87' lang='lat' dir='ltr'><strong><em>malam</em></strong></span> <span class='ocrx_word' id='word_1_332' title='bbox 977 2503 1309 2559; x_wconf 81' lang='lat' dir='ltr'><strong><em>voluntatem</em></strong></span> <span class='ocrx_word' id='word_1_333' title='bbox 1333 2504 1386 2557; x_wconf 91' lang='lat' dir='ltr'><strong><em>in</em></strong></span> <span class='ocrx_word' id='word_1_334' title='bbox 1419 2504 1616 2558; x_wconf 88' lang='lat' dir='ltr'><strong><em>bonum</em></strong></span> <span class='ocrx_word' id='word_1_335' title='bbox 1658 2503 1799 2559; x_wconf 90' lang='lat' dir='ltr'><strong><em>Deus</em></strong></span> 
     </span>
    </p>
   </div>
   <div class='ocr_carea' id='block_1_41' title="bbox 233 2592 1799 2667">
    <p class='ocr_par' dir='ltr' id='par_1_41' title="bbox 233 2592 1799 2667">
     <span class='ocr_line' id='line_1_41' title="bbox 233 2592 1799 2667; baseline -0.001 -15"><span class='ocrx_word' id='word_1_336' title='bbox 233 2607 255 2634; x_wconf 77' lang='grc' dir='ltr'><strong>ο</strong></span> <span class='ocrx_word' id='word_1_337' title='bbox 272 2598 487 2654; x_wconf 90' lang='lat' dir='ltr'><strong><em>verterit</em></strong></span> <span class='ocrx_word' id='word_1_338' title='bbox 502 2594 707 2667; x_wconf 83' lang='lat' dir='ltr'><strong><em>(Cenes.</em></strong></span> <span class='ocrx_word' id='word_1_339' title='bbox 731 2592 944 2666; x_wconf 80' lang='lat' dir='ltr'><strong>xxxvn)</strong></span> <span class='ocrx_word' id='word_1_340' title='bbox 963 2610 975 2648; x_wconf 93' lang='lat'>:</span> <span class='ocrx_word' id='word_1_341' title='bbox 992 2595 1224 2651; x_wconf 90' lang='lat' dir='ltr'><strong><em>recurrit</em></strong></span> <span class='ocrx_word' id='word_1_342' title='bbox 1246 2594 1313 2650; x_wconf 87' lang='lat' dir='ltr'><strong><em>ad</em></strong></span> <span class='ocrx_word' id='word_1_343' title='bbox 1334 2595 1799 2651; x_wconf 85' lang='lat' dir='ltr'><strong><em>conﬁrmationem</em></strong></span> 
     </span>
    </p>
   </div>
   <div class='ocr_carea' id='block_1_42' title="bbox 239 2686 1801 2759">
    <p class='ocr_par' dir='ltr' id='par_1_42' title="bbox 239 2686 1801 2759">
     <span class='ocr_line' id='line_1_42' title="bbox 239 2686 1801 2759; baseline 0.001 -16"><span class='ocrx_word' id='word_1_344' title='bbox 239 2688 559 2744; x_wconf 84' lang='lat' dir='ltr'><strong><em>deﬁnitionis</em></strong></span> <span class='ocrx_word' id='word_1_345' title='bbox 584 2702 718 2753; x_wconf 66' lang='lat' dir='ltr'><strong><em>suat,</em></strong></span> <span class='ocrx_word' id='word_1_346' title='bbox 747 2698 803 2741; x_wconf 91' lang='lat' dir='ltr'><strong><em>ut</em></strong></span> <span class='ocrx_word' id='word_1_347' title='bbox 831 2686 1060 2742; x_wconf 92' lang='lat' dir='ltr'><strong><em>liberum</em></strong></span> <span class='ocrx_word' id='word_1_348' title='bbox 1092 2687 1407 2755; x_wconf 89' lang='lat' dir='ltr'><strong><em>arbitrium,</em></strong></span> <span class='ocrx_word' id='word_1_349' title='bbox 1436 2688 1580 2757; x_wconf 90' lang='lat' dir='ltr'><strong><em>quod</em></strong></span> <span class='ocrx_word' id='word_1_350' title='bbox 1610 2688 1801 2759; x_wconf 85' lang='lat' dir='ltr'><strong><em>gratiae</em></strong></span> 
     </span>
    </p>
   </div>
   <div class='ocr_carea' id='block_1_43' title="bbox 240 2778 1795 2850">
    <p class='ocr_par' dir='ltr' id='par_1_43' title="bbox 240 2778 1795 2850">
     <span class='ocr_line' id='line_1_43' title="bbox 240 2778 1795 2850; baseline 0.001 -15"><span class='ocrx_word' id='word_1_351' title='bbox 240 2796 301 2835; x_wconf 89' lang='lat' dir='ltr'><strong><em>se</em></strong></span> <span class='ocrx_word' id='word_1_352' title='bbox 345 2779 467 2835; x_wconf 82' lang='lat' dir='ltr'><strong><em>dicit</em></strong></span> <span class='ocrx_word' id='word_1_353' title='bbox 507 2779 744 2849; x_wconf 76' lang='lat' dir='ltr'><strong><em>iungere,</em></strong></span> <span class='ocrx_word' id='word_1_354' title='bbox 783 2794 809 2832; x_wconf 89' lang='lat' dir='ltr'><strong>a</strong></span> <span class='ocrx_word' id='word_1_355' title='bbox 846 2788 1000 2849; x_wconf 88' lang='lat' dir='ltr'><strong><em>parte</em></strong></span> <span class='ocrx_word' id='word_1_356' title='bbox 1037 2779 1269 2850; x_wconf 87' lang='lat' dir='ltr'><strong><em>quadam</em></strong></span> <span class='ocrx_word' id='word_1_357' title='bbox 1308 2778 1526 2835; x_wconf 84' lang='lat' dir='ltr'><strong><em>humani</em></strong></span> <span class='ocrx_word' id='word_1_358' title='bbox 1560 2782 1795 2850; x_wconf 76' lang='lat' dir='ltr'><strong><em>generis,</em></strong></span> 
     </span>
    </p>
   </div>
   <div class='ocr_carea' id='block_1_44' title="bbox 244 2871 1799 2943">
    <p class='ocr_par' dir='ltr' id='par_1_44' title="bbox 244 2871 1799 2943">
     <span class='ocr_line' id='line_1_44' title="bbox 244 2871 1799 2943; baseline 0.001 -17"><span class='ocrx_word' id='word_1_359' title='bbox 244 2881 487 2942; x_wconf 90' lang='lat' dir='ltr'><strong><em>quantum</em></strong></span> <span class='ocrx_word' id='word_1_360' title='bbox 510 2873 561 2926; x_wconf 91' lang='lat' dir='ltr'><strong><em>in</em></strong></span> <span class='ocrx_word' id='word_1_361' title='bbox 586 2873 701 2941; x_wconf 92' lang='lat' dir='ltr'><strong><em>ipso</em></strong></span> <span class='ocrx_word' id='word_1_362' title='bbox 727 2882 827 2937; x_wconf 86' lang='lat' dir='ltr'><strong><em>est,</em></strong></span> <span class='ocrx_word' id='word_1_363' title='bbox 844 2872 1073 2939; x_wconf 88' lang='lat' dir='ltr'><strong><em>auferat,</em></strong></span> <span class='ocrx_word' id='word_1_364' title='bbox 1092 2880 1148 2927; x_wconf 88' lang='lat' dir='ltr'><strong><em>et</em></strong></span> <span class='ocrx_word' id='word_1_365' title='bbox 1169 2873 1221 2927; x_wconf 93' lang='lat' dir='ltr'><strong><em>in</em></strong></span> <span class='ocrx_word' id='word_1_366' title='bbox 1243 2871 1472 2943; x_wconf 88' lang='lat' dir='ltr'><strong><em>quadam</em></strong></span> <span class='ocrx_word' id='word_1_367' title='bbox 1498 2883 1650 2942; x_wconf 90' lang='lat' dir='ltr'><strong><em>parte</em></strong></span> <span class='ocrx_word' id='word_1_368' title='bbox 1669 2887 1799 2928; x_wconf 89' lang='lat' dir='ltr'><strong><em>con-</em></strong></span> 
     </span>
    </p>
   </div>
   <div class='ocr_carea' id='block_1_45' title="bbox 238 2964 1796 3038">
    <p class='ocr_par' dir='ltr' id='par_1_45' title="bbox 238 2964 1796 3038">
     <span class='ocr_line' id='line_1_45' title="bbox 238 2964 1796 3038; baseline -0.001 -19"><span class='ocrx_word' id='word_1_369' title='bbox 238 2966 437 3032; x_wconf 84' lang='lat' dir='ltr'><strong><em>stituat,</em></strong></span> <span class='ocrx_word' id='word_1_370' title='bbox 481 2965 663 3021; x_wconf 90' lang='lat' dir='ltr'><strong><em>dicens</em></strong></span> <span class='ocrx_word' id='word_1_371' title='bbox 696 2984 708 3017; x_wconf 88' lang='lat'>:</span> <span class='ocrx_word' id='word_1_372' title='bbox 743 2964 873 3020; x_wconf 72' lang='lat' dir='ltr'><strong><em>Haec</em></strong></span> <span class='ocrx_word' id='word_1_373' title='bbox 908 2968 1042 3021; x_wconf 89' lang='lat' dir='ltr'><strong><em>enim</em></strong></span> <span class='ocrx_word' id='word_1_374' title='bbox 1075 2967 1199 3032; x_wconf 91' lang='lat' dir='ltr'><strong><em>duo,</em></strong></span> <span class='ocrx_word' id='word_1_375' title='bbox 1231 2967 1284 3019; x_wconf 93' lang='lat' dir='ltr'><strong><em>id</em></strong></span> <span class='ocrx_word' id='word_1_376' title='bbox 1308 2976 1413 3034; x_wconf 90' lang='lat' dir='ltr'><strong><em>est,</em></strong></span> <span class='ocrx_word' id='word_1_377' title='bbox 1453 2964 1471 3003; x_wconf 71' lang='grc' dir='ltr'><em>τ</em></span> <span class='ocrx_word' id='word_1_378' title='bbox 1506 2966 1582 3020; x_wconf 82' lang='lat' dir='ltr'><strong><em>vel</em></strong></span> <span class='ocrx_word' id='word_1_379' title='bbox 1609 2966 1796 3038; x_wconf 84' lang='lat' dir='ltr'><strong><em>gratia,</em></strong></span> 
     </span>
    </p>
   </div>
   <div class='ocr_carea' id='block_1_46' title="bbox 232 3057 1801 3129">
    <p class='ocr_par' dir='ltr' id='par_1_46' title="bbox 232 3057 1801 3129">
     <span class='ocr_line' id='line_1_46' title="bbox 232 3057 1801 3129; baseline 0.002 -19"><span class='ocrx_word' id='word_1_380' title='bbox 232 3060 306 3111; x_wconf 84' lang='lat' dir='ltr'><strong><em>rel</em></strong></span> <span class='ocrx_word' id='word_1_381' title='bbox 339 3057 548 3114; x_wconf 85' lang='lat' dir='ltr'><strong><em>liberum</em></strong></span> <span class='ocrx_word' id='word_1_382' title='bbox 586 3059 887 3125; x_wconf 87' lang='lat' dir='ltr'><strong><em>arbitrium,</em></strong></span> <span class='ocrx_word' id='word_1_383' title='bbox 928 3060 1026 3113; x_wconf 89' lang='lat' dir='ltr'><strong><em>sibi</em></strong></span> <span class='ocrx_word' id='word_1_384' title='bbox 1068 3060 1272 3129; x_wconf 86' lang='lat' dir='ltr'><strong><em>quidem</em></strong></span> <span class='ocrx_word' id='word_1_385' title='bbox 1312 3060 1526 3114; x_wconf 89' lang='lat' dir='ltr'><strong><em>invicem</em></strong></span> <span class='ocrx_word' id='word_1_386' title='bbox 1563 3061 1801 3116; x_wconf 87' lang='lat' dir='ltr'><strong><em>videntur</em></strong></span> 
     </span>
    </p>
   </div>
   <div class='ocr_carea' id='block_1_47' title="bbox 227 3154 1803 3227">
    <p class='ocr_par' dir='ltr' id='par_1_47' title="bbox 227 3154 1803 3227">
     <span class='ocr_line' id='line_1_47' title="bbox 227 3154 1803 3227; baseline 0.003 -22"><span class='ocrx_word' id='word_1_387' title='bbox 227 3154 459 3218; x_wconf 80' lang='lat' dir='ltr'><strong><em>adversa;</em></strong></span> <span class='ocrx_word' id='word_1_388' title='bbox 488 3155 576 3206; x_wconf 88' lang='lat' dir='ltr'><strong><em>sed</em></strong></span> <span class='ocrx_word' id='word_1_389' title='bbox 604 3162 629 3199; x_wconf 78' lang='lat'><strong>8</strong></span> <span class='ocrx_word' id='word_1_390' title='bbox 660 3162 874 3224; x_wconf 86' lang='lat' dir='ltr'><strong><em>utraque</em></strong></span> <span class='ocrx_word' id='word_1_391' title='bbox 902 3155 1241 3220; x_wconf 86' lang='lat' dir='ltr'><strong><em>concordant,</em></strong></span> <span class='ocrx_word' id='word_1_392' title='bbox 1272 3164 1318 3209; x_wconf 89' lang='lat' dir='ltr'><strong><em>et</em></strong></span> <span class='ocrx_word' id='word_1_393' title='bbox 1349 3164 1565 3226; x_wconf 88' lang='lat' dir='ltr'><strong><em>utraque</em></strong></span> <span class='ocrx_word' id='word_1_394' title='bbox 1594 3172 1685 3210; x_wconf 90' lang='lat' dir='ltr'><strong><em>nos</em></strong></span> <span class='ocrx_word' id='word_1_395' title='bbox 1710 3173 1803 3227; x_wconf 82' lang='lat' dir='ltr'><strong><em>pa-</em></strong></span> 
     </span>
    </p>
   </div>
   <div class='ocr_carea' id='block_1_48' title="bbox 1901 1958 3484 2031">
    <p class='ocr_par' dir='ltr' id='par_1_48' title="bbox 1901 1958 3484 2031">
     <span class='ocr_line' id='line_1_48' title="bbox 1901 1958 3484 2031; baseline 0.002 -16"><span class='ocrx_word' id='word_1_396' title='bbox 1901 1958 2209 2015; x_wconf 89' lang='lat' dir='ltr'><strong><em>clesiastica</em></strong></span> <span class='ocrx_word' id='word_1_397' title='bbox 2247 1960 2431 2031; x_wconf 79' lang='lat' dir='ltr'><strong><em>regula</em></strong></span> <span class='ocrx_word' id='word_1_398' title='bbox 2476 1968 2558 2015; x_wconf 87' lang='lat' dir='ltr'><strong><em>est</em></strong></span> <span class='ocrx_word' id='word_1_399' title='bbox 2588 1978 2600 2014; x_wconf 92' lang='lat'>:</span> <span class='ocrx_word' id='word_1_400' title='bbox 2634 1971 2661 2011; x_wconf 79' lang='grc' dir='ltr'><strong><em>ιι</em></strong></span> <span class='ocrx_word' id='word_1_401' title='bbox 2688 1960 2819 2016; x_wconf 86' lang='lat' dir='ltr'><strong><em>Cum</em></strong></span> <span class='ocrx_word' id='word_1_402' title='bbox 2863 1962 3045 2016; x_wconf 87' lang='lat' dir='ltr'><strong><em>timore</em></strong></span> <span class='ocrx_word' id='word_1_403' title='bbox 3076 1972 3123 2017; x_wconf 88' lang='lat' dir='ltr'><strong><em>et</em></strong></span> <span class='ocrx_word' id='word_1_404' title='bbox 3160 1973 3375 2019; x_wconf 86' lang='lat' dir='ltr'><strong><em>tremore</em></strong></span> <span class='ocrx_word' id='word_1_405' title='bbox 3404 1983 3484 2018; x_wconf 83' lang='lat' dir='ltr'><strong><em>ve-</em></strong></span> 
     </span>
    </p>
   </div>
   <div class='ocr_carea' id='block_1_49' title="bbox 1898 2049 3485 2130">
    <p class='ocr_par' dir='ltr' id='par_1_49' title="bbox 1898 2049 3485 2130">
     <span class='ocr_line' id='line_1_49' title="bbox 1898 2049 3485 2130; baseline 0.003 -26"><span class='ocrx_word' id='word_1_406' title='bbox 1898 2058 2062 2104; x_wconf 87' lang='lat' dir='ltr'><strong><em>stram</em></strong></span> <span class='ocrx_word' id='word_1_407' title='bbox 2100 2050 2328 2120; x_wconf 78' lang='lat' dir='ltr'><strong><em>ipsorum</em></strong></span> <span class='ocrx_word' id='word_1_408' title='bbox 2366 2049 2580 2106; x_wconf 81' lang='lat' dir='ltr'><strong><em>salutem</em></strong></span> <span class='ocrx_word' id='word_1_409' title='bbox 2620 2053 2928 2124; x_wconf 69' lang='lat' dir='ltr'><strong><em>operamini.</em></strong></span> <span class='ocrx_word' id='word_1_410' title='bbox 2965 2050 3107 2107; x_wconf 81' lang='lat' dir='ltr'><strong><em>Deus</em></strong></span> <span class='ocrx_word' id='word_1_411' title='bbox 3138 2056 3274 2130; x_wconf 69' lang='lat' dir='ltr'><strong><em>enim</em></strong></span> <span class='ocrx_word' id='word_1_412' title='bbox 3301 2066 3374 2109; x_wconf 92' lang='lat' dir='ltr'><strong><em>est</em></strong></span> <span class='ocrx_word' id='word_1_413' title='bbox 3399 2058 3485 2127; x_wconf 87' lang='lat' dir='ltr'><strong><em>qui</em></strong></span> 
     </span>
    </p>
   </div>
   <div class='ocr_carea' id='block_1_50' title="bbox 1901 2130 3483 2219">
    <p class='ocr_par' dir='ltr' id='par_1_50' title="bbox 1901 2130 3483 2219">
     <span class='ocr_line' id='line_1_50' title="bbox 1901 2130 3483 2219; baseline 0.005 -22"><span class='ocrx_word' id='word_1_414' title='bbox 1901 2155 2139 2214; x_wconf 85' lang='lat' dir='ltr'><strong><em>aperatur</em></strong></span> <span class='ocrx_word' id='word_1_415' title='bbox 2170 2154 2199 2194; x_wconf 74' lang='grc' dir='ltr'>ιι</span> <span class='ocrx_word' id='word_1_416' title='bbox 2226 2146 2279 2199; x_wconf 87' lang='lat' dir='ltr'><strong><em>in</em></strong></span> <span class='ocrx_word' id='word_1_417' title='bbox 2309 2145 2455 2200; x_wconf 82' lang='lat' dir='ltr'><strong><em>nobis</em></strong></span> <span class='ocrx_word' id='word_1_418' title='bbox 2479 2160 2527 2200; x_wconf 85' lang='lat' dir='ltr'><strong><em>et</em></strong></span> <span class='ocrx_word' id='word_1_419' title='bbox 2552 2130 2685 2201; x_wconf 86' lang='lat' dir='ltr'><strong><em>velle</em></strong></span> <span class='ocrx_word' id='word_1_420' title='bbox 2707 2154 2757 2201; x_wconf 87' lang='lat' dir='ltr'><strong><em>et</em></strong></span> <span class='ocrx_word' id='word_1_421' title='bbox 2785 2136 2988 2219; x_wconf 85' lang='lat' dir='ltr'><strong><em>aperari</em></strong></span> <span class='ocrx_word' id='word_1_422' title='bbox 3016 2166 3108 2213; x_wconf 87' lang='lat' dir='ltr'><strong><em>pro</em></strong></span> <span class='ocrx_word' id='word_1_423' title='bbox 3132 2144 3264 2204; x_wconf 88' lang='lat' dir='ltr'><strong><em>bona</em></strong></span> <span class='ocrx_word' id='word_1_424' title='bbox 3297 2152 3483 2205; x_wconf 86' lang='lat' dir='ltr'><strong><em>volun-</em></strong></span> 
     </span>
    </p>
   </div>
   <div class='ocr_carea' id='block_1_51' title="bbox 1902 2236 3485 2311">
    <p class='ocr_par' dir='ltr' id='par_1_51' title="bbox 1902 2236 3485 2311">
     <span class='ocr_line' id='line_1_51' title="bbox 1902 2236 3485 2311; baseline 0.003 -20"><span class='ocrx_word' id='word_1_425' title='bbox 1902 2247 2004 2292; x_wconf 91' lang='lat' dir='ltr'><strong><em>tate</em></strong></span> <span class='ocrx_word' id='word_1_426' title='bbox 2032 2236 2268 2308; x_wconf 80' lang='lat' dir='ltr'><strong><em>(Philip.</em></strong></span> <span class='ocrx_word' id='word_1_427' title='bbox 2312 2254 2381 2303; x_wconf 80' lang='grc' dir='ltr'><strong><em>ιι,</em></strong></span> <span class='ocrx_word' id='word_1_428' title='bbox 2416 2236 2529 2309; x_wconf 73' lang='lat' dir='ltr'><strong><em>i2).</em></strong></span> <span class='ocrx_word' id='word_1_429' title='bbox 2565 2237 2946 2295; x_wconf 81' lang='lat' dir='ltr'><strong><em>Ecclesiastica</em></strong></span> <span class='ocrx_word' id='word_1_430' title='bbox 2980 2241 3163 2311; x_wconf 85' lang='lat' dir='ltr'><strong><em>regula</em></strong></span> <span class='ocrx_word' id='word_1_431' title='bbox 3202 2252 3328 2297; x_wconf 84' lang='lat' dir='ltr'><strong><em>est:</em></strong></span> <span class='ocrx_word' id='word_1_432' title='bbox 3362 2243 3485 2297; x_wconf 83' lang='lat' dir='ltr'><strong><em>Non</em></strong></span> 
     </span>
    </p>
   </div>
   <div class='ocr_carea' id='block_1_52' title="bbox 1899 2331 3487 2405">
    <p class='ocr_par' dir='ltr' id='par_1_52' title="bbox 1899 2331 3487 2405">
     <span class='ocr_line' id='line_1_52' title="bbox 1899 2331 3487 2405; baseline 0.004 -22"><span class='ocrx_word' id='word_1_433' title='bbox 1899 2331 2022 2401; x_wconf 87' lang='lat' dir='ltr'><strong><em>quia</em></strong></span> <span class='ocrx_word' id='word_1_434' title='bbox 2049 2331 2223 2385; x_wconf 87' lang='lat' dir='ltr'><strong><em>idonei</em></strong></span> <span class='ocrx_word' id='word_1_435' title='bbox 2251 2347 2429 2386; x_wconf 89' lang='lat' dir='ltr'><strong><em>sumus</em></strong></span> <span class='ocrx_word' id='word_1_436' title='bbox 2455 2333 2681 2405; x_wconf 86' lang='lat' dir='ltr'><strong><em>cogitare</em></strong></span> <span class='ocrx_word' id='word_1_437' title='bbox 2707 2331 2909 2402; x_wconf 88' lang='lat' dir='ltr'><strong><em>aliquid</em></strong></span> <span class='ocrx_word' id='word_1_438' title='bbox 2939 2343 2963 2371; x_wconf 83' lang='grc' dir='ltr'><strong><em>ι’</em></strong></span> <span class='ocrx_word' id='word_1_439' title='bbox 2990 2351 3022 2387; x_wconf 89' lang='lat' dir='ltr'><strong><em>a</em></strong></span> <span class='ocrx_word' id='word_1_440' title='bbox 3048 2335 3224 2403; x_wconf 90' lang='lat' dir='ltr'><strong><em>nobis,</em></strong></span> <span class='ocrx_word' id='word_1_441' title='bbox 3251 2338 3399 2405; x_wconf 85' lang='lat' dir='ltr'><strong><em>quasi</em></strong></span> <span class='ocrx_word' id='word_1_442' title='bbox 3423 2352 3487 2390; x_wconf 72' lang='lat' dir='ltr'><strong><em>ex</em></strong></span> 
     </span>
    </p>
   </div>
   <div class='ocr_carea' id='block_1_53' title="bbox 1900 2422 3481 2496">
    <p class='ocr_par' dir='ltr' id='par_1_53' title="bbox 1900 2422 3481 2496">
     <span class='ocr_line' id='line_1_53' title="bbox 1900 2422 3481 2496; baseline 0.003 -21"><span class='ocrx_word' id='word_1_443' title='bbox 1900 2422 2064 2488; x_wconf 86' lang='lat' dir='ltr'><strong><em>nobis,</em></strong></span> <span class='ocrx_word' id='word_1_444' title='bbox 2093 2424 2181 2477; x_wconf 91' lang='lat' dir='ltr'><strong><em>sed</em></strong></span> <span class='ocrx_word' id='word_1_445' title='bbox 2200 2423 2501 2492; x_wconf 62' lang='lat' dir='ltr'><strong><em>suﬁcientia</em></strong></span> <span class='ocrx_word' id='word_1_446' title='bbox 2528 2433 2704 2477; x_wconf 88' lang='lat' dir='ltr'><strong><em>nostra</em></strong></span> <span class='ocrx_word' id='word_1_447' title='bbox 2733 2440 2798 2479; x_wconf 76' lang='lat' dir='ltr'><strong><em>ea:</em></strong></span> <span class='ocrx_word' id='word_1_448' title='bbox 2826 2423 2932 2479; x_wconf 89' lang='lat' dir='ltr'><strong><em>Deo</em></strong></span> <span class='ocrx_word' id='word_1_449' title='bbox 2953 2435 3026 2479; x_wconf 86' lang='lat' dir='ltr'><strong><em>est</em></strong></span> <span class='ocrx_word' id='word_1_450' title='bbox 3046 2425 3122 2496; x_wconf 86' lang='grc'><strong><em>(11</em></strong></span> <span class='ocrx_word' id='word_1_451' title='bbox 3146 2425 3263 2481; x_wconf 87' lang='lat' dir='ltr'><strong><em>Cor.</em></strong></span> <span class='ocrx_word' id='word_1_452' title='bbox 3290 2442 3378 2494; x_wconf 84' lang='lat' dir='ltr'><strong><em>ttt,</em></strong></span> <span class='ocrx_word' id='word_1_453' title='bbox 3405 2427 3481 2495; x_wconf 84' lang='lat'><strong><em>5).</em></strong></span> 
     </span>
    </p>
   </div>
   <div class='ocr_carea' id='block_1_54' title="bbox 1901 2514 3486 2591">
    <p class='ocr_par' dir='ltr' id='par_1_54' title="bbox 1901 2514 3486 2591">
     <span class='ocr_line' id='line_1_54' title="bbox 1901 2514 3486 2591; baseline 0.002 -22"><span class='ocrx_word' id='word_1_454' title='bbox 1901 2514 2051 2570; x_wconf 84' lang='lat' dir='ltr'><strong><em>Hanc</em></strong></span> <span class='ocrx_word' id='word_1_455' title='bbox 2078 2515 2317 2585; x_wconf 87' lang='lat' dir='ltr'><strong><em>regulam</em></strong></span> <span class='ocrx_word' id='word_1_456' title='bbox 2349 2514 2525 2570; x_wconf 88' lang='lat' dir='ltr'><strong><em>ﬁrmat</em></strong></span> <span class='ocrx_word' id='word_1_457' title='bbox 2555 2523 2577 2551; x_wconf 81' lang='grc'><em>³</em></span> <span class='ocrx_word' id='word_1_458' title='bbox 2605 2516 2865 2572; x_wconf 88' lang='lat' dir='ltr'><strong><em>Dominus</em></strong></span> <span class='ocrx_word' id='word_1_459' title='bbox 2893 2517 3097 2585; x_wconf 90' lang='lat' dir='ltr'><strong><em>dicens,</em></strong></span> <span class='ocrx_word' id='word_1_460' title='bbox 3130 2518 3297 2573; x_wconf 87' lang='lat' dir='ltr'><strong><em>Nemo</em></strong></span> <span class='ocrx_word' id='word_1_461' title='bbox 3323 2530 3486 2591; x_wconf 83' lang='lat' dir='ltr'><strong><em>potest</em></strong></span> 
     </span>
    </p>
   </div>
   <div class='ocr_carea' id='block_1_55' title="bbox 1900 2605 3477 2693">
    <p class='ocr_par' dir='ltr' id='par_1_55' title="bbox 1900 2605 3477 2693">
     <span class='ocr_line' id='line_1_55' title="bbox 1900 2605 3477 2693; baseline 0.003 -33"><span class='ocrx_word' id='word_1_462' title='bbox 1900 2606 2070 2661; x_wconf 87' lang='lat' dir='ltr'><strong><em>venire</em></strong></span> <span class='ocrx_word' id='word_1_463' title='bbox 2092 2605 2160 2663; x_wconf 87' lang='lat' dir='ltr'><strong><em>ad</em></strong></span> <span class='ocrx_word' id='word_1_464' title='bbox 2187 2621 2299 2693; x_wconf 64' lang='lat' dir='ltr'><strong><em>me,</em></strong></span> <span class='ocrx_word' id='word_1_465' title='bbox 2330 2606 2430 2660; x_wconf 79' lang='lat' dir='ltr'><strong><em>nisi</em></strong></span> <span class='ocrx_word' id='word_1_466' title='bbox 2458 2606 2638 2660; x_wconf 87' lang='lat' dir='ltr'><strong><em>datum</em></strong></span> <span class='ocrx_word' id='word_1_467' title='bbox 2668 2608 2825 2689; x_wconf 66' lang='lat' dir='ltr'><strong><em>fuerit</em></strong></span> <span class='ocrx_word' id='word_1_468' title='bbox 2849 2609 2897 2662; x_wconf 90' lang='lat' dir='ltr'><strong><em>ei</em></strong></span> <span class='ocrx_word' id='word_1_469' title='bbox 2925 2625 2957 2661; x_wconf 90' lang='lat' dir='ltr'><strong><em>a</em></strong></span> <span class='ocrx_word' id='word_1_470' title='bbox 2978 2607 3270 2687; x_wconf 67' lang='lat' dir='ltr'><strong><em>Patremeo</em></strong></span> <span class='ocrx_word' id='word_1_471' title='bbox 3299 2608 3477 2665; x_wconf 81' lang='lat' dir='ltr'><strong><em>(Joan.</em></strong></span> 
     </span>
    </p>
   </div>
   <div class='ocr_carea' id='block_1_56' title="bbox 1899 2692 3485 2767">
    <p class='ocr_par' dir='ltr' id='par_1_56' title="bbox 1899 2692 3485 2767">
     <span class='ocr_line' id='line_1_56' title="bbox 1899 2692 3485 2767; baseline 0.001 -14"><span class='ocrx_word' id='word_1_472' title='bbox 1899 2713 1982 2763; x_wconf 80' lang='lat' dir='ltr'><strong><em>vr,</em></strong></span> <span class='ocrx_word' id='word_1_473' title='bbox 2008 2694 2100 2767; x_wconf 84' lang='lat'><strong><em>66)</em></strong></span> <span class='ocrx_word' id='word_1_474' title='bbox 2128 2716 2143 2753; x_wconf 89' lang='lat'><strong>:</strong></span> <span class='ocrx_word' id='word_1_475' title='bbox 2174 2707 2227 2752; x_wconf 89' lang='lat' dir='ltr'><strong><em>et</em></strong></span> <span class='ocrx_word' id='word_1_476' title='bbox 2244 2737 2259 2763; x_wconf 92' lang='lat'><strong><em>,</em></strong></span> <span class='ocrx_word' id='word_1_477' title='bbox 2286 2692 2451 2751; x_wconf 75' lang='lat' dir='ltr'><strong><em>omne</em></strong></span> <span class='ocrx_word' id='word_1_478' title='bbox 2478 2697 2616 2766; x_wconf 87' lang='lat' dir='ltr'><strong><em>quod</em></strong></span> <span class='ocrx_word' id='word_1_479' title='bbox 2640 2696 2735 2752; x_wconf 81' lang='lat' dir='ltr'><strong><em>dat</em></strong></span> <span class='ocrx_word' id='word_1_480' title='bbox 2756 2697 2885 2753; x_wconf 87' lang='lat' dir='ltr'><strong><em>mihi</em></strong></span> <span class='ocrx_word' id='word_1_481' title='bbox 2914 2699 3075 2754; x_wconf 84' lang='lat' dir='ltr'><strong><em>Pater</em></strong></span> <span class='ocrx_word' id='word_1_482' title='bbox 3099 2698 3120 2735; x_wconf 65' lang='grc' dir='ltr'>ί</span> <span class='ocrx_word' id='word_1_483' title='bbox 3151 2702 3283 2754; x_wconf 84' lang='lat' dir='ltr'><strong><em>venit</em></strong></span> <span class='ocrx_word' id='word_1_484' title='bbox 3308 2702 3377 2755; x_wconf 93' lang='lat' dir='ltr'><strong><em>ad</em></strong></span> <span class='ocrx_word' id='word_1_485' title='bbox 3405 2719 3485 2754; x_wconf 89' lang='lat' dir='ltr'><strong><em>me</em></strong></span> 
     </span>
    </p>
   </div>
   <div class='ocr_carea' id='block_1_57' title="bbox 1904 2784 3483 2867">
    <p class='ocr_par' dir='ltr' id='par_1_57' title="bbox 1904 2784 3483 2867">
     <span class='ocr_line' id='line_1_57' title="bbox 1904 2784 3483 2867; baseline 0.005 -26"><span class='ocrx_word' id='word_1_486' title='bbox 1904 2786 2066 2859; x_wconf 86' lang='lat' dir='ltr'><strong><em>(Ibid.</em></strong></span> <span class='ocrx_word' id='word_1_487' title='bbox 2085 2830 2101 2855; x_wconf 95' lang='lat'><strong><em>,</em></strong></span> <span class='ocrx_word' id='word_1_488' title='bbox 2130 2785 2222 2858; x_wconf 79' lang='grc'><strong><em>57)</em></strong></span> <span class='ocrx_word' id='word_1_489' title='bbox 2251 2804 2264 2843; x_wconf 92' lang='lat'><strong>:</strong></span> <span class='ocrx_word' id='word_1_490' title='bbox 2292 2796 2381 2855; x_wconf 89' lang='lat' dir='ltr'><strong><em>et,</em></strong></span> <span class='ocrx_word' id='word_1_491' title='bbox 2419 2788 2543 2843; x_wconf 87' lang='lat' dir='ltr'><strong><em>Sine</em></strong></span> <span class='ocrx_word' id='word_1_492' title='bbox 2574 2806 2655 2843; x_wconf 88' lang='lat' dir='ltr'><strong><em>me</em></strong></span> <span class='ocrx_word' id='word_1_493' title='bbox 2690 2789 2819 2843; x_wconf 81' lang='lat' dir='ltr'><strong><em>nihil</em></strong></span> <span class='ocrx_word' id='word_1_494' title='bbox 2852 2792 3061 2863; x_wconf 89' lang='lat' dir='ltr'><strong><em>potestis</em></strong></span> <span class='ocrx_word' id='word_1_495' title='bbox 3099 2784 3264 2863; x_wconf 79' lang='lat' dir='ltr'><strong><em>facere</em></strong></span> <span class='ocrx_word' id='word_1_496' title='bbox 3296 2793 3483 2867; x_wconf 81' lang='lat' dir='ltr'><strong><em>(Joan.</em></strong></span> 
     </span>
    </p>
   </div>
   <div class='ocr_carea' id='block_1_58' title="bbox 1900 2876 3484 2957">
    <p class='ocr_par' dir='ltr' id='par_1_58' title="bbox 1900 2876 3484 2957">
     <span class='ocr_line' id='line_1_58' title="bbox 1900 2876 3484 2957; baseline 0.005 -23"><span class='ocrx_word' id='word_1_497' title='bbox 1900 2894 1995 2947; x_wconf 76' lang='lat' dir='ltr'><strong><em>xv,</em></strong></span> <span class='ocrx_word' id='word_1_498' title='bbox 2024 2879 2080 2945; x_wconf 81' lang='lat'><strong><em>5,</em></strong></span> <span class='ocrx_word' id='word_1_499' title='bbox 2117 2876 2208 2951; x_wconf 74' lang='lat' dir='ltr'><strong><em>i6)</em></strong></span> <span class='ocrx_word' id='word_1_500' title='bbox 2242 2896 2255 2932; x_wconf 90' lang='lat'><strong>:</strong></span> <span class='ocrx_word' id='word_1_501' title='bbox 2289 2888 2363 2947; x_wconf 91' lang='lat' dir='ltr'><strong><em>et,</em></strong></span> <span class='ocrx_word' id='word_1_502' title='bbox 2395 2877 2519 2934; x_wconf 87' lang='lat' dir='ltr'><strong><em>Non</em></strong></span> <span class='ocrx_word' id='word_1_503' title='bbox 2548 2895 2634 2934; x_wconf 88' lang='lat' dir='ltr'><strong><em>vos</em></strong></span> <span class='ocrx_word' id='word_1_504' title='bbox 2663 2896 2741 2935; x_wconf 89' lang='lat' dir='ltr'><strong><em>me</em></strong></span> <span class='ocrx_word' id='word_1_505' title='bbox 2766 2882 3111 2952; x_wconf 90' lang='lat' dir='ltr'><strong><em>elegistis,sed</em></strong></span> <span class='ocrx_word' id='word_1_506' title='bbox 3132 2899 3223 2957; x_wconf 89' lang='lat' dir='ltr'><strong><em>ego</em></strong></span> <span class='ocrx_word' id='word_1_507' title='bbox 3248 2885 3375 2957; x_wconf 80' lang='lat' dir='ltr'><strong><em>elegi</em></strong></span> <span class='ocrx_word' id='word_1_508' title='bbox 3396 2902 3484 2942; x_wconf 90' lang='lat' dir='ltr'><strong><em>vos</em></strong></span> 
     </span>
    </p>
   </div>
   <div class='ocr_carea' id='block_1_59' title="bbox 1902 2969 3486 3043">
    <p class='ocr_par' dir='ltr' id='par_1_59' title="bbox 1902 2969 3486 3043">
     <span class='ocr_line' id='line_1_59' title="bbox 1902 2969 3486 3043; baseline 0.005 -19"><span class='ocrx_word' id='word_1_509' title='bbox 1902 2969 2055 3043; x_wconf 90' lang='lat' dir='ltr'><strong><em>(Luc.</em></strong></span> <span class='ocrx_word' id='word_1_510' title='bbox 2078 2986 2109 3024; x_wconf 72' lang='grc' dir='ltr'>ι</span> <span class='ocrx_word' id='word_1_511' title='bbox 2130 3011 2145 3036; x_wconf 85' lang='grc'><em>,</em></span> <span class='ocrx_word' id='word_1_512' title='bbox 2174 2970 2267 3041; x_wconf 84' lang='lat'><strong><em>22)</em></strong></span> <span class='ocrx_word' id='word_1_513' title='bbox 2294 2987 2309 3025; x_wconf 85' lang='lat'><strong>:</strong></span> <span class='ocrx_word' id='word_1_514' title='bbox 2338 2979 2414 3037; x_wconf 89' lang='lat' dir='ltr'><strong><em>et,</em></strong></span> <span class='ocrx_word' id='word_1_515' title='bbox 2448 2969 2613 3027; x_wconf 86' lang='lat' dir='ltr'><strong><em>Nemo</em></strong></span> <span class='ocrx_word' id='word_1_516' title='bbox 2641 2973 2777 3026; x_wconf 87' lang='lat' dir='ltr'><strong><em>novit</em></strong></span> <span class='ocrx_word' id='word_1_517' title='bbox 2806 2970 3024 3042; x_wconf 84' lang='lat' dir='ltr'><strong><em>Filium,</em></strong></span> <span class='ocrx_word' id='word_1_518' title='bbox 3054 2976 3151 3029; x_wconf 88' lang='lat' dir='ltr'><strong><em>nisi</em></strong></span> <span class='ocrx_word' id='word_1_519' title='bbox 3176 2975 3370 3043; x_wconf 85' lang='lat' dir='ltr'><strong><em>Pater;</em></strong></span> <span class='ocrx_word' id='word_1_520' title='bbox 3398 2994 3486 3032; x_wconf 84' lang='lat' dir='ltr'><strong><em>ne-</em></strong></span> 
     </span>
    </p>
   </div>
   <div class='ocr_carea' id='block_1_60' title="bbox 1901 3062 3486 3133">
    <p class='ocr_par' dir='ltr' id='par_1_60' title="bbox 1901 3062 3486 3133">
     <span class='ocr_line' id='line_1_60' title="bbox 1901 3062 3486 3133; baseline 0.004 -16"><span class='ocrx_word' id='word_1_521' title='bbox 1901 3080 1999 3133; x_wconf 84' lang='lat' dir='ltr'><strong><em>que</em></strong></span> <span class='ocrx_word' id='word_1_522' title='bbox 2029 3062 2240 3119; x_wconf 86' lang='lat' dir='ltr'><strong><em>Patrem</em></strong></span> <span class='ocrx_word' id='word_1_523' title='bbox 2266 3065 2381 3131; x_wconf 89' lang='lat' dir='ltr'><strong><em>quis</em></strong></span> <span class='ocrx_word' id='word_1_524' title='bbox 2409 3065 2575 3126; x_wconf 88' lang='lat' dir='ltr'><strong><em>novit,</em></strong></span> <span class='ocrx_word' id='word_1_525' title='bbox 2605 3064 2703 3118; x_wconf 87' lang='lat' dir='ltr'><strong><em>nisi</em></strong></span> <span class='ocrx_word' id='word_1_526' title='bbox 2732 3062 2927 3131; x_wconf 87' lang='lat' dir='ltr'><strong><em>Filius,</em></strong></span> <span class='ocrx_word' id='word_1_527' title='bbox 2956 3075 3006 3121; x_wconf 90' lang='lat' dir='ltr'><strong><em>et</em></strong></span> <span class='ocrx_word' id='word_1_528' title='bbox 3032 3068 3117 3121; x_wconf 89' lang='lat' dir='ltr'><strong><em>cui</em></strong></span> <span class='ocrx_word' id='word_1_529' title='bbox 3142 3069 3357 3123; x_wconf 82' lang='lat' dir='ltr'><strong><em>voluerit</em></strong></span> <span class='ocrx_word' id='word_1_530' title='bbox 3386 3066 3486 3123; x_wconf 82' lang='lat' dir='ltr'><strong><em>Fi-</em></strong></span> 
     </span>
    </p>
   </div>
   <div class='ocr_carea' id='block_1_61' title="bbox 1903 3153 3485 3231">
    <p class='ocr_par' dir='ltr' id='par_1_61' title="bbox 1903 3153 3485 3231">
     <span class='ocr_line' id='line_1_61' title="bbox 1903 3153 3485 3231; baseline 0.004 -21"><span class='ocrx_word' id='word_1_531' title='bbox 1903 3156 2004 3210; x_wconf 88' lang='lat' dir='ltr'><strong><em>lius</em></strong></span> <span class='ocrx_word' id='word_1_532' title='bbox 2028 3154 2251 3210; x_wconf 81' lang='lat' dir='ltr'><strong><em>revelare</em></strong></span> <span class='ocrx_word' id='word_1_533' title='bbox 2277 3153 2494 3229; x_wconf 78' lang='lat' dir='ltr'><strong><em>(Matth.</em></strong></span> <span class='ocrx_word' id='word_1_534' title='bbox 2519 3171 2598 3223; x_wconf 73' lang='grc' dir='ltr'><strong><em>ιι,</em></strong></span> <span class='ocrx_word' id='word_1_535' title='bbox 2618 3156 2740 3227; x_wconf 88' lang='lat'><strong>27):</strong></span> <span class='ocrx_word' id='word_1_536' title='bbox 2762 3165 2836 3223; x_wconf 89' lang='lat' dir='ltr'><strong><em>et,</em></strong></span> <span class='ocrx_word' id='word_1_537' title='bbox 2862 3156 3012 3212; x_wconf 88' lang='lat' dir='ltr'><strong><em>Sicut</em></strong></span> <span class='ocrx_word' id='word_1_538' title='bbox 3031 3157 3188 3214; x_wconf 80' lang='lat' dir='ltr'><strong><em>Pater</em></strong></span> <span class='ocrx_word' id='word_1_539' title='bbox 3214 3168 3241 3196; x_wconf 83' lang='grc' dir='ltr'><strong>ιι</strong></span> <span class='ocrx_word' id='word_1_540' title='bbox 3264 3162 3485 3231; x_wconf 82' lang='lat' dir='ltr'><strong><em>viviﬁcat</em></strong></span> 
     </span>
    </p>
   </div>
   <div class='ocr_carea' id='block_1_62' title="bbox 228 3242 3484 3322">
    <p class='ocr_par' dir='ltr' id='par_1_62' title="bbox 228 3242 3484 3322">
     <span class='ocr_line' id='line_1_62' title="bbox 228 3242 3484 3322; baseline 0.003 -24"><span class='ocrx_word' id='word_1_541' title='bbox 228 3246 346 3299; x_wconf 84' lang='lat' dir='ltr'><strong><em>riter</em></strong></span> <span class='ocrx_word' id='word_1_542' title='bbox 368 3246 545 3300; x_wconf 88' lang='lat' dir='ltr'><strong><em>debere</em></strong></span> <span class='ocrx_word' id='word_1_543' title='bbox 570 3242 601 3282; x_wconf 71' lang='grc' dir='ltr'>ιι</span> <span class='ocrx_word' id='word_1_544' title='bbox 626 3247 888 3315; x_wconf 85' lang='lat' dir='ltr'><strong><em>suscipere</em></strong></span> <span class='ocrx_word' id='word_1_545' title='bbox 912 3248 1117 3315; x_wconf 83' lang='lat' dir='ltr'><strong><em>pietatis</em></strong></span> <span class='ocrx_word' id='word_1_546' title='bbox 1144 3247 1345 3301; x_wconf 82' lang='lat' dir='ltr'><strong><em>ratione</em></strong></span> <span class='ocrx_word' id='word_1_547' title='bbox 1377 3248 1668 3318; x_wconf 88' lang='lat' dir='ltr'><strong><em>colligimus</em></strong></span> <span class='ocrx_word' id='word_1_548' title='bbox 1693 3263 1711 3300; x_wconf 90' lang='lat'><strong><em>:</em></strong></span> <span class='ocrx_word' id='word_1_549' title='bbox 1740 3263 1801 3301; x_wconf 87' lang='lat' dir='ltr'><strong><em>ne</em></strong></span> <span class='ocrx_word' id='word_1_550' title='bbox 1825 3244 1873 3310; x_wconf 87' lang='lat' dir='ltr'><strong><em>C</em></strong></span> <span class='ocrx_word' id='word_1_551' title='bbox 1902 3257 2154 3314; x_wconf 86' lang='lat' dir='ltr'><strong><em>mortuos,</em></strong></span> <span class='ocrx_word' id='word_1_552' title='bbox 2179 3249 2252 3301; x_wconf 90' lang='lat' dir='ltr'><strong><em>ita</em></strong></span> <span class='ocrx_word' id='word_1_553' title='bbox 2271 3256 2318 3301; x_wconf 90' lang='lat' dir='ltr'><strong><em>et</em></strong></span> <span class='ocrx_word' id='word_1_554' title='bbox 2340 3244 2513 3301; x_wconf 85' lang='lat' dir='ltr'><strong><em>Filius</em></strong></span> <span class='ocrx_word' id='word_1_555' title='bbox 2534 3264 2660 3316; x_wconf 87' lang='lat' dir='ltr'><strong><em>quos</em></strong></span> <span class='ocrx_word' id='word_1_556' title='bbox 2684 3247 2812 3316; x_wconf 88' lang='lat' dir='ltr'><strong><em>vult,</em></strong></span> <span class='ocrx_word' id='word_1_557' title='bbox 2836 3250 3055 3320; x_wconf 74' lang='lat' dir='ltr'><strong><em>vivi/icat</em></strong></span> <span class='ocrx_word' id='word_1_558' title='bbox 3080 3248 3258 3322; x_wconf 82' lang='lat' dir='ltr'><strong><em>(Joan.</em></strong></span> <span class='ocrx_word' id='word_1_559' title='bbox 3283 3267 3335 3317; x_wconf 83' lang='grc' dir='ltr'><strong><em>ν,</em></strong></span> <span class='ocrx_word' id='word_1_560' title='bbox 3356 3251 3484 3321; x_wconf 76' lang='lat' dir='ltr'><strong>2i):</strong></span> 
     </span>
    </p>
   </div>
   <div class='ocr_carea' id='block_1_63' title="bbox 226 3340 1796 3409">
    <p class='ocr_par' dir='ltr' id='par_1_63' title="bbox 226 3340 1796 3409">
     <span class='ocr_line' id='line_1_63' title="bbox 226 3340 1796 3409; baseline 0.003 -17"><span class='ocrx_word' id='word_1_561' title='bbox 226 3355 377 3393; x_wconf 85' lang='lat' dir='ltr'><strong><em>unum</em></strong></span> <span class='ocrx_word' id='word_1_562' title='bbox 404 3340 586 3393; x_wconf 81' lang='lat' dir='ltr'><strong><em>horum</em></strong></span> <span class='ocrx_word' id='word_1_563' title='bbox 624 3340 818 3393; x_wconf 77' lang='lat' dir='ltr'><strong><em>homini</em></strong></span> <span class='ocrx_word' id='word_1_564' title='bbox 853 3340 1240 3409; x_wconf 87' lang='lat' dir='ltr'><strong><em>subtrahentes,</em></strong></span> <span class='ocrx_word' id='word_1_565' title='bbox 1282 3341 1639 3397; x_wconf 75' lang='lat' dir='ltr'><strong><em>ecclesiasticae</em></strong></span> <span class='ocrx_word' id='word_1_566' title='bbox 1674 3342 1796 3409; x_wconf 75' lang='lat' dir='ltr'><strong><em>fidei</em></strong></span> 
     </span>
    </p>
   </div>
   <div class='ocr_carea' id='block_1_64' title="bbox 225 3432 1047 3502">
    <p class='ocr_par' dir='ltr' id='par_1_64' title="bbox 225 3432 1047 3502">
     <span class='ocr_line' id='line_1_64' title="bbox 225 3432 1047 3502; baseline 0.002 -17"><span class='ocrx_word' id='word_1_567' title='bbox 225 3434 440 3502; x_wconf 83' lang='lat' dir='ltr'><strong><em>regulam</em></strong></span> <span class='ocrx_word' id='word_1_568' title='bbox 465 3433 740 3488; x_wconf 75' lang='lat' dir='ltr'><strong><em>execuisse</em></strong></span> <span class='ocrx_word' id='word_1_569' title='bbox 764 3432 1047 3487; x_wconf 86' lang='lat' dir='ltr'><strong><em>videamur.</em></strong></span> 
     </span>
    </p>
   </div>
   <div class='ocr_carea' id='block_1_65' title="bbox 286 3524 1792 3595">
    <p class='ocr_par' dir='ltr' id='par_1_65' title="bbox 286 3524 1792 3595">
     <span class='ocr_line' id='line_1_65' title="bbox 286 3524 1792 3595; baseline 0.001 -16"><span class='ocrx_word' id='word_1_570' title='bbox 286 3525 339 3579; x_wconf 89' lang='lat'><strong><em>2.</em></strong></span> <span class='ocrx_word' id='word_1_571' title='bbox 368 3536 384 3563; x_wconf 80' lang='grc' dir='ltr'><strong><em>ι</em></strong></span> <span class='ocrx_word' id='word_1_572' title='bbox 413 3524 809 3580; x_wconf 64' lang='grc' dir='ltr'><strong><em>Εοειεεὶειεῑίοω</em></strong></span> <span class='ocrx_word' id='word_1_573' title='bbox 832 3524 953 3580; x_wconf 90' lang='lat' dir='ltr'><strong><em>ﬁdei</em></strong></span> <span class='ocrx_word' id='word_1_574' title='bbox 976 3526 1157 3595; x_wconf 88' lang='lat' dir='ltr'><strong><em>regula</em></strong></span> <span class='ocrx_word' id='word_1_575' title='bbox 1180 3535 1282 3594; x_wconf 89' lang='lat' dir='ltr'><strong><em>est,</em></strong></span> <span class='ocrx_word' id='word_1_576' title='bbox 1308 3526 1635 3595; x_wconf 63' lang='lat' dir='ltr'><strong><em>praedicante</em></strong></span> <span class='ocrx_word' id='word_1_577' title='bbox 1648 3527 1792 3595; x_wconf 79' lang='lat' dir='ltr'><strong><em>Apo-</em></strong></span> 
     </span>
    </p>
   </div>
   <div class='ocr_carea' id='block_1_66' title="bbox 224 3613 1795 3683">
    <p class='ocr_par' dir='ltr' id='par_1_66' title="bbox 224 3613 1795 3683">
     <span class='ocr_line' id='line_1_66' title="bbox 224 3613 1795 3683; baseline 0.001 -16"><span class='ocrx_word' id='word_1_578' title='bbox 224 3615 353 3670; x_wconf 89' lang='lat' dir='ltr'><strong><em>stolo</em></strong></span> <span class='ocrx_word' id='word_1_579' title='bbox 386 3633 397 3667; x_wconf 93' lang='lat'>:</span> <span class='ocrx_word' id='word_1_580' title='bbox 430 3613 602 3669; x_wconf 77' lang='lat' dir='ltr'><strong><em>Nemo</em></strong></span> <span class='ocrx_word' id='word_1_581' title='bbox 630 3622 793 3683; x_wconf 88' lang='lat' dir='ltr'><strong><em>potest</em></strong></span> <span class='ocrx_word' id='word_1_582' title='bbox 822 3614 990 3669; x_wconf 89' lang='lat' dir='ltr'><strong><em>dicere</em></strong></span> <span class='ocrx_word' id='word_1_583' title='bbox 1016 3614 1296 3670; x_wconf 89' lang='lat' dir='ltr'><strong><em>Dominum</em></strong></span> <span class='ocrx_word' id='word_1_584' title='bbox 1325 3615 1502 3671; x_wconf 71' lang='lat' dir='ltr'><strong><em>Iesum</em></strong></span> <span class='ocrx_word' id='word_1_585' title='bbox 1535 3619 1549 3667; x_wconf 83' lang='grc'><strong>1</strong></span> <span class='ocrx_word' id='word_1_586' title='bbox 1577 3657 1592 3683; x_wconf 82' lang='grc'><em>,</em></span> <span class='ocrx_word' id='word_1_587' title='bbox 1622 3617 1721 3671; x_wconf 89' lang='lat' dir='ltr'><strong><em>nisi</em></strong></span> <span class='ocrx_word' id='word_1_588' title='bbox 1741 3633 1795 3671; x_wconf 85' lang='lat' dir='ltr'><strong><em>tn</em></strong></span> 
     </span>
    </p>
   </div>
   <div class='ocr_carea' id='block_1_67' title="bbox 1900 3337 3486 3415">
    <p class='ocr_par' dir='ltr' id='par_1_67' title="bbox 1900 3337 3486 3415">
     <span class='ocr_line' id='line_1_67' title="bbox 1900 3337 3486 3415; baseline 0.001 -19"><span class='ocrx_word' id='word_1_589' title='bbox 1900 3348 1977 3407; x_wconf 87' lang='lat' dir='ltr'><strong><em>et,</em></strong></span> <span class='ocrx_word' id='word_1_590' title='bbox 2001 3338 2193 3394; x_wconf 89' lang='lat' dir='ltr'><strong><em>Beatus</em></strong></span> <span class='ocrx_word' id='word_1_591' title='bbox 2213 3356 2288 3406; x_wconf 88' lang='lat' dir='ltr'><strong><em>es,</em></strong></span> <span class='ocrx_word' id='word_1_592' title='bbox 2312 3338 2497 3396; x_wconf 83' lang='lat' dir='ltr'><strong><em>Simon</em></strong></span> <span class='ocrx_word' id='word_1_593' title='bbox 2521 3337 2776 3409; x_wconf 87' lang='lat' dir='ltr'><strong><em>Barjona,</em></strong></span> <span class='ocrx_word' id='word_1_594' title='bbox 2794 3341 3037 3411; x_wconf 86' lang='lat' dir='ltr'><strong><em>quoniam</em></strong></span> <span class='ocrx_word' id='word_1_595' title='bbox 3055 3358 3173 3398; x_wconf 87' lang='lat' dir='ltr'><strong><em>caro</em></strong></span> <span class='ocrx_word' id='word_1_596' title='bbox 3199 3353 3248 3397; x_wconf 91' lang='lat' dir='ltr'><strong><em>et</em></strong></span> <span class='ocrx_word' id='word_1_597' title='bbox 3275 3346 3486 3415; x_wconf 88' lang='lat' dir='ltr'><strong><em>sanguis</em></strong></span> 
     </span>
    </p>
   </div>
   <div class='ocr_carea' id='block_1_68' title="bbox 1900 3428 3487 3504">
    <p class='ocr_par' dir='ltr' id='par_1_68' title="bbox 1900 3428 3487 3504">
     <span class='ocr_line' id='line_1_68' title="bbox 1900 3428 3487 3504; baseline 0.001 -17"><span class='ocrx_word' id='word_1_598' title='bbox 1900 3448 2003 3487; x_wconf 89' lang='lat' dir='ltr'><strong><em>non</em></strong></span> <span class='ocrx_word' id='word_1_599' title='bbox 2042 3432 2282 3487; x_wconf 85' lang='lat' dir='ltr'><strong><em>revelavit</em></strong></span> <span class='ocrx_word' id='word_1_600' title='bbox 2327 3432 2451 3500; x_wconf 89' lang='lat' dir='ltr'><strong><em>tibi,</em></strong></span> <span class='ocrx_word' id='word_1_601' title='bbox 2490 3431 2579 3485; x_wconf 89' lang='lat' dir='ltr'><strong><em>sed</em></strong></span> <span class='ocrx_word' id='word_1_602' title='bbox 2622 3428 2784 3486; x_wconf 88' lang='lat' dir='ltr'><strong><em>Pater</em></strong></span> <span class='ocrx_word' id='word_1_603' title='bbox 2819 3448 2982 3502; x_wconf 83' lang='lat' dir='ltr'><strong><em>meus,</em></strong></span> <span class='ocrx_word' id='word_1_604' title='bbox 3032 3436 3123 3504; x_wconf 88' lang='lat' dir='ltr'><strong><em>qui</em></strong></span> <span class='ocrx_word' id='word_1_605' title='bbox 3161 3435 3215 3490; x_wconf 91' lang='lat' dir='ltr'><strong><em>in</em></strong></span> <span class='ocrx_word' id='word_1_606' title='bbox 3245 3436 3383 3489; x_wconf 78' lang='lat' dir='ltr'><strong><em>caelis</em></strong></span> <span class='ocrx_word' id='word_1_607' title='bbox 3412 3444 3487 3489; x_wconf 88' lang='lat' dir='ltr'><strong><em>est</em></strong></span> 
     </span>
    </p>
   </div>
   <div class='ocr_carea' id='block_1_69' title="bbox 1901 3525 2409 3597">
    <p class='ocr_par' dir='ltr' id='par_1_69' title="bbox 1901 3525 2409 3597">
     <span class='ocr_line' id='line_1_69' title="bbox 1901 3525 2409 3597; baseline -0.002 -18"><span class='ocrx_word' id='word_1_608' title='bbox 1901 3525 2121 3597; x_wconf 79' lang='lat' dir='ltr'><strong><em>(Matth.</em></strong></span> <span class='ocrx_word' id='word_1_609' title='bbox 2148 3541 2263 3591; x_wconf 78' lang='lat' dir='ltr'><strong><em>xvr,</em></strong></span> <span class='ocrx_word' id='word_1_610' title='bbox 2296 3525 2409 3596; x_wconf 82' lang='grc'>17).</span> 
     </span>
    </p>
   </div>
   <div class='ocr_carea' id='block_1_70' title="bbox 1972 3617 3480 3689">
    <p class='ocr_par' dir='ltr' id='par_1_70' title="bbox 1972 3617 3480 3689">
     <span class='ocr_line' id='line_1_70' title="bbox 1972 3617 3480 3689; baseline 0 -15"><span class='ocrx_word' id='word_1_611' title='bbox 1972 3620 2027 3675; x_wconf 76' lang='lat'><strong><em>3.</em></strong></span> <span class='ocrx_word' id='word_1_612' title='bbox 2064 3618 2175 3673; x_wconf 80' lang='lat' dir='ltr'><strong><em>Hac</em></strong></span> <span class='ocrx_word' id='word_1_613' title='bbox 2214 3618 2398 3689; x_wconf 88' lang='lat' dir='ltr'><strong><em>regula</em></strong></span> <span class='ocrx_word' id='word_1_614' title='bbox 2430 3619 2562 3674; x_wconf 87' lang='lat' dir='ltr'><strong><em>nulli</em></strong></span> <span class='ocrx_word' id='word_1_615' title='bbox 2599 3617 2876 3673; x_wconf 81' lang='lat' dir='ltr'><strong><em>hominum</em></strong></span> <span class='ocrx_word' id='word_1_616' title='bbox 2918 3619 3159 3675; x_wconf 82' lang='lat' dir='ltr'><strong><em>aufertur</em></strong></span> <span class='ocrx_word' id='word_1_617' title='bbox 3202 3621 3480 3686; x_wconf 80' lang='lat' dir='ltr'><strong><em>voluntas;</em></strong></span> 
     </span>
    </p>
   </div>
   <div class='ocr_carea' id='block_1_71' title="bbox 224 3707 3483 3780">
    <p class='ocr_par' dir='ltr' id='par_1_71' title="bbox 224 3707 3483 3780">
     <span class='ocr_line' id='line_1_71' title="bbox 224 3707 3483 3780; baseline 0.002 -19"><span class='ocrx_word' id='word_1_618' title='bbox 224 3707 415 3778; x_wconf 84' lang='lat' dir='ltr'><strong><em>Spiritu</em></strong></span> <span class='ocrx_word' id='word_1_619' title='bbox 443 3717 625 3763; x_wconf 85' lang='lat' dir='ltr'><strong><em>sancto</em></strong></span> <span class='ocrx_word' id='word_1_620' title='bbox 652 3708 671 3779; x_wconf 96' lang='lat'><strong><em>(</em></strong></span> <span class='ocrx_word' id='word_1_621' title='bbox 690 3708 708 3761; x_wconf 84' lang='grc' dir='ltr'><strong>Ι</strong></span> <span class='ocrx_word' id='word_1_622' title='bbox 738 3707 857 3764; x_wconf 91' lang='lat' dir='ltr'><strong><em>Cor.</em></strong></span> <span class='ocrx_word' id='word_1_623' title='bbox 883 3724 989 3774; x_wconf 77' lang='lat' dir='ltr'><strong><em>xu,</em></strong></span> <span class='ocrx_word' id='word_1_624' title='bbox 1022 3710 1105 3779; x_wconf 78' lang='lat'><strong>5).</strong></span> <span class='ocrx_word' id='word_1_625' title='bbox 1139 3707 1163 3746; x_wconf 75' lang='grc' dir='ltr'><strong><em>¹ι</em></strong></span> <span class='ocrx_word' id='word_1_626' title='bbox 1198 3710 1579 3767; x_wconf 82' lang='lat' dir='ltr'><strong><em>Ecclesiastica</em></strong></span> <span class='ocrx_word' id='word_1_627' title='bbox 1614 3710 1795 3780; x_wconf 88' lang='lat' dir='ltr'><strong><em>regula</em></strong></span> <span class='ocrx_word' id='word_1_628' title='bbox 1902 3709 2024 3779; x_wconf 91' lang='lat' dir='ltr'><strong><em>quia</em></strong></span> <span class='ocrx_word' id='word_1_629' title='bbox 2065 3710 2236 3764; x_wconf 87' lang='lat' dir='ltr'><strong><em>virtus</em></strong></span> <span class='ocrx_word' id='word_1_630' title='bbox 2268 3710 2455 3779; x_wconf 67' lang='lat' dir='ltr'><strong><em>gratiae</em></strong></span> <span class='ocrx_word' id='word_1_631' title='bbox 2485 3724 2593 3764; x_wconf 90' lang='lat' dir='ltr'><strong><em>non</em></strong></span> <span class='ocrx_word' id='word_1_632' title='bbox 2620 3708 2725 3764; x_wconf 80' lang='lat' dir='ltr'><strong><em>hoc</em></strong></span> <span class='ocrx_word' id='word_1_633' title='bbox 2758 3709 2811 3764; x_wconf 87' lang='lat' dir='ltr'><strong><em>lo</em></strong></span> <span class='ocrx_word' id='word_1_634' title='bbox 2838 3709 3202 3765; x_wconf 85' lang='lat' dir='ltr'><strong><em>voluntatibus</em></strong></span> <span class='ocrx_word' id='word_1_635' title='bbox 3227 3723 3483 3780; x_wconf 88' lang='lat' dir='ltr'><strong><em>operatur</em></strong></span> 
     </span>
    </p>
   </div>
   <div class='ocr_carea' id='block_1_72' title="bbox 223 3798 3483 3874">
    <p class='ocr_par' dir='ltr' id='par_1_72' title="bbox 223 3798 3483 3874">
     <span class='ocr_line' id='line_1_72' title="bbox 223 3798 3483 3874; baseline 0.001 -19"><span class='ocrx_word' id='word_1_636' title='bbox 223 3808 294 3855; x_wconf 84' lang='lat' dir='ltr'><strong><em>est</em></strong></span> <span class='ocrx_word' id='word_1_637' title='bbox 313 3817 324 3851; x_wconf 88' lang='lat'><strong>:</strong></span> <span class='ocrx_word' id='word_1_638' title='bbox 344 3798 672 3872; x_wconf 71' lang='lat' dir='ltr'><strong><em>Quidautem</em></strong></span> <span class='ocrx_word' id='word_1_639' title='bbox 692 3799 847 3856; x_wconf 86' lang='lat' dir='ltr'><strong><em>habes</em></strong></span> <span class='ocrx_word' id='word_1_640' title='bbox 867 3802 1004 3872; x_wconf 88' lang='lat' dir='ltr'><strong><em>quod</em></strong></span> <span class='ocrx_word' id='word_1_641' title='bbox 1026 3818 1127 3857; x_wconf 88' lang='lat' dir='ltr'><strong><em>non</em></strong></span> <span class='ocrx_word' id='word_1_642' title='bbox 1147 3802 1383 3872; x_wconf 81' lang='lat' dir='ltr'><strong><em>accepisti</em></strong></span> <span class='ocrx_word' id='word_1_643' title='bbox 1404 3803 1594 3874; x_wconf 85' lang='lat' dir='ltr'><strong><em>(lCor.</em></strong></span> <span class='ocrx_word' id='word_1_644' title='bbox 1614 3819 1688 3869; x_wconf 81' lang='lat' dir='ltr'><strong><em>tv,</em></strong></span> <span class='ocrx_word' id='word_1_645' title='bbox 1704 3801 1796 3874; x_wconf 85' lang='lat'><strong><em>7)?</em></strong></span> <span class='ocrx_word' id='word_1_646' title='bbox 1901 3808 1962 3855; x_wconf 91' lang='lat' dir='ltr'><strong><em>ut</em></strong></span> <span class='ocrx_word' id='word_1_647' title='bbox 1990 3813 2095 3855; x_wconf 92' lang='lat' dir='ltr'><strong><em>non</em></strong></span> <span class='ocrx_word' id='word_1_648' title='bbox 2125 3798 2263 3866; x_wconf 86' lang='lat' dir='ltr'><strong><em>sint,</em></strong></span> <span class='ocrx_word' id='word_1_649' title='bbox 2298 3799 2393 3855; x_wconf 83' lang='lat' dir='ltr'><strong><em>sed</em></strong></span> <span class='ocrx_word' id='word_1_650' title='bbox 2420 3806 2482 3854; x_wconf 90' lang='lat' dir='ltr'><strong><em>ut</em></strong></span> <span class='ocrx_word' id='word_1_651' title='bbox 2504 3812 2575 3856; x_wconf 79' lang='lat' dir='ltr'><strong><em>ex</em></strong></span> <span class='ocrx_word' id='word_1_652' title='bbox 2603 3800 2759 3855; x_wconf 82' lang='lat' dir='ltr'><strong><em>malis</em></strong></span> <span class='ocrx_word' id='word_1_653' title='bbox 2783 3799 2971 3868; x_wconf 64' lang='lat' dir='ltr'><strong><em>bonas,</em></strong></span> <span class='ocrx_word' id='word_1_654' title='bbox 3001 3809 3051 3856; x_wconf 92' lang='lat' dir='ltr'><strong><em>et</em></strong></span> <span class='ocrx_word' id='word_1_655' title='bbox 3079 3816 3145 3856; x_wconf 78' lang='lat' dir='ltr'><strong><em>ex</em></strong></span> <span class='ocrx_word' id='word_1_656' title='bbox 3173 3800 3483 3859; x_wconf 88' lang='lat' dir='ltr'><strong><em>inﬁdelibus</em></strong></span> 
     </span>
    </p>
   </div>
   <div class='ocr_carea' id='block_1_73' title="bbox 222 4012 3483 4088">
    <p class='ocr_par' dir='ltr' id='par_1_73' title="bbox 222 4012 3483 4088">
     <span class='ocr_line' id='line_1_73' title="bbox 222 4012 3483 4088; baseline 0.002 -20"><span class='ocrx_word' id='word_1_657' title='bbox 222 4015 330 4071; x_wconf 89' lang='lat' dir='ltr'><strong><em>liter</em></strong></span> <span class='ocrx_word' id='word_1_658' title='bbox 352 4018 536 4088; x_wconf 80' lang='lat' dir='ltr'><strong><em>legere</em></strong></span> <span class='ocrx_word' id='word_1_659' title='bbox 564 4024 650 4072; x_wconf 86' lang='lat' dir='ltr'><strong><em>est</em></strong></span> <span class='ocrx_word' id='word_1_660' title='bbox 677 4016 748 4088; x_wconf 83' lang='lat' dir='ltr'><strong><em>in</em></strong></span> <span class='ocrx_word' id='word_1_661' title='bbox 787 4015 1115 4072; x_wconf 90' lang='lat' dir='ltr'><strong><em>Coloniensi.</em></strong></span> <span class='ocrx_word' id='word_1_662' title='bbox 1153 4015 1252 4073; x_wconf 81' lang='lat' dir='ltr'><strong><em>Ms.</em></strong></span> <span class='ocrx_word' id='word_1_663' title='bbox 1278 4014 1413 4086; x_wconf 79' lang='lat' dir='ltr'><strong><em>Jol.,</em></strong></span> <span class='ocrx_word' id='word_1_664' title='bbox 1451 4024 1780 4086; x_wconf 87' lang='lat' dir='ltr'><strong><em>augmentum</em></strong></span> <span class='ocrx_word' id='word_1_665' title='bbox 1897 4015 2035 4069; x_wconf 86' lang='lat' dir='ltr'><strong><em>dunt</em></strong></span> <span class='ocrx_word' id='word_1_666' title='bbox 2053 4022 2256 4088; x_wconf 77' lang='lat' dir='ltr'><strong><em>autem,</em></strong></span> <span class='ocrx_word' id='word_1_667' title='bbox 2275 4012 2418 4088; x_wconf 87' lang='lat' dir='ltr'><strong><em>quod</em></strong></span> <span class='ocrx_word' id='word_1_668' title='bbox 2440 4027 2475 4088; x_wconf 82' lang='lat' dir='ltr'><strong><em>_a</em></strong></span> <span class='ocrx_word' id='word_1_669' title='bbox 2505 4014 2720 4088; x_wconf 59' lang='lat' dir='ltr'><strong><em>ceteris</em></strong></span> <span class='ocrx_word' id='word_1_670' title='bbox 2744 4013 2953 4070; x_wconf 86' lang='lat' dir='ltr'><strong><em>aberat.</em></strong></span> <span class='ocrx_word' id='word_1_671' title='bbox 2981 4015 3149 4088; x_wconf 68' lang='lat' dir='ltr'><strong><em>[idem</em></strong></span> <span class='ocrx_word' id='word_1_672' title='bbox 3178 4018 3399 4073; x_wconf 89' lang='lat' dir='ltr'><strong><em>codices</em></strong></span> <span class='ocrx_word' id='word_1_673' title='bbox 3426 4032 3483 4075; x_wconf 90' lang='lat' dir='ltr'><strong><em>et</em></strong></span> 
     </span>
    </p>
   </div>
   <div class='ocr_carea' id='block_1_74' title="bbox 219 4084 3484 4159">
    <p class='ocr_par' dir='ltr' id='par_1_74' title="bbox 219 4084 3484 4159">
     <span class='ocr_line' id='line_1_74' title="bbox 219 4084 3484 4159; baseline 0.002 -19"><span class='ocrx_word' id='word_1_674' title='bbox 219 4104 316 4142; x_wconf 74' lang='lat' dir='ltr'><strong><em>suc</em></strong></span> <span class='ocrx_word' id='word_1_675' title='bbox 335 4084 558 4143; x_wconf 61' lang='lat' dir='ltr'><strong><em>vot&#39;uerit</em></strong></span> <span class='ocrx_word' id='word_1_676' title='bbox 588 4087 900 4157; x_wconf 80' lang='lat' dir='ltr'><strong><em>deﬁnitionis</em></strong></span> <span class='ocrx_word' id='word_1_677' title='bbox 918 4097 1113 4159; x_wconf 86' lang='lat' dir='ltr'><strong><em>aptare.</em></strong></span> <span class='ocrx_word' id='word_1_678' title='bbox 1242 4158 1255 4159; x_wconf 18' lang='grc' dir='ltr'>ί</span> <span class='ocrx_word' id='word_1_679' title='bbox 1400 4084 1407 4086; x_wconf 10' lang='grc' dir='ltr'><em>ἡ</em></span> <span class='ocrx_word' id='word_1_680' title='bbox 1524 4084 1540 4086; x_wconf 60' lang='grc'>⁷</span> <span class='ocrx_word' id='word_1_681' title='bbox 1564 4157 1577 4159; x_wconf 27' lang='grc' dir='ltr'><strong>Α</strong></span> <span class='ocrx_word' id='word_1_682' title='bbox 1596 4157 1611 4159; x_wconf 95' lang='lat'>_</span> <span class='ocrx_word' id='word_1_683' title='bbox 1895 4101 2001 4159; x_wconf 88' lang='lat' dir='ltr'><strong><em>ms.</em></strong></span> <span class='ocrx_word' id='word_1_684' title='bbox 2031 4085 2221 4148; x_wconf 63' lang='grc' dir='ltr'><strong><em>(ἴοι-δ..</em></strong></span> <span class='ocrx_word' id='word_1_685' title='bbox 2249 4094 2305 4137; x_wconf 90' lang='lat' dir='ltr'><strong><em>ut</em></strong></span> <span class='ocrx_word' id='word_1_686' title='bbox 2334 4084 2623 4159; x_wconf 73' lang='lat' dir='ltr'><strong><em>sublimitas</em></strong></span> <span class='ocrx_word' id='word_1_687' title='bbox 2650 4085 2853 4139; x_wconf 87' lang='lat' dir='ltr'><strong><em>virtutis</em></strong></span> <span class='ocrx_word' id='word_1_688' title='bbox 2878 4088 2944 4139; x_wconf 85' lang='lat' dir='ltr'><strong><em>sit</em></strong></span> <span class='ocrx_word' id='word_1_689' title='bbox 2967 4085 3258 4159; x_wconf 83' lang='lat' dir='ltr'><strong><em>Dei,quod</em></strong></span> <span class='ocrx_word' id='word_1_690' title='bbox 3283 4090 3484 4158; x_wconf 76' lang='lat' dir='ltr'><strong><em>legitur</em></strong></span> 
     </span>
    </p>
   </div>
   <div class='ocr_carea' id='block_1_75' title="bbox 280 4155 3479 4228">
    <p class='ocr_par' dir='ltr' id='par_1_75' title="bbox 280 4155 3479 4228">
     <span class='ocr_line' id='line_1_75' title="bbox 280 4155 3479 4228; baseline 0 -14"><span class='ocrx_word' id='word_1_691' title='bbox 280 4167 305 4193; x_wconf 75' lang='grc'><strong><em>⁸·</em></strong></span> <span class='ocrx_word' id='word_1_692' title='bbox 335 4159 450 4214; x_wconf 90' lang='lat' dir='ltr'><strong><em>Sic.</em></strong></span> <span class='ocrx_word' id='word_1_693' title='bbox 493 4173 626 4213; x_wconf 85' lang='lat' dir='ltr'><strong><em>mss.</em></strong></span> <span class='ocrx_word' id='word_1_694' title='bbox 653 4155 847 4222; x_wconf 39' lang='lat' dir='ltr'><strong><em>&#39;Corb.,</em></strong></span> <span class='ocrx_word' id='word_1_695' title='bbox 890 4155 1096 4228; x_wconf 82' lang='lat' dir='ltr'><strong><em>Remig.</em></strong></span> <span class='ocrx_word' id='word_1_696' title='bbox 1137 4167 1193 4213; x_wconf 90' lang='lat' dir='ltr'><strong><em>et</em></strong></span> <span class='ocrx_word' id='word_1_697' title='bbox 1230 4158 1361 4223; x_wconf 82' lang='lat' dir='ltr'><strong><em>Jol.,</em></strong></span> <span class='ocrx_word' id='word_1_698' title='bbox 1404 4172 1527 4213; x_wconf 93' lang='lat' dir='ltr'><strong><em>cum</em></strong></span> <span class='ocrx_word' id='word_1_699' title='bbox 1563 4157 1704 4228; x_wconf 85' lang='lat' dir='ltr'><strong><em>Mog.</em></strong></span> <span class='ocrx_word' id='word_1_700' title='bbox 1737 4166 1791 4212; x_wconf 90' lang='lat' dir='ltr'><strong><em>et</em></strong></span> <span class='ocrx_word' id='word_1_701' title='bbox 1893 4158 1947 4211; x_wconf 90' lang='lat' dir='ltr'><strong><em>ln</em></strong></span> <span class='ocrx_word' id='word_1_702' title='bbox 1973 4165 2155 4211; x_wconf 79' lang='lat' dir='ltr'><strong><em>textu:</em></strong></span> <span class='ocrx_word' id='word_1_703' title='bbox 2189 4170 2284 4225; x_wconf 91' lang='lat' dir='ltr'><strong><em>pro</em></strong></span> <span class='ocrx_word' id='word_1_704' title='bbox 2304 4170 2412 4228; x_wconf 91' lang='lat' dir='ltr'><strong><em>qno</em></strong></span> <span class='ocrx_word' id='word_1_705' title='bbox 2435 4155 2679 4228; x_wconf 81' lang='lat' dir='ltr'><strong><em>Lugdun.</em></strong></span> <span class='ocrx_word' id='word_1_706' title='bbox 2704 4155 3257 4228; x_wconf 10' lang='lat' dir='ltr'><strong><em>etreolrecentio&#39;res,</em></strong></span> <span class='ocrx_word' id='word_1_707' title='bbox 3308 4155 3363 4213; x_wconf 72' lang='lat' dir='ltr'><strong><em>ut</em></strong></span> <span class='ocrx_word' id='word_1_708' title='bbox 3388 4178 3479 4215; x_wconf 65' lang='lat' dir='ltr'><strong><em>suo</em></strong></span> 
     </span>
    </p>
   </div>
   <div class='ocr_carea' id='block_1_76' title="bbox 221 4225 3479 4294">
    <p class='ocr_par' dir='ltr' id='par_1_76' title="bbox 221 4225 3479 4294">
     <span class='ocr_line' id='line_1_76' title="bbox 221 4225 3479 4294; baseline 0.002 -12"><span class='ocrx_word' id='word_1_709' title='bbox 221 4227 341 4285; x_wconf 73' lang='lat' dir='ltr'><strong><em>Ven.</em></strong></span> <span class='ocrx_word' id='word_1_710' title='bbox 373 4229 614 4294; x_wconf 79' lang='lat' dir='ltr'><strong><em>Reliqui,</em></strong></span> <span class='ocrx_word' id='word_1_711' title='bbox 643 4229 895 4293; x_wconf 88' lang='lat' dir='ltr'><strong><em>trahatur,</em></strong></span> <span class='ocrx_word' id='word_1_712' title='bbox 921 4239 969 4282; x_wconf 90' lang='lat' dir='ltr'><strong><em>et</em></strong></span> <span class='ocrx_word' id='word_1_713' title='bbox 994 4225 1154 4283; x_wconf 72' lang='lat' dir='ltr'><strong><em>invita</em></strong></span> <span class='ocrx_word' id='word_1_714' title='bbox 1182 4227 1539 4294; x_wconf 88' lang='lat' dir='ltr'><strong><em>compellatur.</em></strong></span> <span class='ocrx_word' id='word_1_715' title='bbox 1656 4225 1675 4228; x_wconf 65' lang='grc'>⁷</span> <span class='ocrx_word' id='word_1_716' title='bbox 1895 4228 2162 4281; x_wconf 88' lang='lat' dir='ltr'><strong><em>blimitatis</em></strong></span> <span class='ocrx_word' id='word_1_717' title='bbox 2200 4229 2266 4279; x_wconf 87' lang='lat' dir='ltr'><strong><em>sit</em></strong></span> <span class='ocrx_word' id='word_1_718' title='bbox 2306 4226 2504 4280; x_wconf 88' lang='lat' dir='ltr'><strong><em>virtutis</em></strong></span> <span class='ocrx_word' id='word_1_719' title='bbox 2544 4225 2659 4281; x_wconf 90' lang='lat' dir='ltr'><strong><em>Dei.</em></strong></span> <span class='ocrx_word' id='word_1_720' title='bbox 2702 4226 2984 4284; x_wconf 88' lang='lat' dir='ltr'><strong><em>Prioribus</em></strong></span> <span class='ocrx_word' id='word_1_721' title='bbox 3028 4231 3268 4286; x_wconf 87' lang='lat' dir='ltr'><strong><em>concinit</em></strong></span> <span class='ocrx_word' id='word_1_722' title='bbox 3298 4239 3479 4289; x_wconf 81' lang='lat' dir='ltr'><strong><em>textus</em></strong></span> 
     </span>
    </p>
   </div>
   <div class='ocr_carea' id='block_1_77' title="bbox 281 4297 2400 4369">
    <p class='ocr_par' dir='ltr' id='par_1_77' title="bbox 281 4297 2400 4369">
     <span class='ocr_line' id='line_1_77' title="bbox 281 4297 2400 4369; baseline -0 -15"><span class='ocrx_word' id='word_1_723' title='bbox 281 4300 305 4337; x_wconf 75' lang='grc' dir='ltr'>δ</span> <span class='ocrx_word' id='word_1_724' title='bbox 334 4300 483 4354; x_wconf 78' lang='lat' dir='ltr'><strong><em>Edit.</em></strong></span> <span class='ocrx_word' id='word_1_725' title='bbox 519 4297 712 4369; x_wconf 84' lang='lat' dir='ltr'><strong><em>Lugd..</em></strong></span> <span class='ocrx_word' id='word_1_726' title='bbox 744 4299 968 4365; x_wconf 82' lang='lat' dir='ltr'><strong><em>Lovan.,</em></strong></span> <span class='ocrx_word' id='word_1_727' title='bbox 998 4300 1167 4354; x_wconf 89' lang='lat' dir='ltr'><strong><em>Duac.</em></strong></span> <span class='ocrx_word' id='word_1_728' title='bbox 1190 4310 1245 4355; x_wconf 91' lang='lat' dir='ltr'><strong><em>et</em></strong></span> <span class='ocrx_word' id='word_1_729' title='bbox 1265 4301 1478 4367; x_wconf 89' lang='lat' dir='ltr'><strong><em>Colon.,</em></strong></span> <span class='ocrx_word' id='word_1_730' title='bbox 1500 4298 1729 4369; x_wconf 85' lang='lat' dir='ltr'><strong><em>subjicit.</em></strong></span> <span class='ocrx_word' id='word_1_731' title='bbox 1892 4297 2112 4354; x_wconf 66' lang='lat' dir='ltr'><strong><em>Graecus</em></strong></span> <span class='ocrx_word' id='word_1_732' title='bbox 2136 4298 2400 4364; x_wconf 80' lang='lat' dir='ltr'><strong><em>Apostoli.</em></strong></span> 
     </span>
    </p>
   </div>
   <div class='ocr_carea' id='block_1_78' title="bbox 284 4368 3475 4443">
    <p class='ocr_par' dir='ltr' id='par_1_78' title="bbox 284 4368 3475 4443">
     <span class='ocr_line' id='line_1_78' title="bbox 284 4368 3475 4443; baseline 0.002 -18"><span class='ocrx_word' id='word_1_733' title='bbox 284 4382 304 4443; x_wconf 66' lang='grc' dir='ltr'><strong><em>ξ</em></strong></span> <span class='ocrx_word' id='word_1_734' title='bbox 334 4370 489 4443; x_wconf 69' lang='grc' dir='ltr'><strong><em>βάίι.</em></strong></span> <span class='ocrx_word' id='word_1_735' title='bbox 513 4368 708 4443; x_wconf 57' lang='lat' dir='ltr'><strong><em>Lugd,</em></strong></span> <span class='ocrx_word' id='word_1_736' title='bbox 734 4370 959 4443; x_wconf 73' lang='lat' dir='ltr'><strong><em>Lovan.,</em></strong></span> <span class='ocrx_word' id='word_1_737' title='bbox 986 4371 1150 4443; x_wconf 78' lang='lat' dir='ltr'><strong><em>Duae.</em></strong></span> <span class='ocrx_word' id='word_1_738' title='bbox 1180 4371 1477 4443; x_wconf 78' lang='lat' dir='ltr'><strong><em>etColon.,</em></strong></span> <span class='ocrx_word' id='word_1_739' title='bbox 1503 4368 1781 4443; x_wconf 80' lang='lat' dir='ltr'><strong><em>Israelitis.</em></strong></span> <span class='ocrx_word' id='word_1_740' title='bbox 1890 4439 1911 4443; x_wconf 92' lang='lat'><strong><em>_</em></strong></span> <span class='ocrx_word' id='word_1_741' title='bbox 1962 4379 2000 4406; x_wconf 78' lang='grc' dir='ltr'>ω</span> <span class='ocrx_word' id='word_1_742' title='bbox 2035 4369 2393 4443; x_wconf 61' lang='lat' dir='ltr'><strong><em>litecjterum</em></strong></span> <span class='ocrx_word' id='word_1_743' title='bbox 2429 4368 2698 4443; x_wconf 75' lang='lat' dir='ltr'><strong><em>sententia</em></strong></span> <span class='ocrx_word' id='word_1_744' title='bbox 2726 4370 2903 4443; x_wconf 83' lang='lat' dir='ltr'><strong><em>omnis</em></strong></span> <span class='ocrx_word' id='word_1_745' title='bbox 2947 4370 3100 4427; x_wconf 85' lang='lat' dir='ltr'><strong><em>abest</em></strong></span> <span class='ocrx_word' id='word_1_746' title='bbox 3135 4389 3167 4427; x_wconf 73' lang='grc' dir='ltr'><strong>ει</strong></span> <span class='ocrx_word' id='word_1_747' title='bbox 3202 4373 3370 4443; x_wconf 88' lang='lat' dir='ltr'><strong><em>Lugd.</em></strong></span> <span class='ocrx_word' id='word_1_748' title='bbox 3418 4372 3475 4430; x_wconf 90' lang='lat' dir='ltr'><strong><em>ln</em></strong></span> 
     </span>
    </p>
   </div>
   <div class='ocr_carea' id='block_1_79' title="bbox 277 4436 3475 4512">
    <p class='ocr_par' dir='ltr' id='par_1_79' title="bbox 277 4436 3475 4512">
     <span class='ocr_line' id='line_1_79' title="bbox 277 4436 3475 4512; baseline 0.002 -17"><span class='ocrx_word' id='word_1_749' title='bbox 277 4436 302 4476; x_wconf 70' lang='grc' dir='ltr'><em>ά</em></span> <span class='ocrx_word' id='word_1_750' title='bbox 332 4441 409 4495; x_wconf 86' lang='lat' dir='ltr'><strong>Ita</strong></span> <span class='ocrx_word' id='word_1_751' title='bbox 458 4436 810 4512; x_wconf 40' lang='lat' dir='ltr'><strong><em>mssJCorbq</em></strong></span> <span class='ocrx_word' id='word_1_752' title='bbox 842 4440 1055 4512; x_wconf 76' lang='lat' dir='ltr'><strong><em>Remig.</em></strong></span> <span class='ocrx_word' id='word_1_753' title='bbox 1092 4450 1149 4497; x_wconf 92' lang='lat' dir='ltr'><strong><em>et</em></strong></span> <span class='ocrx_word' id='word_1_754' title='bbox 1174 4440 1462 4505; x_wconf 82' lang='lat' dir='ltr'><strong><em>Joliensis,</em></strong></span> <span class='ocrx_word' id='word_1_755' title='bbox 1492 4456 1613 4512; x_wconf 77' lang='lat' dir='ltr'><strong><em>cum</em></strong></span> <span class='ocrx_word' id='word_1_756' title='bbox 1646 4441 1781 4494; x_wconf 89' lang='lat' dir='ltr'><strong><em>edit.</em></strong></span> <span class='ocrx_word' id='word_1_757' title='bbox 1888 4439 2094 4495; x_wconf 83' lang='lat' dir='ltr'><strong><em>Lovan.</em></strong></span> <span class='ocrx_word' id='word_1_758' title='bbox 2118 4440 2331 4512; x_wconf 78' lang='lat' dir='ltr'><strong><em>,Duac.</em></strong></span> <span class='ocrx_word' id='word_1_759' title='bbox 2360 4448 2413 4493; x_wconf 92' lang='lat' dir='ltr'><strong><em>et</em></strong></span> <span class='ocrx_word' id='word_1_760' title='bbox 2442 4440 2629 4512; x_wconf 77' lang='lat' dir='ltr'><strong><em>Colon.</em></strong></span> <span class='ocrx_word' id='word_1_761' title='bbox 2654 4484 2667 4507; x_wconf 87' lang='lat'><strong><em>,</em></strong></span> <span class='ocrx_word' id='word_1_762' title='bbox 2702 4440 2853 4512; x_wconf 78' lang='lat' dir='ltr'><strong><em>abest</em></strong></span> <span class='ocrx_word' id='word_1_763' title='bbox 2884 4456 2986 4495; x_wconf 82' lang='lat' dir='ltr'><strong><em>vox</em></strong></span> <span class='ocrx_word' id='word_1_764' title='bbox 3014 4449 3167 4512; x_wconf 82' lang='lat' dir='ltr'><strong><em>forte.</em></strong></span> <span class='ocrx_word' id='word_1_765' title='bbox 3203 4436 3328 4498; x_wconf 69' lang='lat' dir='ltr'><strong><em>Mss.</em></strong></span> <span class='ocrx_word' id='word_1_766' title='bbox 3365 4446 3475 4500; x_wconf 75' lang='lat' dir='ltr'><strong><em>Re-</em></strong></span> 
     </span>
    </p>
   </div>
   <div class='ocr_carea' id='block_1_80' title="bbox 1889 4510 3473 4585">
    <p class='ocr_par' dir='ltr' id='par_1_80' title="bbox 1889 4510 3473 4585">
     <span class='ocr_line' id='line_1_80' title="bbox 1889 4510 3473 4585; baseline 0.003 -19"><span class='ocrx_word' id='word_1_767' title='bbox 1889 4510 2230 4585; x_wconf 75' lang='lat' dir='ltr'><strong><em>mig._e_t_Jol.</em></strong></span> <span class='ocrx_word' id='word_1_768' title='bbox 2265 4524 2361 4585; x_wconf 80' lang='lat' dir='ltr'><strong><em>pro</em></strong></span> <span class='ocrx_word' id='word_1_769' title='bbox 2386 4511 2569 4585; x_wconf 72' lang='lat' dir='ltr'><strong><em>saluati</em></strong></span> <span class='ocrx_word' id='word_1_770' title='bbox 2596 4512 2739 4567; x_wconf 90' lang='lat' dir='ltr'><strong><em>estis.</em></strong></span> <span class='ocrx_word' id='word_1_771' title='bbox 2770 4510 2987 4576; x_wconf 85' lang='lat' dir='ltr'><strong><em>habent,</em></strong></span> <span class='ocrx_word' id='word_1_772' title='bbox 3016 4510 3150 4567; x_wconf 83' lang='lat' dir='ltr'><strong><em>salvi</em></strong></span> <span class='ocrx_word' id='word_1_773' title='bbox 3180 4516 3305 4585; x_wconf 81' lang='lat' dir='ltr'><strong><em>facti</em></strong></span> <span class='ocrx_word' id='word_1_774' title='bbox 3331 4518 3473 4571; x_wconf 77' lang='lat' dir='ltr'><strong><em>estis.</em></strong></span> 
     </span>
    </p>
   </div>
   <div class='ocr_carea' id='block_1_81' title="bbox 1958 4580 2779 4651">
    <p class='ocr_par' dir='ltr' id='par_1_81' title="bbox 1958 4580 2779 4651">
     <span class='ocr_line' id='line_1_81' title="bbox 1958 4580 2779 4651; baseline 0 -16"><span class='ocrx_word' id='word_1_775' title='bbox 1958 4590 1987 4618; x_wconf 76' lang='grc' dir='ltr'><strong>ιι</strong></span> <span class='ocrx_word' id='word_1_776' title='bbox 2020 4581 2163 4635; x_wconf 87' lang='lat' dir='ltr'><strong><em>Edit.</em></strong></span> <span class='ocrx_word' id='word_1_777' title='bbox 2193 4580 2386 4651; x_wconf 55' lang='lat' dir='ltr'><strong><em>Lugd,</em></strong></span> <span class='ocrx_word' id='word_1_778' title='bbox 2410 4581 2562 4651; x_wconf 83' lang='lat' dir='ltr'><strong><em>nobis</em></strong></span> <span class='ocrx_word' id='word_1_779' title='bbox 2590 4592 2779 4635; x_wconf 90' lang='lat' dir='ltr'><strong><em>autem.</em></strong></span> 
     </span>
    </p>
   </div>
   <div class='ocr_carea' id='block_1_82' title="bbox 1963 4650 3474 4719">
    <p class='ocr_par' dir='ltr' id='par_1_82' title="bbox 1963 4650 3474 4719">
     <span class='ocr_line' id='line_1_82' title="bbox 1963 4650 3474 4719; baseline 0.005 -14"><span class='ocrx_word' id='word_1_780' title='bbox 1963 4662 1987 4688; x_wconf 90' lang='grc' dir='ltr'>ο</span> <span class='ocrx_word' id='word_1_781' title='bbox 2018 4652 2092 4706; x_wconf 90' lang='lat' dir='ltr'><strong><em>Ita</em></strong></span> <span class='ocrx_word' id='word_1_782' title='bbox 2132 4650 2462 4706; x_wconf 32' lang='lat' dir='ltr'><strong><em>mss.’Corb.</em></strong></span> <span class='ocrx_word' id='word_1_783' title='bbox 2506 4666 2627 4705; x_wconf 90' lang='lat' dir='ltr'><strong><em>cum</em></strong></span> <span class='ocrx_word' id='word_1_784' title='bbox 2664 4652 2793 4705; x_wconf 90' lang='lat' dir='ltr'><strong><em>edit.</em></strong></span> <span class='ocrx_word' id='word_1_785' title='bbox 2829 4653 3068 4719; x_wconf 77' lang='lat' dir='ltr'><strong><em>Mogunt.</em></strong></span> <span class='ocrx_word' id='word_1_786' title='bbox 3112 4665 3167 4709; x_wconf 91' lang='lat' dir='ltr'><strong><em>et</em></strong></span> <span class='ocrx_word' id='word_1_787' title='bbox 3198 4657 3334 4713; x_wconf 83' lang='lat' dir='ltr'><strong><em>Ven.</em></strong></span> <span class='ocrx_word' id='word_1_788' title='bbox 3375 4659 3474 4713; x_wconf 88' lang='lat' dir='ltr'><strong><em>Ms.</em></strong></span> 
     </span>
    </p>
   </div>
   <div class='ocr_carea' id='block_1_83' title="bbox 282 4720 3471 4796">
    <p class='ocr_par' dir='ltr' id='par_1_83' title="bbox 282 4720 3471 4796">
     <span class='ocr_line' id='line_1_83' title="bbox 282 4720 3471 4796; baseline 0.002 -19"><span class='ocrx_word' id='word_1_789' title='bbox 282 4731 305 4796; x_wconf 64' lang='grc' dir='ltr'>ς</span> <span class='ocrx_word' id='word_1_790' title='bbox 335 4723 436 4796; x_wconf 68' lang='lat' dir='ltr'><strong><em>Ms.</em></strong></span> <span class='ocrx_word' id='word_1_791' title='bbox 460 4723 718 4796; x_wconf 75' lang='lat' dir='ltr'><strong><em>Juliensis</em></strong></span> <span class='ocrx_word' id='word_1_792' title='bbox 744 4738 864 4778; x_wconf 88' lang='lat' dir='ltr'><strong><em>cum</em></strong></span> <span class='ocrx_word' id='word_1_793' title='bbox 884 4720 1042 4796; x_wconf 79' lang='lat' dir='ltr'><strong><em>_edit.</em></strong></span> <span class='ocrx_word' id='word_1_794' title='bbox 1073 4724 1307 4796; x_wconf 82' lang='lat' dir='ltr'><strong><em>Mogunt.</em></strong></span> <span class='ocrx_word' id='word_1_795' title='bbox 1338 4720 1582 4786; x_wconf 54' lang='lat' dir='ltr'><strong><em>et&#39;Ven.,</em></strong></span> <span class='ocrx_word' id='word_1_796' title='bbox 1616 4724 1784 4796; x_wconf 86' lang='lat' dir='ltr'><strong><em>vertit.</em></strong></span> <span class='ocrx_word' id='word_1_797' title='bbox 1888 4722 2199 4796; x_wconf 34' lang='lat' dir='ltr'><strong><em>ioliensis,‘</em></strong></span> <span class='ocrx_word' id='word_1_798' title='bbox 2222 4720 2371 4796; x_wconf 60' lang='lat' dir='ltr'><strong><em>Vobis</em></strong></span> <span class='ocrx_word' id='word_1_799' title='bbox 2401 4721 2540 4796; x_wconf 77' lang='lat' dir='ltr'><strong><em>enim</em></strong></span> <span class='ocrx_word' id='word_1_800' title='bbox 2575 4722 2826 4776; x_wconf 89' lang='lat' dir='ltr'><strong><em>donatum</em></strong></span> <span class='ocrx_word' id='word_1_801' title='bbox 2865 4733 2938 4796; x_wconf 80' lang='lat' dir='ltr'><strong><em>est</em></strong></span> <span class='ocrx_word' id='word_1_802' title='bbox 2978 4743 3070 4796; x_wconf 84' lang='lat' dir='ltr'><strong><em>pro</em></strong></span> <span class='ocrx_word' id='word_1_803' title='bbox 3109 4724 3332 4781; x_wconf 87' lang='lat' dir='ltr'><strong><em>Christo.</em></strong></span> <span class='ocrx_word' id='word_1_804' title='bbox 3374 4729 3471 4783; x_wconf 87' lang='lat' dir='ltr'><strong><em>Ms.</em></strong></span> 
     </span>
    </p>
   </div>
   <div class='ocr_carea' id='block_1_84' title="bbox 285 4791 3477 4866">
    <p class='ocr_par' dir='ltr' id='par_1_84' title="bbox 285 4791 3477 4866">
     <span class='ocr_line' id='line_1_84' title="bbox 285 4791 3477 4866; baseline 0.001 -18"><span class='ocrx_word' id='word_1_805' title='bbox 285 4791 304 4866; x_wconf 52' lang='grc' dir='ltr'><em>ἵ</em></span> <span class='ocrx_word' id='word_1_806' title='bbox 337 4794 485 4849; x_wconf 83' lang='lat' dir='ltr'><strong><em>Edit.</em></strong></span> <span class='ocrx_word' id='word_1_807' title='bbox 531 4793 767 4866; x_wconf 65' lang='lat' dir='ltr'><strong><em>Mogunt.</em></strong></span> <span class='ocrx_word' id='word_1_808' title='bbox 806 4802 861 4847; x_wconf 73' lang='lat' dir='ltr'><strong><em>et</em></strong></span> <span class='ocrx_word' id='word_1_809' title='bbox 884 4792 1040 4860; x_wconf 85' lang='lat' dir='ltr'><strong><em>Ven.,</em></strong></span> <span class='ocrx_word' id='word_1_810' title='bbox 1082 4794 1137 4847; x_wconf 87' lang='lat' dir='ltr'><strong><em>id</em></strong></span> <span class='ocrx_word' id='word_1_811' title='bbox 1163 4791 1267 4866; x_wconf 48' lang='lat' dir='ltr'><strong><em>&#39;est</em></strong></span> <span class='ocrx_word' id='word_1_812' title='bbox 1289 4796 1457 4863; x_wconf 85' lang='lat' dir='ltr'><strong><em>gratia</em></strong></span> <span class='ocrx_word' id='word_1_813' title='bbox 1497 4804 1545 4848; x_wconf 92' lang='lat' dir='ltr'><strong><em>et</em></strong></span> <span class='ocrx_word' id='word_1_814' title='bbox 1571 4794 1785 4848; x_wconf 89' lang='lat' dir='ltr'><strong><em>liberum</em></strong></span> <span class='ocrx_word' id='word_1_815' title='bbox 1817 4836 1867 4866; x_wconf 66' lang='grc' dir='ltr'>η</span> <span class='ocrx_word' id='word_1_816' title='bbox 1890 4793 2124 4866; x_wconf 77' lang='lat' dir='ltr'><strong><em>Bemig.,</em></strong></span> <span class='ocrx_word' id='word_1_817' title='bbox 2156 4792 2312 4847; x_wconf 83' lang='lat' dir='ltr'><strong><em>Vobis</em></strong></span> <span class='ocrx_word' id='word_1_818' title='bbox 2330 4793 2461 4866; x_wconf 74' lang='lat' dir='ltr'><strong><em>enim</em></strong></span> <span class='ocrx_word' id='word_1_819' title='bbox 2477 4792 2869 4866; x_wconf 64' lang='lat' dir='ltr'><strong><em>donatumesta</em></strong></span> <span class='ocrx_word' id='word_1_820' title='bbox 2891 4791 3113 4849; x_wconf 82' lang='lat' dir='ltr'><strong><em>Christo.</em></strong></span> <span class='ocrx_word' id='word_1_821' title='bbox 3140 4796 3340 4866; x_wconf 87' lang='lat' dir='ltr'><strong><em>Lngd.,</em></strong></span> <span class='ocrx_word' id='word_1_822' title='bbox 3373 4798 3477 4852; x_wconf 80' lang='lat' dir='ltr'><strong><em>Vo-</em></strong></span> 
     </span>
    </p>
   </div>
   <div class='ocr_carea' id='block_1_85' title="bbox 216 4836 3469 4936">
    <p class='ocr_par' dir='ltr' id='par_1_85' title="bbox 216 4836 3469 4936">
     <span class='ocr_line' id='line_1_85' title="bbox 216 4836 3469 4936; baseline 0.002 -21"><span class='ocrx_word' id='word_1_823' title='bbox 216 4836 503 4919; x_wconf 64' lang='grc' dir='ltr'><strong><em>ατιειῆἶὶἇᾶ.</em></strong></span> <span class='ocrx_word' id='word_1_824' title='bbox 531 4836 883 4932; x_wconf 64' lang='grc' dir='ltr'><strong><em>ῖῦἓιίῗέειὲέι</em></strong></span> <span class='ocrx_word' id='word_1_825' title='bbox 900 4836 1040 4919; x_wconf 61' lang='lat'><strong><em>.32;</em></strong></span> <span class='ocrx_word' id='word_1_826' title='bbox 1058 4836 1785 4936; x_wconf 56' lang='grc' dir='ltr'><strong><em>ίέῐεεῗιιῖὐῖὶἇιιέοἱίἦᾶἕῖ</em></strong></span> <span class='ocrx_word' id='word_1_827' title='bbox 1814 4836 1867 4896; x_wconf 80' lang='lat' dir='ltr'><strong><em>D</em></strong></span> <span class='ocrx_word' id='word_1_828' title='bbox 1891 4836 2178 4919; x_wconf 58' lang='grc' dir='ltr'><strong><em>ὶὲἲὲἂιέηἱ</em></strong></span> <span class='ocrx_word' id='word_1_829' title='bbox 2200 4836 2272 4916; x_wconf 66' lang='lat' dir='ltr'><strong><em>Es:</em></strong></span> <span class='ocrx_word' id='word_1_830' title='bbox 2304 4878 2391 4931; x_wconf 87' lang='lat' dir='ltr'><strong><em>per</em></strong></span> <span class='ocrx_word' id='word_1_831' title='bbox 2413 4863 2688 4936; x_wconf 62' lang='lat' dir='ltr'><strong><em>Christum.</em></strong></span> <span class='ocrx_word' id='word_1_832' title='bbox 2722 4836 3469 4936; x_wconf 35' lang='lat' dir='ltr'><strong><em>liminium6755531615,</em></strong></span> 
     </span>
    </p>
   </div>
   <div class='ocr_carea' id='block_1_86' title="bbox 218 4931 2919 5005">
    <p class='ocr_par' dir='ltr' id='par_1_86' title="bbox 218 4931 2919 5005">
     <span class='ocr_line' id='line_1_86' title="bbox 218 4931 2919 5005; baseline 0 -17"><span class='ocrx_word' id='word_1_833' title='bbox 218 4939 361 5002; x_wconf 85' lang='lat' dir='ltr'><strong><em>teris,</em></strong></span> <span class='ocrx_word' id='word_1_834' title='bbox 393 4938 473 4989; x_wconf 85' lang='lat' dir='ltr'><strong><em>vel</em></strong></span> <span class='ocrx_word' id='word_1_835' title='bbox 504 4931 692 5005; x_wconf 84' lang='lat' dir='ltr'><strong><em>gratia,</em></strong></span> <span class='ocrx_word' id='word_1_836' title='bbox 724 4940 798 4988; x_wconf 80' lang='lat' dir='ltr'><strong><em>vel</em></strong></span> <span class='ocrx_word' id='word_1_837' title='bbox 829 4935 1041 4988; x_wconf 89' lang='lat' dir='ltr'><strong><em>liberum</em></strong></span> <span class='ocrx_word' id='word_1_838' title='bbox 1069 4936 1358 4991; x_wconf 86' lang='lat' dir='ltr'><strong><em>arbitrium.</em></strong></span> <span class='ocrx_word' id='word_1_839' title='bbox 1436 4931 1448 4936; x_wconf 63' lang='grc'>⁷</span> <span class='ocrx_word' id='word_1_840' title='bbox 1898 4936 2033 5003; x_wconf 87' lang='lat' dir='ltr'><strong><em>Quia</em></strong></span> <span class='ocrx_word' id='word_1_841' title='bbox 2060 4935 2197 4987; x_wconf 85' lang='lat' dir='ltr'><strong><em>vobis</em></strong></span> <span class='ocrx_word' id='word_1_842' title='bbox 2225 4935 2400 4987; x_wconf 90' lang='lat' dir='ltr'><strong><em>datum</em></strong></span> <span class='ocrx_word' id='word_1_843' title='bbox 2426 4944 2497 4986; x_wconf 85' lang='lat' dir='ltr'><strong><em>est</em></strong></span> <span class='ocrx_word' id='word_1_844' title='bbox 2524 4949 2616 5005; x_wconf 62' lang='lat' dir='ltr'><strong><em>per</em></strong></span> <span class='ocrx_word' id='word_1_845' title='bbox 2636 4931 2919 4989; x_wconf 85' lang='lat' dir='ltr'><strong><em>Christum.</em></strong></span> 
     </span>
    </p>
   </div>
   <div class='ocr_carea' id='block_1_87' title="bbox 280 5003 3475 5078">
    <p class='ocr_par' dir='ltr' id='par_1_87' title="bbox 280 5003 3475 5078">
     <span class='ocr_line' id='line_1_87' title="bbox 280 5003 3475 5078; baseline 0.002 -19"><span class='ocrx_word' id='word_1_846' title='bbox 280 5013 307 5078; x_wconf 58' lang='grc' dir='ltr'><strong><em>ἕ</em></strong></span> <span class='ocrx_word' id='word_1_847' title='bbox 335 5006 440 5078; x_wconf 65' lang='lat' dir='ltr'><strong><em>Ms.</em></strong></span> <span class='ocrx_word' id='word_1_848' title='bbox 469 5003 751 5078; x_wconf 65' lang='lat' dir='ltr'><strong><em>Jolietrsis,</em></strong></span> <span class='ocrx_word' id='word_1_849' title='bbox 786 5012 1053 5078; x_wconf 68' lang='lat' dir='ltr'><strong><em>utrumque</em></strong></span> <span class='ocrx_word' id='word_1_850' title='bbox 1076 5010 1387 5075; x_wconf 84' lang='lat' dir='ltr'><strong><em>concordat,</em></strong></span> <span class='ocrx_word' id='word_1_851' title='bbox 1421 5016 1468 5061; x_wconf 89' lang='lat' dir='ltr'><strong><em>et</em></strong></span> <span class='ocrx_word' id='word_1_852' title='bbox 1497 5017 1787 5078; x_wconf 89' lang='lat' dir='ltr'><strong><em>utrumque.</em></strong></span> <span class='ocrx_word' id='word_1_853' title='bbox 1895 5076 1922 5078; x_wconf 95' lang='lat'>_</span> <span class='ocrx_word' id='word_1_854' title='bbox 1944 5017 1995 5078; x_wconf 15' lang='lat' dir='ltr'><strong><em>AP</em></strong></span> <span class='ocrx_word' id='word_1_855' title='bbox 2027 5006 2165 5059; x_wconf 86' lang='lat' dir='ltr'><strong><em>Edit.</em></strong></span> <span class='ocrx_word' id='word_1_856' title='bbox 2210 5005 2449 5078; x_wconf 71' lang='lat' dir='ltr'><strong><em>Magum.</em></strong></span> <span class='ocrx_word' id='word_1_857' title='bbox 2492 5014 2546 5059; x_wconf 91' lang='lat' dir='ltr'><strong><em>et</em></strong></span> <span class='ocrx_word' id='word_1_858' title='bbox 2577 5003 2710 5059; x_wconf 83' lang='lat' dir='ltr'><strong><em>Ven.</em></strong></span> <span class='ocrx_word' id='word_1_859' title='bbox 2732 5045 2746 5070; x_wconf 94' lang='lat'><strong><em>,</em></strong></span> <span class='ocrx_word' id='word_1_860' title='bbox 2791 5004 2920 5078; x_wconf 85' lang='lat' dir='ltr'><strong><em>Cum</em></strong></span> <span class='ocrx_word' id='word_1_861' title='bbox 2960 5016 3095 5061; x_wconf 87' lang='lat' dir='ltr'><strong><em>metu</em></strong></span> <span class='ocrx_word' id='word_1_862' title='bbox 3140 5018 3190 5063; x_wconf 89' lang='lat' dir='ltr'><strong><em>et</em></strong></span> <span class='ocrx_word' id='word_1_863' title='bbox 3236 5020 3475 5064; x_wconf 85' lang='lat' dir='ltr'><strong><em>tremore.</em></strong></span> 
     </span>
    </p>
   </div>
   <div class='ocr_carea' id='block_1_88' title="bbox 278 5074 3471 5148">
    <p class='ocr_par' dir='ltr' id='par_1_88' title="bbox 278 5074 3471 5148">
     <span class='ocr_line' id='line_1_88' title="bbox 278 5074 3471 5148; baseline 0.001 -18"><span class='ocrx_word' id='word_1_864' title='bbox 278 5075 307 5110; x_wconf 72' lang='grc'><strong><em>⁸³</em></strong></span> <span class='ocrx_word' id='word_1_865' title='bbox 333 5076 483 5148; x_wconf 83' lang='lat' dir='ltr'><strong><em>Edit.</em></strong></span> <span class='ocrx_word' id='word_1_866' title='bbox 511 5075 676 5129; x_wconf 86' lang='lat' dir='ltr'><strong><em>Duac.</em></strong></span> <span class='ocrx_word' id='word_1_867' title='bbox 698 5086 754 5131; x_wconf 90' lang='lat' dir='ltr'><strong><em>et</em></strong></span> <span class='ocrx_word' id='word_1_868' title='bbox 772 5074 995 5148; x_wconf 80' lang='lat' dir='ltr'><strong><em>Colon.,</em></strong></span> <span class='ocrx_word' id='word_1_869' title='bbox 1026 5078 1301 5148; x_wconf 78' lang='lat' dir='ltr'><strong><em>suspicere.</em></strong></span> <span class='ocrx_word' id='word_1_870' title='bbox 1332 5116 1346 5131; x_wconf 92' lang='lat'><strong><em>.</em></strong></span> <span class='ocrx_word' id='word_1_871' title='bbox 1375 5074 1387 5129; x_wconf 84' lang='lat'><strong><em>.</em></strong></span> <span class='ocrx_word' id='word_1_872' title='bbox 1417 5118 1429 5131; x_wconf 95' lang='lat'><strong><em>.</em></strong></span> <span class='ocrx_word' id='word_1_873' title='bbox 1455 5074 1786 5148; x_wconf 79' lang='lat' dir='ltr'><strong><em>collegimus:</em></strong></span> <span class='ocrx_word' id='word_1_874' title='bbox 1894 5076 2084 5148; x_wconf 68' lang='lat' dir='ltr'><strong><em>I’lures</em></strong></span> <span class='ocrx_word' id='word_1_875' title='bbox 2127 5076 2371 5148; x_wconf 75' lang='lat' dir='ltr'><strong><em>codices,</em></strong></span> <span class='ocrx_word' id='word_1_876' title='bbox 2404 5091 2519 5148; x_wconf 80' lang='lat' dir='ltr'><strong><em>cum</em></strong></span> <span class='ocrx_word' id='word_1_877' title='bbox 2550 5084 2767 5129; x_wconf 88' lang='lat' dir='ltr'><strong><em>tremore</em></strong></span> <span class='ocrx_word' id='word_1_878' title='bbox 2799 5087 2849 5130; x_wconf 84' lang='lat' dir='ltr'><strong><em>et</em></strong></span> <span class='ocrx_word' id='word_1_879' title='bbox 2884 5076 3085 5132; x_wconf 88' lang='lat' dir='ltr'><strong><em>timore.</em></strong></span> <span class='ocrx_word' id='word_1_880' title='bbox 3127 5079 3255 5135; x_wconf 84' lang='lat' dir='ltr'><strong><em>Mss.</em></strong></span> <span class='ocrx_word' id='word_1_881' title='bbox 3286 5079 3471 5147; x_wconf 86' lang='lat' dir='ltr'><strong><em>Corb.,</em></strong></span> 
     </span>
    </p>
   </div>
   <div class='ocr_carea' id='block_1_89' title="bbox 214 5144 2692 5213">
    <p class='ocr_par' dir='ltr' id='par_1_89' title="bbox 214 5144 2692 5213">
     <span class='ocr_line' id='line_1_89' title="bbox 214 5144 2692 5213; baseline 0 -14"><span class='ocrx_word' id='word_1_882' title='bbox 214 5144 311 5199; x_wconf 82' lang='lat' dir='ltr'><strong><em>hoc</em></strong></span> <span class='ocrx_word' id='word_1_883' title='bbox 340 5147 595 5201; x_wconf 88' lang='lat' dir='ltr'><strong><em>ultimum</em></strong></span> <span class='ocrx_word' id='word_1_884' title='bbox 627 5162 746 5199; x_wconf 89' lang='lat' dir='ltr'><strong><em>cum</em></strong></span> <span class='ocrx_word' id='word_1_885' title='bbox 770 5146 935 5213; x_wconf 88' lang='lat' dir='ltr'><strong><em>Lugd.</em></strong></span> <span class='ocrx_word' id='word_1_886' title='bbox 959 5154 1017 5200; x_wconf 88' lang='lat' dir='ltr'><strong><em>et</em></strong></span> <span class='ocrx_word' id='word_1_887' title='bbox 1036 5144 1168 5201; x_wconf 86' lang='lat' dir='ltr'><strong><em>Lov.</em></strong></span> <span class='ocrx_word' id='word_1_888' title='bbox 1191 5162 1473 5202; x_wconf 90' lang='lat' dir='ltr'><strong><em>commune</em></strong></span> <span class='ocrx_word' id='word_1_889' title='bbox 1502 5144 1784 5205; x_wconf 82' lang='lat' dir='ltr'><strong><em>habentes.</em></strong></span> <span class='ocrx_word' id='word_1_890' title='bbox 1892 5146 2106 5213; x_wconf 80' lang='lat' dir='ltr'><strong><em>Remig.</em></strong></span> <span class='ocrx_word' id='word_1_891' title='bbox 2137 5156 2189 5201; x_wconf 90' lang='lat' dir='ltr'><strong><em>et</em></strong></span> <span class='ocrx_word' id='word_1_892' title='bbox 2218 5146 2324 5201; x_wconf 83' lang='lat' dir='ltr'><strong><em>Jol.</em></strong></span> <span class='ocrx_word' id='word_1_893' title='bbox 2358 5153 2415 5199; x_wconf 91' lang='lat' dir='ltr'><strong><em>ut</em></strong></span> <span class='ocrx_word' id='word_1_894' title='bbox 2442 5145 2493 5199; x_wconf 90' lang='lat' dir='ltr'><strong><em>in</em></strong></span> <span class='ocrx_word' id='word_1_895' title='bbox 2524 5155 2692 5199; x_wconf 80' lang='lat' dir='ltr'><strong><em>textu.</em></strong></span> 
     </span>
    </p>
   </div>
   <div class='ocr_carea' id='block_1_90' title="bbox 218 4508 1783 4581">
    <p class='ocr_par' dir='ltr' id='par_1_90' title="bbox 218 4508 1783 4581">
     <span class='ocr_line' id='line_1_90' title="bbox 218 4508 1783 4581; baseline 0.001 -18"><span class='ocrx_word' id='word_1_896' title='bbox 218 4508 451 4581; x_wconf 61' lang='lat' dir='ltr'><strong><em>ilognnt.</em></strong></span> <span class='ocrx_word' id='word_1_897' title='bbox 476 4521 535 4567; x_wconf 91' lang='lat' dir='ltr'><strong><em>et</em></strong></span> <span class='ocrx_word' id='word_1_898' title='bbox 558 4511 692 4565; x_wconf 78' lang='lat' dir='ltr'><strong><em>Ven.</em></strong></span> <span class='ocrx_word' id='word_1_899' title='bbox 720 4511 887 4580; x_wconf 87' lang='lat' dir='ltr'><strong><em>Lugd.</em></strong></span> <span class='ocrx_word' id='word_1_900' title='bbox 914 4522 972 4565; x_wconf 89' lang='lat' dir='ltr'><strong><em>et</em></strong></span> <span class='ocrx_word' id='word_1_901' title='bbox 996 4508 1097 4566; x_wconf 80' lang='lat' dir='ltr'><strong><em>bac</em></strong></span> <span class='ocrx_word' id='word_1_902' title='bbox 1123 4513 1470 4581; x_wconf 84' lang='lat' dir='ltr'><strong><em>posteriores,</em></strong></span> <span class='ocrx_word' id='word_1_903' title='bbox 1497 4512 1551 4565; x_wconf 87' lang='lat' dir='ltr'><strong><em>in</em></strong></span> <span class='ocrx_word' id='word_1_904' title='bbox 1575 4510 1783 4566; x_wconf 85' lang='lat' dir='ltr'><strong><em>Soram.</em></strong></span> 
     </span>
    </p>
   </div>
   <div class='ocr_carea' id='block_1_91' title="bbox 220 4578 1783 4651">
    <p class='ocr_par' dir='ltr' id='par_1_91' title="bbox 220 4578 1783 4651">
     <span class='ocr_line' id='line_1_91' title="bbox 220 4578 1783 4651; baseline 0 -16"><span class='ocrx_word' id='word_1_905' title='bbox 220 4578 355 4651; x_wconf 81' lang='lat' dir='ltr'><strong><em>Idem</em></strong></span> <span class='ocrx_word' id='word_1_906' title='bbox 407 4581 708 4651; x_wconf 89' lang='lat' dir='ltr'><strong><em>contigisse</em></strong></span> <span class='ocrx_word' id='word_1_907' title='bbox 752 4578 998 4636; x_wconf 73' lang='lat' dir='ltr'><strong><em>narratur</em></strong></span> <span class='ocrx_word' id='word_1_908' title='bbox 1038 4578 1383 4637; x_wconf 83' lang='lat' dir='ltr'><strong><em>Abimelecho</em></strong></span> <span class='ocrx_word' id='word_1_909' title='bbox 1428 4598 1553 4651; x_wconf 83' lang='lat' dir='ltr'><strong><em>erga</em></strong></span> <span class='ocrx_word' id='word_1_910' title='bbox 1596 4584 1783 4637; x_wconf 87' lang='lat' dir='ltr'><strong><em>Saram</em></strong></span> 
     </span>
    </p>
   </div>
   <div class='ocr_carea' id='block_1_92' title="bbox 218 4650 1638 4722">
    <p class='ocr_par' dir='ltr' id='par_1_92' title="bbox 218 4650 1638 4722">
     <span class='ocr_line' id='line_1_92' title="bbox 218 4650 1638 4722; baseline 0.001 -17"><span class='ocrx_word' id='word_1_911' title='bbox 218 4650 487 4708; x_wconf 81' lang='lat' dir='ltr'><strong><em>Geneseos</em></strong></span> <span class='ocrx_word' id='word_1_912' title='bbox 514 4650 637 4720; x_wconf 85' lang='lat' dir='ltr'><strong><em>cap.</em></strong></span> <span class='ocrx_word' id='word_1_913' title='bbox 668 4668 756 4715; x_wconf 82' lang='lat' dir='ltr'><strong><em>xx,</em></strong></span> <span class='ocrx_word' id='word_1_914' title='bbox 788 4661 842 4706; x_wconf 91' lang='lat' dir='ltr'><strong><em>et</em></strong></span> <span class='ocrx_word' id='word_1_915' title='bbox 870 4668 992 4722; x_wconf 90' lang='lat' dir='ltr'><strong><em>erga</em></strong></span> <span class='ocrx_word' id='word_1_916' title='bbox 1014 4652 1313 4708; x_wconf 86' lang='lat' dir='ltr'><strong><em>Rebeccam</em></strong></span> <span class='ocrx_word' id='word_1_917' title='bbox 1343 4668 1461 4722; x_wconf 86' lang='lat' dir='ltr'><strong><em>cap.</em></strong></span> <span class='ocrx_word' id='word_1_918' title='bbox 1494 4650 1638 4707; x_wconf 66' lang='lat' dir='ltr'><strong><em>sxw.</em></strong></span> 
     </span>
    </p>
   </div>
   <div class='ocr_carea' id='block_1_93' title="bbox 285 5215 1789 5288">
    <p class='ocr_par' dir='ltr' id='par_1_93' title="bbox 285 5215 1789 5288">
     <span class='ocr_line' id='line_1_93' title="bbox 285 5215 1789 5288; baseline 0.003 -17"><span class='ocrx_word' id='word_1_919' title='bbox 285 5219 299 5253; x_wconf 76' lang='grc' dir='ltr'>ι</span> <span class='ocrx_word' id='word_1_920' title='bbox 335 5216 430 5272; x_wconf 89' lang='lat' dir='ltr'><strong><em>Sic</em></strong></span> <span class='ocrx_word' id='word_1_921' title='bbox 460 5231 594 5270; x_wconf 87' lang='lat' dir='ltr'><strong><em>mss.</em></strong></span> <span class='ocrx_word' id='word_1_922' title='bbox 617 5215 809 5288; x_wconf 55' lang='grc' dir='ltr'>βοή»,</span> <span class='ocrx_word' id='word_1_923' title='bbox 843 5218 1050 5288; x_wconf 80' lang='lat' dir='ltr'><strong><em>Remig.</em></strong></span> <span class='ocrx_word' id='word_1_924' title='bbox 1082 5226 1137 5273; x_wconf 92' lang='lat' dir='ltr'><strong><em>et</em></strong></span> <span class='ocrx_word' id='word_1_925' title='bbox 1160 5217 1293 5279; x_wconf 85' lang='lat' dir='ltr'><strong><em>Jol.,</em></strong></span> <span class='ocrx_word' id='word_1_926' title='bbox 1317 5234 1438 5273; x_wconf 86' lang='lat' dir='ltr'><strong><em>cum</em></strong></span> <span class='ocrx_word' id='word_1_927' title='bbox 1468 5220 1704 5288; x_wconf 84' lang='lat' dir='ltr'><strong><em>Mogunt.</em></strong></span> <span class='ocrx_word' id='word_1_928' title='bbox 1735 5230 1789 5275; x_wconf 85' lang='lat' dir='ltr'><strong><em>et</em></strong></span> 
     </span>
    </p>
   </div>
   <div class='ocr_carea' id='block_1_94' title="bbox 214 5285 1784 5356">
    <p class='ocr_par' dir='ltr' id='par_1_94' title="bbox 214 5285 1784 5356">
     <span class='ocr_line' id='line_1_94' title="bbox 214 5285 1784 5356; baseline 0.003 -17"><span class='ocrx_word' id='word_1_929' title='bbox 214 5285 344 5343; x_wconf 74' lang='lat' dir='ltr'><strong><em>Ven.</em></strong></span> <span class='ocrx_word' id='word_1_930' title='bbox 377 5288 451 5342; x_wconf 76' lang='lat' dir='ltr'><strong>At</strong></span> <span class='ocrx_word' id='word_1_931' title='bbox 482 5286 677 5356; x_wconf 87' lang='lat' dir='ltr'><strong><em>Lugd.,</em></strong></span> <span class='ocrx_word' id='word_1_932' title='bbox 710 5288 937 5353; x_wconf 85' lang='lat' dir='ltr'><strong><em>Lovan.,</em></strong></span> <span class='ocrx_word' id='word_1_933' title='bbox 970 5285 1136 5343; x_wconf 83' lang='lat' dir='ltr'><strong><em>Duae.</em></strong></span> <span class='ocrx_word' id='word_1_934' title='bbox 1176 5298 1233 5343; x_wconf 93' lang='lat' dir='ltr'><strong><em>et</em></strong></span> <span class='ocrx_word' id='word_1_935' title='bbox 1256 5290 1447 5345; x_wconf 83' lang='lat' dir='ltr'><strong><em>Gelon.</em></strong></span> <span class='ocrx_word' id='word_1_936' title='bbox 1482 5285 1580 5343; x_wconf 75' lang='lat' dir='ltr'><strong><em>hic</em></strong></span> <span class='ocrx_word' id='word_1_937' title='bbox 1602 5291 1784 5356; x_wconf 88' lang='lat' dir='ltr'><strong><em>etiam,</em></strong></span> 
     </span>
    </p>
   </div>
   <div class='ocr_carea' id='block_1_95' title="bbox 215 5356 1263 5429">
    <p class='ocr_par' dir='ltr' id='par_1_95' title="bbox 215 5356 1263 5429">
     <span class='ocr_line' id='line_1_95' title="bbox 215 5356 1263 5429; baseline 0.002 -18"><span class='ocrx_word' id='word_1_938' title='bbox 215 5360 348 5429; x_wconf 85' lang='lat' dir='ltr'><strong><em>utin</em></strong></span> <span class='ocrx_word' id='word_1_939' title='bbox 374 5360 547 5421; x_wconf 82' lang='lat' dir='ltr'><strong><em>serie,</em></strong></span> <span class='ocrx_word' id='word_1_940' title='bbox 575 5356 939 5429; x_wconf 80' lang='lat' dir='ltr'><strong><em>Ecclesiastica</em></strong></span> <span class='ocrx_word' id='word_1_941' title='bbox 966 5361 1143 5429; x_wconf 89' lang='lat' dir='ltr'><strong><em>regula</em></strong></span> <span class='ocrx_word' id='word_1_942' title='bbox 1166 5370 1263 5413; x_wconf 91' lang='lat' dir='ltr'><strong><em>est.</em></strong></span> 
     </span>
    </p>
   </div>
   <div class='ocr_carea' id='block_1_96' title="bbox 282 5428 1786 5501">
    <p class='ocr_par' dir='ltr' id='par_1_96' title="bbox 282 5428 1786 5501">
     <span class='ocr_line' id='line_1_96' title="bbox 282 5428 1786 5501; baseline 0.004 -21"><span class='ocrx_word' id='word_1_943' title='bbox 282 5428 295 5479; x_wconf 87' lang='lat' dir='ltr'><strong><em>i</em></strong></span> <span class='ocrx_word' id='word_1_944' title='bbox 338 5431 473 5501; x_wconf 68' lang='lat' dir='ltr'><strong><em>Mss.</em></strong></span> <span class='ocrx_word' id='word_1_945' title='bbox 505 5428 671 5483; x_wconf 86' lang='lat' dir='ltr'><strong><em>Corb.</em></strong></span> <span class='ocrx_word' id='word_1_946' title='bbox 703 5428 993 5501; x_wconf 30' lang='lat' dir='ltr'><strong><em>et‘Bemig.</em></strong></span> <span class='ocrx_word' id='word_1_947' title='bbox 1024 5428 1144 5483; x_wconf 84' lang='lat' dir='ltr'><strong><em>cum</em></strong></span> <span class='ocrx_word' id='word_1_948' title='bbox 1170 5433 1405 5501; x_wconf 81' lang='lat' dir='ltr'><strong><em>Mogunt.</em></strong></span> <span class='ocrx_word' id='word_1_949' title='bbox 1438 5439 1493 5486; x_wconf 92' lang='lat' dir='ltr'><strong><em>et</em></strong></span> <span class='ocrx_word' id='word_1_950' title='bbox 1522 5430 1658 5486; x_wconf 82' lang='lat' dir='ltr'><strong><em>Ven.</em></strong></span> <span class='ocrx_word' id='word_1_951' title='bbox 1691 5431 1786 5486; x_wconf 86' lang='lat' dir='ltr'><strong><em>ad-</em></strong></span> 
     </span>
    </p>
   </div>
   <div class='ocr_carea' id='block_1_97' title="bbox 1968 5215 3480 5290">
    <p class='ocr_par' dir='ltr' id='par_1_97' title="bbox 1968 5215 3480 5290">
     <span class='ocr_line' id='line_1_97' title="bbox 1968 5215 3480 5290; baseline 0.007 -23"><span class='ocrx_word' id='word_1_952' title='bbox 1968 5228 1997 5267; x_wconf 77' lang='lat' dir='ltr'><strong>q</strong></span> <span class='ocrx_word' id='word_1_953' title='bbox 2029 5217 2170 5290; x_wconf 84' lang='lat' dir='ltr'><strong><em>Editi</em></strong></span> <span class='ocrx_word' id='word_1_954' title='bbox 2203 5218 2435 5285; x_wconf 80' lang='lat' dir='ltr'><strong><em>Mugtlttl.</em></strong></span> <span class='ocrx_word' id='word_1_955' title='bbox 2469 5225 2522 5290; x_wconf 82' lang='lat' dir='ltr'><strong>et</strong></span> <span class='ocrx_word' id='word_1_956' title='bbox 2547 5215 2707 5290; x_wconf 82' lang='lat' dir='ltr'><strong><em>Ven.,</em></strong></span> <span class='ocrx_word' id='word_1_957' title='bbox 2735 5217 2789 5270; x_wconf 89' lang='lat' dir='ltr'><strong><em>in</em></strong></span> <span class='ocrx_word' id='word_1_958' title='bbox 2807 5218 2966 5284; x_wconf 87' lang='lat' dir='ltr'><strong><em>vobis,</em></strong></span> <span class='ocrx_word' id='word_1_959' title='bbox 2996 5226 3054 5272; x_wconf 92' lang='lat' dir='ltr'><strong><em>ut</em></strong></span> <span class='ocrx_word' id='word_1_960' title='bbox 3079 5218 3218 5288; x_wconf 85' lang='lat' dir='ltr'><strong><em>apud</em></strong></span> <span class='ocrx_word' id='word_1_961' title='bbox 3245 5221 3480 5290; x_wconf 82' lang='lat' dir='ltr'><strong><em>Aposto-</em></strong></span> 
     </span>
    </p>
   </div>
   <div class='ocr_carea' id='block_1_98' title="bbox 1892 5286 2712 5350">
    <p class='ocr_par' dir='ltr' id='par_1_98' title="bbox 1892 5286 2712 5350">
     <span class='ocr_line' id='line_1_98' title="bbox 1892 5286 2712 5350; baseline -0.006 -6"><span class='ocrx_word' id='word_1_962' title='bbox 1892 5288 2025 5345; x_wconf 90' lang='lat' dir='ltr'><strong><em>lum.</em></strong></span> <span class='ocrx_word' id='word_1_963' title='bbox 2066 5289 2167 5341; x_wconf 79' lang='lat' dir='ltr'><strong><em>Alii</em></strong></span> <span class='ocrx_word' id='word_1_964' title='bbox 2197 5291 2432 5350; x_wconf 82' lang='lat' dir='ltr'><strong><em>codices,</em></strong></span> <span class='ocrx_word' id='word_1_965' title='bbox 2463 5287 2517 5339; x_wconf 89' lang='lat' dir='ltr'><strong><em>in</em></strong></span> <span class='ocrx_word' id='word_1_966' title='bbox 2546 5286 2712 5340; x_wconf 88' lang='lat' dir='ltr'><strong><em>nobis.</em></strong></span> 
     </span>
    </p>
   </div>
   <div class='ocr_carea' id='block_1_99' title="bbox 1972 5357 3480 5426">
    <p class='ocr_par' dir='ltr' id='par_1_99' title="bbox 1972 5357 3480 5426">
     <span class='ocr_line' id='line_1_99' title="bbox 1972 5357 3480 5426; baseline 0.003 -13"><span class='ocrx_word' id='word_1_967' title='bbox 1972 5363 1997 5393; x_wconf 72' lang='lat'><strong><em>&#39;</em></strong></span> <span class='ocrx_word' id='word_1_968' title='bbox 2025 5360 2154 5414; x_wconf 87' lang='lat' dir='ltr'><strong><em>Mss.</em></strong></span> <span class='ocrx_word' id='word_1_969' title='bbox 2192 5357 2296 5413; x_wconf 79' lang='lat' dir='ltr'><strong><em>Jol.</em></strong></span> <span class='ocrx_word' id='word_1_970' title='bbox 2326 5367 2379 5412; x_wconf 91' lang='lat' dir='ltr'><strong><em>et</em></strong></span> <span class='ocrx_word' id='word_1_971' title='bbox 2408 5358 2613 5423; x_wconf 75' lang='lat' dir='ltr'><strong><em>Retnig.</em></strong></span> <span class='ocrx_word' id='word_1_972' title='bbox 2632 5401 2647 5426; x_wconf 88' lang='lat'><strong><em>,</em></strong></span> <span class='ocrx_word' id='word_1_973' title='bbox 2672 5374 2705 5410; x_wconf 92' lang='lat' dir='ltr'><strong><em>a</em></strong></span> <span class='ocrx_word' id='word_1_974' title='bbox 2735 5358 2905 5418; x_wconf 91' lang='lat' dir='ltr'><strong><em>nobis.</em></strong></span> <span class='ocrx_word' id='word_1_975' title='bbox 2935 5358 3080 5425; x_wconf 87' lang='lat' dir='ltr'><strong><em>quasi</em></strong></span> <span class='ocrx_word' id='word_1_976' title='bbox 3118 5374 3184 5413; x_wconf 78' lang='lat' dir='ltr'><strong><em>ea:</em></strong></span> <span class='ocrx_word' id='word_1_977' title='bbox 3209 5360 3480 5418; x_wconf 86' lang='lat' dir='ltr'><strong><em>nobismet-</em></strong></span> 
     </span>
    </p>
   </div>
   <div class='ocr_carea' id='block_1_100' title="bbox 1894 5426 3479 5504">
    <p class='ocr_par' dir='ltr' id='par_1_100' title="bbox 1894 5426 3479 5504">
     <span class='ocr_line' id='line_1_100' title="bbox 1894 5426 3479 5504; baseline 0.003 -20"><span class='ocrx_word' id='word_1_978' title='bbox 1894 5430 2041 5500; x_wconf 84' lang='lat' dir='ltr'><strong><em>ipsis.</em></strong></span> <span class='ocrx_word' id='word_1_979' title='bbox 2058 5429 2267 5504; x_wconf 44' lang='grc' dir='ltr'><strong><em>ΔΙμυᾳάε,</em></strong></span> <span class='ocrx_word' id='word_1_980' title='bbox 2296 5427 2521 5492; x_wconf 87' lang='lat' dir='ltr'><strong><em>Lovan.,</em></strong></span> <span class='ocrx_word' id='word_1_981' title='bbox 2544 5427 2710 5483; x_wconf 90' lang='lat' dir='ltr'><strong><em>Duac.</em></strong></span> <span class='ocrx_word' id='word_1_982' title='bbox 2736 5436 2791 5483; x_wconf 90' lang='lat' dir='ltr'><strong><em>et</em></strong></span> <span class='ocrx_word' id='word_1_983' title='bbox 2810 5426 3020 5496; x_wconf 86' lang='lat' dir='ltr'><strong><em>Colon.,</em></strong></span> <span class='ocrx_word' id='word_1_984' title='bbox 3046 5444 3108 5483; x_wconf 77' lang='lat' dir='ltr'><strong><em>ea:</em></strong></span> <span class='ocrx_word' id='word_1_985' title='bbox 3133 5430 3301 5499; x_wconf 90' lang='lat' dir='ltr'><strong><em>nobis,</em></strong></span> <span class='ocrx_word' id='word_1_986' title='bbox 3331 5441 3479 5504; x_wconf 87' lang='lat' dir='ltr'><strong><em>quasi</em></strong></span> 
     </span>
    </p>
   </div>
   <div class='ocr_carea' id='block_1_101' title="bbox 214 5497 2298 5570">
    <p class='ocr_par' dir='ltr' id='par_1_101' title="bbox 214 5497 2298 5570">
     <span class='ocr_line' id='line_1_101' title="bbox 214 5497 2298 5570; baseline 0 -19"><span class='ocrx_word' id='word_1_987' title='bbox 214 5497 343 5553; x_wconf 89' lang='lat' dir='ltr'><strong><em>dunt</em></strong></span> <span class='ocrx_word' id='word_1_988' title='bbox 379 5499 476 5554; x_wconf 88' lang='lat' dir='ltr'><strong><em>hic</em></strong></span> <span class='ocrx_word' id='word_1_989' title='bbox 515 5512 703 5570; x_wconf 80' lang='lat' dir='ltr'><strong><em>vocem</em></strong></span> <span class='ocrx_word' id='word_1_990' title='bbox 739 5497 1026 5567; x_wconf 83' lang='lat' dir='ltr'><strong><em>Christum,</em></strong></span> <span class='ocrx_word' id='word_1_991' title='bbox 1070 5516 1189 5570; x_wconf 64' lang='lat' dir='ltr'><strong><em>quae</em></strong></span> <span class='ocrx_word' id='word_1_992' title='bbox 1227 5497 1378 5557; x_wconf 82' lang='lat' dir='ltr'><strong><em>abest</em></strong></span> <span class='ocrx_word' id='word_1_993' title='bbox 1416 5518 1445 5555; x_wconf 85' lang='lat' dir='ltr'><strong><em>a</em></strong></span> <span class='ocrx_word' id='word_1_994' title='bbox 1482 5504 1694 5559; x_wconf 73' lang='lat' dir='ltr'><strong><em>czeteris</em></strong></span> <span class='ocrx_word' id='word_1_995' title='bbox 1733 5511 1789 5558; x_wconf 91' lang='lat' dir='ltr'><strong><em>et</em></strong></span> <span class='ocrx_word' id='word_1_996' title='bbox 1892 5497 1955 5556; x_wconf 78' lang='lat' dir='ltr'><strong><em>ea:</em></strong></span> <span class='ocrx_word' id='word_1_997' title='bbox 1983 5501 2126 5554; x_wconf 87' lang='lat' dir='ltr'><strong><em>nobis</em></strong></span> <span class='ocrx_word' id='word_1_998' title='bbox 2152 5497 2298 5570; x_wconf 85' lang='lat' dir='ltr'><strong><em>ipsis.</em></strong></span> 
     </span>
    </p>
   </div>
   <div class='ocr_carea' id='block_1_102' title="bbox 215 5568 1169 5641">
    <p class='ocr_par' dir='ltr' id='par_1_102' title="bbox 215 5568 1169 5641">
     <span class='ocr_line' id='line_1_102' title="bbox 215 5568 1169 5641; baseline 0 -18"><span class='ocrx_word' id='word_1_999' title='bbox 215 5578 359 5641; x_wconf 81' lang='lat' dir='ltr'><strong><em>textu</em></strong></span> <span class='ocrx_word' id='word_1_1000' title='bbox 392 5570 640 5641; x_wconf 80' lang='lat' dir='ltr'><strong><em>Apostoli</em></strong></span> <span class='ocrx_word' id='word_1_1001' title='bbox 668 5568 856 5625; x_wconf 83' lang='lat' dir='ltr'><strong><em>Graeco</em></strong></span> <span class='ocrx_word' id='word_1_1002' title='bbox 884 5580 937 5625; x_wconf 88' lang='lat' dir='ltr'><strong>et</strong></span> <span class='ocrx_word' id='word_1_1003' title='bbox 964 5568 1169 5641; x_wconf 55' lang='lat' dir='ltr'><strong><em>Latino.</em></strong></span> 
     </span>
    </p>
   </div>
   <div class='ocr_carea' id='block_1_103' title="bbox 276 5639 1789 5716">
    <p class='ocr_par' dir='ltr' id='par_1_103' title="bbox 276 5639 1789 5716">
     <span class='ocr_line' id='line_1_103' title="bbox 276 5639 1789 5716; baseline 0.004 -24"><span class='ocrx_word' id='word_1_1004' title='bbox 276 5639 311 5716; x_wconf 44' lang='grc' dir='ltr'><strong><em>1ιὲ</em></strong></span> <span class='ocrx_word' id='word_1_1005' title='bbox 337 5639 484 5716; x_wconf 67' lang='lat' dir='ltr'><strong><em>Tota</em></strong></span> <span class='ocrx_word' id='word_1_1006' title='bbox 528 5642 645 5694; x_wconf 58' lang='lat' dir='ltr'><strong><em>hac</em></strong></span> <span class='ocrx_word' id='word_1_1007' title='bbox 682 5641 946 5695; x_wconf 82' lang='lat' dir='ltr'><strong><em>sententia</em></strong></span> <span class='ocrx_word' id='word_1_1008' title='bbox 994 5658 1027 5716; x_wconf 92' lang='lat'><strong><em>:_</em></strong></span> <span class='ocrx_word' id='word_1_1009' title='bbox 1057 5639 1420 5716; x_wconf 82' lang='lat' dir='ltr'><strong><em>Ecclesiastica</em></strong></span> <span class='ocrx_word' id='word_1_1010' title='bbox 1466 5644 1644 5716; x_wconf 90' lang='lat' dir='ltr'><strong><em>regula</em></strong></span> <span class='ocrx_word' id='word_1_1011' title='bbox 1685 5652 1789 5707; x_wconf 89' lang='lat' dir='ltr'><strong><em>est;</em></strong></span> 
     </span>
    </p>
   </div>
   <div class='ocr_carea' id='block_1_104' title="bbox 215 5711 1792 5785">
    <p class='ocr_par' dir='ltr' id='par_1_104' title="bbox 215 5711 1792 5785">
     <span class='ocr_line' id='line_1_104' title="bbox 215 5711 1792 5785; baseline 0.002 -20"><span class='ocrx_word' id='word_1_1012' title='bbox 215 5711 351 5785; x_wconf 80' lang='lat' dir='ltr'><strong><em>Quid</em></strong></span> <span class='ocrx_word' id='word_1_1013' title='bbox 376 5718 577 5785; x_wconf 84' lang='lat' dir='ltr'><strong><em>autem,</em></strong></span> <span class='ocrx_word' id='word_1_1014' title='bbox 597 5718 739 5785; x_wconf 84' lang='lat' dir='ltr'><strong><em>_etc.,</em></strong></span> <span class='ocrx_word' id='word_1_1015' title='bbox 767 5711 1067 5785; x_wconf 73' lang='lat' dir='ltr'><strong><em>usquead,</em></strong></span> <span class='ocrx_word' id='word_1_1016' title='bbox 1097 5713 1245 5785; x_wconf 83' lang='lat' dir='ltr'><strong><em>quasi</em></strong></span> <span class='ocrx_word' id='word_1_1017' title='bbox 1268 5728 1367 5766; x_wconf 89' lang='lat' dir='ltr'><strong><em>non</em></strong></span> <span class='ocrx_word' id='word_1_1018' title='bbox 1394 5711 1667 5785; x_wconf 79' lang='lat' dir='ltr'><strong><em>acceperis,</em></strong></span> <span class='ocrx_word' id='word_1_1019' title='bbox 1700 5730 1792 5768; x_wconf 77' lang='lat' dir='ltr'><strong><em>ex-</em></strong></span> 
     </span>
    </p>
   </div>
   <div class='ocr_carea' id='block_1_105' title="bbox 213 5781 1790 5852">
    <p class='ocr_par' dir='ltr' id='par_1_105' title="bbox 213 5781 1790 5852">
     <span class='ocr_line' id='line_1_105' title="bbox 213 5781 1790 5852; baseline -0.001 -12"><span class='ocrx_word' id='word_1_1020' title='bbox 213 5784 417 5840; x_wconf 79' lang='lat' dir='ltr'><strong><em>etderat</em></strong></span> <span class='ocrx_word' id='word_1_1021' title='bbox 444 5783 516 5835; x_wconf 86' lang='lat' dir='ltr'><strong><em>ab</em></strong></span> <span class='ocrx_word' id='word_1_1022' title='bbox 544 5781 781 5836; x_wconf 88' lang='lat' dir='ltr'><strong><em>editione</em></strong></span> <span class='ocrx_word' id='word_1_1023' title='bbox 809 5781 1015 5852; x_wconf 83' lang='lat' dir='ltr'><strong><em>Lngd.:</em></strong></span> <span class='ocrx_word' id='word_1_1024' title='bbox 1051 5784 1244 5852; x_wconf 88' lang='lat' dir='ltr'><strong><em>legitur</em></strong></span> <span class='ocrx_word' id='word_1_1025' title='bbox 1280 5785 1332 5837; x_wconf 90' lang='lat' dir='ltr'><strong><em>in</em></strong></span> <span class='ocrx_word' id='word_1_1026' title='bbox 1359 5785 1479 5839; x_wconf 89' lang='lat' dir='ltr'><strong><em>aliis</em></strong></span> <span class='ocrx_word' id='word_1_1027' title='bbox 1513 5781 1790 5839; x_wconf 78' lang='lat' dir='ltr'><strong><em>omnibus.</em></strong></span> 
     </span>
    </p>
   </div>
   <div class='ocr_carea' id='block_1_106' title="bbox 287 5852 1790 5932">
    <p class='ocr_par' dir='ltr' id='par_1_106' title="bbox 287 5852 1790 5932">
     <span class='ocr_line' id='line_1_106' title="bbox 287 5852 1790 5932; baseline -0.001 -21"><span class='ocrx_word' id='word_1_1028' title='bbox 287 5852 474 5911; x_wconf 67' lang='lat' dir='ltr'><strong><em>lMss.</em></strong></span> <span class='ocrx_word' id='word_1_1029' title='bbox 511 5852 720 5919; x_wconf 80' lang='lat' dir='ltr'><strong><em>Remig.</em></strong></span> <span class='ocrx_word' id='word_1_1030' title='bbox 762 5863 819 5908; x_wconf 88' lang='lat' dir='ltr'><strong><em>et</em></strong></span> <span class='ocrx_word' id='word_1_1031' title='bbox 845 5852 951 5908; x_wconf 76' lang='lat' dir='ltr'><strong><em>Jol.</em></strong></span> <span class='ocrx_word' id='word_1_1032' title='bbox 987 5868 1108 5909; x_wconf 91' lang='lat' dir='ltr'><strong><em>cum</em></strong></span> <span class='ocrx_word' id='word_1_1033' title='bbox 1142 5853 1375 5932; x_wconf 84' lang='lat' dir='ltr'><strong><em>Mogunt.</em></strong></span> <span class='ocrx_word' id='word_1_1034' title='bbox 1423 5864 1479 5913; x_wconf 91' lang='lat' dir='ltr'><strong><em>et</em></strong></span> <span class='ocrx_word' id='word_1_1035' title='bbox 1518 5854 1650 5912; x_wconf 86' lang='lat' dir='ltr'><strong><em>Ven.</em></strong></span> <span class='ocrx_word' id='word_1_1036' title='bbox 1693 5856 1790 5910; x_wconf 86' lang='lat' dir='ltr'><strong><em>ad-</em></strong></span> 
     </span>
    </p>
   </div>
   <div class='ocr_carea' id='block_1_107' title="bbox 499 5946 914 6039">
    <p class='ocr_par' dir='ltr' id='par_1_107' title="bbox 499 5946 914 6039">
     <span class='ocr_line' id='line_1_107' title="bbox 499 5946 914 6039; baseline -0.017 -24"><span class='ocrx_word' id='word_1_1037' title='bbox 499 5947 774 6039; x_wconf 43' lang='lat' dir='ltr'><strong><em>lisa-non.</em></strong></span> <span class='ocrx_word' id='word_1_1038' title='bbox 805 5946 914 6013; x_wconf 82' lang='lat' dir='ltr'><strong><em>LI.</em></strong></span> 
     </span>
    </p>
   </div>
   <div class='ocr_carea' id='block_1_108' title="bbox 1971 5567 3479 5639">
    <p class='ocr_par' dir='ltr' id='par_1_108' title="bbox 1971 5567 3479 5639">
     <span class='ocr_line' id='line_1_108' title="bbox 1971 5567 3479 5639; baseline 0.005 -15"><span class='ocrx_word' id='word_1_1039' title='bbox 1971 5579 1992 5606; x_wconf 77' lang='grc'>⁸</span> <span class='ocrx_word' id='word_1_1040' title='bbox 2029 5567 2182 5625; x_wconf 72' lang='lat' dir='ltr'><strong><em>Edit.</em></strong></span> <span class='ocrx_word' id='word_1_1041' title='bbox 2219 5573 2459 5639; x_wconf 87' lang='lat' dir='ltr'><strong><em>Mogunt.</em></strong></span> <span class='ocrx_word' id='word_1_1042' title='bbox 2499 5578 2552 5624; x_wconf 91' lang='lat' dir='ltr'><strong><em>et</em></strong></span> <span class='ocrx_word' id='word_1_1043' title='bbox 2581 5568 2752 5630; x_wconf 84' lang='lat' dir='ltr'><strong><em>Ven.,</em></strong></span> <span class='ocrx_word' id='word_1_1044' title='bbox 2782 5567 3050 5637; x_wconf 77' lang='lat' dir='ltr'><strong><em>conﬁrmat</em></strong></span> <span class='ocrx_word' id='word_1_1045' title='bbox 3080 5570 3332 5629; x_wconf 87' lang='lat' dir='ltr'><strong><em>Dominus</em></strong></span> <span class='ocrx_word' id='word_1_1046' title='bbox 3370 5592 3391 5630; x_wconf 91' lang='lat'><strong><em>:</em></strong></span> <span class='ocrx_word' id='word_1_1047' title='bbox 3424 5585 3479 5633; x_wconf 89' lang='lat' dir='ltr'><strong><em>et</em></strong></span> 
     </span>
    </p>
   </div>
   <div class='ocr_carea' id='block_1_109' title="bbox 1897 5641 2959 5711">
    <p class='ocr_par' dir='ltr' id='par_1_109' title="bbox 1897 5641 2959 5711">
     <span class='ocr_line' id='line_1_109' title="bbox 1897 5641 2959 5711; baseline -0.003 -14"><span class='ocrx_word' id='word_1_1048' title='bbox 1897 5642 2058 5707; x_wconf 88' lang='lat' dir='ltr'><strong><em>infra,</em></strong></span> <span class='ocrx_word' id='word_1_1049' title='bbox 2088 5643 2264 5695; x_wconf 81' lang='lat' dir='ltr'><strong><em>datum</em></strong></span> <span class='ocrx_word' id='word_1_1050' title='bbox 2287 5643 2441 5711; x_wconf 78' lang='lat' dir='ltr'><strong><em>fuerit</em></strong></span> <span class='ocrx_word' id='word_1_1051' title='bbox 2464 5656 2488 5711; x_wconf 61' lang='lat' dir='ltr'><strong><em>,j</em></strong></span> <span class='ocrx_word' id='word_1_1052' title='bbox 2510 5641 2711 5711; x_wconf 79' lang='lat' dir='ltr'><strong><em>absque</em></strong></span> <span class='ocrx_word' id='word_1_1053' title='bbox 2736 5652 2868 5693; x_wconf 89' lang='lat' dir='ltr'><strong><em>voce</em></strong></span> <span class='ocrx_word' id='word_1_1054' title='bbox 2893 5641 2959 5695; x_wconf 90' lang='lat' dir='ltr'><strong><em>ei.</em></strong></span> 
     </span>
    </p>
   </div>
   <div class='ocr_carea' id='block_1_110' title="bbox 1973 5709 3476 5782">
    <p class='ocr_par' dir='ltr' id='par_1_110' title="bbox 1973 5709 3476 5782">
     <span class='ocr_line' id='line_1_110' title="bbox 1973 5709 3476 5782; baseline 0.003 -16"><span class='ocrx_word' id='word_1_1055' title='bbox 1973 5714 1990 5748; x_wconf 68' lang='grc' dir='ltr'><strong>τ</strong></span> <span class='ocrx_word' id='word_1_1056' title='bbox 2022 5713 2117 5767; x_wconf 85' lang='lat' dir='ltr'><strong><em>Ms.</em></strong></span> <span class='ocrx_word' id='word_1_1057' title='bbox 2142 5712 2245 5765; x_wconf 88' lang='lat' dir='ltr'><strong><em>.lol.</em></strong></span> <span class='ocrx_word' id='word_1_1058' title='bbox 2277 5709 2398 5765; x_wconf 84' lang='lat' dir='ltr'><strong><em>cum</em></strong></span> <span class='ocrx_word' id='word_1_1059' title='bbox 2429 5709 2561 5782; x_wconf 79' lang='lat' dir='ltr'><strong><em>edit.</em></strong></span> <span class='ocrx_word' id='word_1_1060' title='bbox 2588 5709 2824 5782; x_wconf 72' lang='lat' dir='ltr'><strong><em>Mogunt.</em></strong></span> <span class='ocrx_word' id='word_1_1061' title='bbox 2848 5719 2903 5765; x_wconf 89' lang='lat' dir='ltr'><strong><em>et</em></strong></span> <span class='ocrx_word' id='word_1_1062' title='bbox 2922 5710 3085 5782; x_wconf 84' lang='lat' dir='ltr'><strong><em>Ven.,</em></strong></span> <span class='ocrx_word' id='word_1_1063' title='bbox 3108 5716 3177 5769; x_wconf 87' lang='lat' dir='ltr'><strong><em>ad</em></strong></span> <span class='ocrx_word' id='word_1_1064' title='bbox 3199 5732 3275 5770; x_wconf 91' lang='lat' dir='ltr'><strong><em>me</em></strong></span> <span class='ocrx_word' id='word_1_1065' title='bbox 3293 5716 3476 5771; x_wconf 89' lang='lat' dir='ltr'><strong><em>veniet.</em></strong></span> 
     </span>
    </p>
   </div>
   <div class='ocr_carea' id='block_1_111' title="bbox 1970 5779 3484 5846">
    <p class='ocr_par' dir='ltr' id='par_1_111' title="bbox 1970 5779 3484 5846">
     <span class='ocr_line' id='line_1_111' title="bbox 1970 5779 3484 5846; baseline 0.003 -11"><span class='ocrx_word' id='word_1_1066' title='bbox 1970 5794 1995 5819; x_wconf 82' lang='grc' dir='ltr'>υ</span> <span class='ocrx_word' id='word_1_1067' title='bbox 2026 5784 2121 5836; x_wconf 87' lang='lat' dir='ltr'><strong><em>Ms.</em></strong></span> <span class='ocrx_word' id='word_1_1068' title='bbox 2158 5782 2409 5837; x_wconf 82' lang='lat' dir='ltr'><strong><em>Joliensis</em></strong></span> <span class='ocrx_word' id='word_1_1069' title='bbox 2441 5780 2590 5833; x_wconf 89' lang='lat' dir='ltr'><strong><em>addit</em></strong></span> <span class='ocrx_word' id='word_1_1070' title='bbox 2620 5779 2739 5846; x_wconf 86' lang='lat' dir='ltr'><strong><em>hic,</em></strong></span> <span class='ocrx_word' id='word_1_1071' title='bbox 2768 5783 2980 5836; x_wconf 78' lang='lat' dir='ltr'><strong><em>suscitet</em></strong></span> <span class='ocrx_word' id='word_1_1072' title='bbox 3010 5779 3236 5841; x_wconf 78' lang='lat' dir='ltr'><strong><em>mortuos</em></strong></span> <span class='ocrx_word' id='word_1_1073' title='bbox 3264 5794 3332 5841; x_wconf 89' lang='lat' dir='ltr'><strong><em>et.</em></strong></span> <span class='ocrx_word' id='word_1_1074' title='bbox 3360 5785 3484 5840; x_wconf 62' lang='lat' dir='ltr'><strong><em>Casa</em></strong></span> 
     </span>
    </p>
   </div>
   <div class='ocr_carea' id='block_1_112' title="bbox 2962 5945 3007 6021">
    <p class='ocr_par' dir='ltr' id='par_1_112' title="bbox 2962 5945 3007 6021">
     <span class='ocr_line' id='line_1_112' title="bbox 2962 5945 3007 6021; baseline 0 -12"><span class='ocrx_word' id='word_1_1075' title='bbox 2962 5945 3007 6021; x_wconf 77' lang='grc' dir='ltr'><strong>δ</strong></span> 
     </span>
    </p>
   </div>
   <div class='ocr_carea' id='block_1_113' title="bbox 1898 5851 2627 5912">
    <p class='ocr_par' dir='ltr' id='par_1_113' title="bbox 1898 5851 2627 5912">
     <span class='ocr_line' id='line_1_113' title="bbox 1898 5851 2627 5912; baseline -0.012 0"><span class='ocrx_word' id='word_1_1076' title='bbox 1898 5855 1999 5912; x_wconf 86' lang='lat' dir='ltr'><strong><em>teri</em></strong></span> <span class='ocrx_word' id='word_1_1077' title='bbox 2027 5856 2241 5910; x_wconf 83' lang='lat' dir='ltr'><strong><em>codices</em></strong></span> <span class='ocrx_word' id='word_1_1078' title='bbox 2266 5868 2373 5907; x_wconf 91' lang='lat' dir='ltr'><strong><em>non</em></strong></span> <span class='ocrx_word' id='word_1_1079' title='bbox 2404 5851 2627 5909; x_wconf 88' lang='lat' dir='ltr'><strong><em>addunt.</em></strong></span> 
     </span>
    </p>
   </div>
  </div>
