4028 6352
1788 347 1850 405 8.
1890 345 2231 405 PROSPERI
2268 346 2594 418 λουῐτω

546 468 668 526 siut
688 466 917 534 ﬁdeles;
950 475 979 505 ι
1000 474 1065 523 et
1082 479 1215 537 qua
1246 477 1319 520 ex
1345 462 1650 532 semetipsis
1670 469 1833 517 erant
1867 461 2137 526 tenebrae,
2168 460 2220 521 Δ
2244 460 2371 517 deat
2398 462 2541 533 quod
2562 461 2680 516 hee
2706 460 2953 517 doctrina
2983 462 3234 519 meritum
3250 461 3434 523 libero
3465 464 3708 536 esslg-tist
3743 478 3831 523 sr-

552 560 650 615 lus
673 559 989 615 efﬁciantur
1016 559 1069 614 in
1101 556 1359 623 Domino;
1384 554 1535 627 quod
1562 563 1833 611 mortuum
1865 562 1984 609 erat
2014 554 2146 607 vivi-

546 652 770 719 dis-stur,
787 652 928 723 quod
944 651 1157 721 iacebat
1173 650 1422 721 erigitur,
1439 650 1580 719 quod
1600 651 1834 720 petierat
1852 649 2145 705 invenitur.

552 740 735 798 1t-l'loe
766 744 819 797 in
849 745 1102 798 omnibus
1141 758 1363 813 prorsus
1401 740 1712 796 hominibus
1757 741 1848 810 qui
1886 748 2147 794 eruuntur

554 834 628 891 de
658 844 929 905 potestate
955 834 1115 907 327
1150 835 1529 900 tenebrarum,
1562 842 1617 888 et
1654 831 2052 887 transferuntur
2092 831 2145 885 in

546 940 782 995 regnum
814 925 940 981 Filii
970 927 1278 981 dilectionis
1311 926 1439 992 Dei,
1486 924 1604 980 sine
1630 923 1951 995 eujusquam
1990 938 2149 978 esce-

552 1020 746 1088 ptione
774 1032 1045 1087 personae,
1076 1033 1234 1088 agere
1266 1018 1540 1073 credimus
1568 1017 1796 1088 gratiam
1825 1016 2143 1072 Salvatoris.

550 1110 715 1177 Quia,
742 1111 884 1164 sicut
909 1110 1169 1165 bic'idetu
1204 1110 1585 1179 probabiliter,
1614 1109 1713 1165 sed
1742 1123 1848 1163 non
1881 1109 2149 1163 stabiliter

557 1203 835 1271 deﬁnivit,
896 1203 1130 1258 dicimus
1185 1214 1346 1274 atque
1398 1202 1761 1270 defendimus,
1820 1201 1943 1255 Non
1975 1201 2147 1255 solum

558 1302 791 1361 actuum,
814 1312 985 1350 verum
1005 1297 1158 1351 etiam
1180 1295 1547 1368 cogitationum
1569 1295 1897 1349 bonarumem
1914 1293 2021 1346 Deo
2041 1309 2148 1348 esse

552 1389 899 1459 principium,
937 1389 1026 1459 qui
1074 1388 1219 1443 nobis
1256 1398 1305 1442 et
1344 1388 1497 1441 initia
1522 1396 1717 1442 sanctte
1759 1385 2039 1440 voluntatis
2068 1388 2148 1440 in-

548 1482 740 1552 spirat,
773 1492 819 1536 et
854 1484 1091 1537 virtutem
1128 1492 1281 1552 atque
1328 1480 1766 1550 opportunitatem
1807 1494 1986 1533 eorum
2032 1492 2147 1549 qua

550 1581 693 1627 recte
726 1572 973 1643 cupimus,
1013 1572 1185 1625 tribuit
1231 1570 1529 1642 peragendi.
1564 1570 1727 1625 Omne
1748 1570 1884 1623 enim
1917 1579 1941 1608 ε
1969 1568 2145 1625 datum

554 1666 767 1736 bonum,
800 1675 847 1720 et
874 1682 1021 1723 omne
1064 1667 1253 1719 donum
1287 1670 1572 1736 perfectum
1611 1666 1876 1719 desursum
1920 1673 2015 1730 est,
2053 1664 2146 1719 de-

549 1760 796 1813 scendens
835 1772 868 1813 a
898 1758 1060 1813 Patre
1097 1758 1353 1813 luminum
1381 1758 1522 1829 (Jac.
1553 1773 1589 1823 t,
1621 1756 1712 1828 l7)
1740 1774 1754 1811 :
1783 1754 1871 1827 qui
1895 1766 1942 1809 et
1962 1757 2145 1825 incipit

2244 555 2429 622 bitrio,
2456 552 2487 592 ¹ι
2514 570 2623 625 quo
2656 555 3018 625 praeveniatur
3046 554 3242 625 gratia,
3286 570 3406 625 qua:
3441 556 3504 611 ei
3540 556 3831 615 tumuletur

2240 647 2479 703 reddens
2505 648 2766 711 debitum,
2792 662 2908 703 non
2926 647 3219 703 conterens
3245 646 3410 720 an
3431 648 3671 704 donum?
3698 651 3831 719 ρ

2245 740 2490 796 deﬁnitio
2540 742 2592 795 iu
2616 741 2991 811 episcoporum
3022 738 3326 795 Pola-stin:
3360 742 3605 810 synodo,
3656 745 3828 800 etiam

2252 830 2272 871 ί
2294 832 2509 903 Pelagio
2540 833 3027 888 auatltematizanle
3043 832 3291 887 damnata
3310 842 3419 889 est.
3445 832 3460 884 t'
3504 833 3560 888 lu
3590 849 3658 890 eo
3684 836 3829 891 enim

2247 926 2338 997 qui
2371 926 2570 981 bonum
2602 928 2787 997 incipit
2818 927 2974 993 velle,
3004 935 3059 982 et
3084 928 3231 996 cupit
3256 926 3325 983 ab
3356 927 3637 997 iniquitate
3667 936 3831 1000 atque

2248 1031 2434 1072 errore
2461 1018 2762 1084 discedere,
2792 1020 3018 1087 gratiam
3048 1018 3144 1074 Dei
3174 1019 3277 1074 hoc
3300 1019 3482 1087 ipsum
3510 1022 3832 1089 proﬁtemur

2247 1110 2480 1177 operari.
2514 1109 2776 1175 Quoniam
2803 1126 2835 1163 a
2866 1108 3090 1162 Domino
3114 1126 3315 1181 gressus
3345 1109 3568 1166 hominis
3594 1112 3834 1183 dirigun-

2249 1210 2351 1269 tur,
2382 1209 2430 1254 et
2471 1202 2604 1253 viam
2638 1204 2749 1273 ejus
2792 1202 2921 1254 t‘olet
2964 1200 3083 1270 (Ps.
3111 1206 3299 1266 ‘xxsvr,
3338 1201 3461 1272 23);
3493 1214 3568 1267 et,
3591 1203 3619 1241 ι
3653 1205 3834 1262 Omnis

2245 1292 2325 1345 vir
2371 1290 2567 1344 videtur
2602 1292 2699 1345 sibi
2719 1293 2918 1362 justus,
2951 1292 3126 1364 dirigit
3161 1302 3331 1345 autent
3377 1295 3537 1350 corda
3582 1293 3834 1355 Dominus

2247 1380 2429 1453 (Prov.
2461 1399 2573 1451 ssi,
2601 1382 2692 1453 2);
2740 1396 2817 1452 et,
2852 1385 2896 1436 Α
2928 1383 3145 1439 Domino
3166 1385 3461 1455 diriguntur
3483 1404 3687 1458 gressus
3708 1392 3833 1459 uiri,-

2244 1474 2479 1527 sn'artalis
2506 1484 2678 1527 autem
2716 1474 2972 1541 quomodo
2994 1476 3235 1547 intelligit
3254 1477 3362 1530 uias
3388 1494 3511 1533 suas
3535 1478 3719 1550 (Prov.
3743 1498 3833 1552 xx,

2246 1565 2381 1635 24)?
2411 1564 2430 1604 ι
2466 1568 2533 1621 Et
2558 1567 2698 1636 quod
2735 1567 2811 1621 ait
2848 1568 3144 1634 Apostolus
3173 1587 3186 1621 :
3222 1566 3343 1625 Non
3390 1571 3523 1624 enim
3564 1577 3836 1642 accepistis

2246 1658 2487 1726 spiritum
2507 1658 2763 1712 servitutis
2791 1659 2973 1714 iterum
3000 1659 3052 1713 in
3077 1660 3346 1725 timorem;
3376 1670 3415 1697 ω
3444 1662 3538 1716 sed
3566 1666 3837 1735 accepistis

2250 1748 2509 1819 Spiritum
2555 1750 2849 1819 adoptionis
2885 1760 2912 1787 ιι
2956 1750 3220 1820 ﬁliorum,
3273 1753 3328 1807 in
3375 1769 3476 1822 quo
3524 1756 3833 1825 clamamus,

547 1866 665 1921 quia
695 1851 825 1905 bona
856 1858 1001 1917 sunt,
1023 1859 1072 1904 et
1100 1852 1425 1922 exsequitur;
1454 1858 1505 1904 et
1534 1862 1851 1907 consummat
1886 1853 1943 1906 in
1972 1851 2139 1905 nobis.
2170 1843 2221 1906 Β
2245 1843 2388 1897 Abba
2423 1841 2582 1896 Pater
2608 1842 2785 1912 (Rom.
2808 1858 2923 1907 vm,
2950 1843 3069 1911 15).

546 1942 607 2000 In
639 1960 741 2013 qua
772 1943 1038 1999 sententia
1063 1944 1110 1998 si
1149 1952 1339 1999 auctor
1368 1944 1538 2013 ipsius
1568 1956 1936 2013 permaneret,
1968 1945 2142 2000 eccle-

544 2038 824 2095 siasticam
872 2038 1108 2107 regulam
1157 2053 1266 2091 non
1303 2037 1624 2102 excederet;
1662 2052 1844 2106 neque
1878 2038 2040 2091 simul
2088 2045 2143 2092 et

544 2126 720 2184 libero
765 2125 1043 2182 arbitrio‘1
1072 2127 1340 2192 infensus,
1382 2136 1439 2183 et
1479 2132 1669 2198 gratia:
1728 2128 1823 2184 Dei
1865 2137 2013 2184 esset
2059 2130 2143 2183 iu-

543 2235 732 2294 gratus
762 2240 776 2277 :
806 2237 1033 2292 quorum
1064 2231 1090 2259 σ
1117 2222 1350 2275 duorum
1395 2220 1525 2275 dum
1572 2237 1736 2277 unum
1777 2224 1829 2276 in
1876 2222 2045 2277 Paulo
2086 2232 2139 2279 et

544 2315 819 2382 Mattbaao,
846 2315 991 2370 aliud
1022 2315 1073 2369 in
1103 2314 1364 2369 Zacchaao
1389 2324 1443 2369 et
1474 2314 1686 2371 latrone
1713 2314 1921 2371 indicat
1950 2331 2141 2383 apera-

544 2414 685 2474 tum,
719 2423 826 2463 non
867 2407 1121 2478 intelligit
1155 2408 1209 2463 in
1256 2407 1359 2462 illis
1384 2422 1447 2463 se
1486 2407 1719 2464 liberum
1750 2408 2054 2474 arbitrium,
2084 2409 2137 2464 in

542 2499 666 2556 istis
690 2502 915 2572 gratiam
945 2501 1253 2557 sustulisse.
1710 2510 1737 2521 κ

1170 2591 1400 2649 CAPUT
1432 2592 1523 2648 IX.

540 2682 735 2740 Contra
758 2684 1072 2739 Cassianum
1100 2685 1346 2755 probatur
1371 2688 1437 2738 ea:
1481 2684 1769 2754 Scripturis
1800 2696 1848 2739 et
1890 2685 2136 2742 Ecclesia:

610 2758 1018 2830 definitionibus,
1055 2757 1259 2810 initium
1289 2755 1742 2830 bonazpoluntatis
1773 2774 1880 2813 esse
1907 2776 1970 2813 ea:
2014 2776 2136 2830 gra-

611 2838 702 2881 tia.
740 2827 942 2882 Primus
967 2830 1142 2894 homo,
1172 2839 1374 2882 creatus
1405 2826 1597 2896 absque
1625 2830 1761 2899 vitio,
1792 2840 1841 2883 et
1873 2826 2051 2899 potens
2083 2834 2135 2886 in

613 2899 745 2952 bono
792 2914 1114 2971 perseverare
1153 2902 1197 2953 si
1226 2901 1395 2962 vellet,
1425 2900 1583 2971 libero
1609 2898 1821 2952 arbitrio
1843 2903 2075 2955 discessit
2102 2921 2134 2957 a

615 2971 745 3024 bono
772 2970 867 3023 :in
891 2987 992 3041 quo
1013 2980 1123 3041 post
1149 2980 1410 3039 peccatum
1432 2970 1564 3041 nihil
1584 2971 1845 3035 remansit,
1876 2974 1974 3025 nisi
1996 2973 2133 3041 quod

613 3042 681 3097 ad
709 3040 1042 3113 tetnparalem
1077 3042 1289 3113 pertinet
1316 3043 1491 3095 sitan.
1542 3040 1602 3093 In
1631 3058 1787 3111 quam
1814 3040 2133 3113 profundum

609 3113 821 3187 malum
845 3122 952 3166 tota
979 3112 1205 3187 humana
1235 3125 1420 3187 natura
1448 3113 1785 3187 demersasit
1804 3112 1950 3187 illius
1993 3131 2128 3187 pra:-

608 3183 940 3237 t'aricatione.
999 3184 1238 3251 Deﬁnitio
1287 3184 1503 3250 septima
1553 3182 1837 3237 Cassiani:
1870 3182 2130 3239 Adﬂlltum

608 3266 721 3325 post
747 3255 1218 3324 pravaricationem
1248 3256 1507 3321 accepisse
1534 3254 1797 3307 scientiam
1840 3256 1985 3325 ntali,
2029 3274 2129 3311 non

607 3327 840 3380 amisisse
862 3328 1132 3379 scientiam
1158 3327 1296 3379 boni.
1324 3325 1619 3395 Refellitur.

607 3417 795 3490 [Alias.
836 3418 964 3474 CAP.
1010 3417 1175 3489 XVI.]
1208 3416 1258 3471 1.
1298 3417 1500 3471 Deinde
1529 3416 1729 3486 adjecit
1767 3435 1780 3471 :
1826 3418 1967 3471 Nam
2014 3436 2131 3474 cum

537 3513 720 3567 viderit
751 3529 844 3565 nos
870 3509 889 3550 ί
926 3510 1065 3565 Deus
1093 3510 1161 3563 ad
1193 3510 1377 3564 bonum
1407 3509 1534 3563 velle
1561 3510 1852 3580 deﬂectere,
1886 3515 2129 3578 occurrit,

534 3606 734 3675 dirigit,
776 3614 928 3674 atque
954 3603 1232 3673 confortat.
1269 3602 1350 3655 Ad
1387 3618 1562 3656 vocem
1600 3604 1735 3657 enim
1764 3605 2003 3658 clamoris
2033 3606 2129 3672 tui,

532 3700 704 3752 statim
729 3708 783 3752 ut
809 3697 1049 3761 audierit,
1074 3694 1397 3768 respondebit
1427 3695 1515 3748 tibi
1532 3693 1713 3761 (Isaia:
1737 3712 1863 3761 xxx,
1890 3697 1977 3767 l9)
2008 3714 2021 3751 :
2050 3707 2125 3764 et,

532 3791 725 3846 Invoca
762 3808 861 3858 me,
890 3792 1079 3861 inquit,
1102 3791 1157 3845 in
1183 3792 1266 3843 die
1296 3789 1646 3844 tribulationis
1675 3800 1798 3854 tuta,
1830 3801 1878 3845 et
1914 3793 2130 3863 eripiam

535 3891 603 3953 te,
633 3894 679 3938 et
700 3894 724 3931 ε
757 3884 1069 3956 glorificabis
1103 3900 1182 3938 me
1202 3882 1376 3955 (Psal.
1408 3899 1557 3951 sus,
1590 3883 1704 3954 15).
1753 3884 1883 3951 Quis
1913 3900 2017 3940 non
2052 3887 2129 3940 vi-

608 4097 632 4124 ³
653 4086 743 4142 Sic
764 4083 1095 4144 mss.lCnrb..
1111 4082 1320 4152 Remig.
1351 4093 1405 4139 et
1424 4083 1559 4149 Jol.,
1575 4096 1697 4137 cum
1719 4082 1849 4136 edit.
1877 4081 2119 4150 Magum.

532 4166 589 4213 et
617 4158 753 4212 Ven.
787 4164 853 4210 At
883 4156 1073 4224 Lugd.,
1104 4155 1329 4216 anan.,
1365 4156 1527 4206 lluttc.
1559 4166 1609 4205 et
1636 4154 1925 4224 Colon.,_et
1948 4155 2038 4221 qui
2060 4170 2125 4209 ex

532 4230 813 4300 semetipsis
855 4222 999 4281 erant
1040 4227 1284 4300 tenebraf,
1314 4226 1406 4278 luat
1442 4225 1732 4300 efﬁciantur
1765 4226 1818 4300 in
1856 4222 2079 4300 Domino
2101 4240 2120 4279 :

531 4301 673 4371 quod
710 4296 975 4352 mortuum
1016 4307 1122 4371 erat
1150 4298 1457 4364 viviﬁcetur,
1489 4297 1623 4364 quod
1642 4296 1846 4366 jacebat
1872 4297 2119 4364 erigatur,

532 4370 670 4443 quod
696 4372 912 4443 perierat
941 4370 1243 4443 inveniatur.

602 4438 631 4478 δ
662 4434 939 4495 Εἰιίιίοιιεδ
968 4440 1201 4507 Mogunt.
1228 4448 1279 4491 et
1304 4436 1464 4501 Ven.,
1497 4434 1611 4488 Hoc
1636 4436 1689 4488 in
1734 4436 1962 4489 omnibus
1984 4438 2123 4491 inve-

530 4512 671 4584 nitur
700 4530 907 4584 prorsus
936 4511 1241 4569 hominibus,
1271 4510 1357 4578 qui
1378 4515 1633 4584 eruuntur
1658 4546 1672 4559 .
1702 4547 1713 4559 .
1742 4546 1756 4559 .
1786 4545 1798 4558 .
1832 4508 2119 4562 dilectionis
2152 4523 2198 4584 ι)

530 4580 652 4639 Dei.
692 4583 801 4635 Hoc
828 4584 936 4635 sine
964 4584 1263 4649 cujusquam
1292 4578 1586 4646 exceptione
1614 4593 1862 4649 personat,
1898 4591 2005 4633 etc.

607 4664 627 4691 ε
658 4654 785 4706 Mss.
814 4654 994 4727 Corb.,
1028 4648 1236 4721 “Cllllg.
1267 4662 1323 4727 et
1346 4650 1453 4703 Jul.
1476 4691 1490 4708 ,
1519 4650 1693 4727 datum
1722 4648 1926 4701 bonum.
1960 4649 2037 4705 lla
2065 4659 2121 4705 et

530 4738 718 4790 supra,
749 4740 867 4792 cap.
895 4726 963 4789 ‘2;
995 4727 1177 4776 ceteri
1202 4766 1213 4783 ,
1243 4724 1417 4774 datum
1446 4724 1717 4787 optimum.
1828 4738 1833 4743 ν

604 4793 629 4830 ά
662 4794 937 4849 Editiones
980 4795 1221 4863 Lugdun.
1263 4805 1317 4847 et
1356 4807 1417 4845 ea
1460 4791 1658 4858 posteri
1686 4804 1835 4863 ures_._
1866 4789 2114 4857 offensus.

520 4865 723 4921 Melius
768 4882 896 4922 ηιμ.
921 4861 1086 4921 Curii.
1108 4907 1121 4932 ,
1156 4864 1363 4933 Retttig.
1400 4877 1449 4914 ot
1477 4863 1607 4923 Jo|.,
1638 4875 1759 4915 cum
1792 4861 2029 4930 Mogunt.
2062 4873 2119 4918 et

528 4936 664 4991 Ven.
693 4979 706 4999 ,
748 4939 977 5005 infensus
1018 4951 1036 4988 :
1079 4938 1169 5004 qui
1220 4936 1470 4987 videlicet
1496 4934 1749 5005 liberum
1795 4936 2112 5002 arbitrium,

525 5018 785 5076 quantum
806 5003 865 5060 in
898 5008 1015 5075 ipso
1047 5003 1147 5063 est.
1178 5005 1393 5058 auferre
1423 5003 1685 5056 videatur.

601 5089 623 5114 °
658 5079 713 5132 lu
744 5079 873 5131 edit.
907 5077 1075 5145 Lugd.
1112 5089 1217 5129 non
1248 5077 1436 5143 legitur
1462 5090 1563 5127 vos
1597 5076 1838 5128 duorum.
1882 5076 1937 5129 In
1966 5089 2032 5127 eo
2060 5084 2116 5130 et

524 5148 662 5202 Lov.
690 5189 703 5209 ,
738 5148 899 5202 Duae.
941 5159 996 5200 el.
1020 5147 1247 5210 Colum,
1290 5163 1390 5216 pro
1430 5146 1552 5197 dicit
1589 5159 1883 5213 aperatum,
1922 5146 2117 5209 legitur

521 5220 722 5290 indicat
752 5225 1036 5284 operatum.
1073 5217 1127 5272 ltt
1151 5219 1340 5271 eodem
1375 5217 1568 5290 Lugd”
1606 5219 1659 5270 in
1689 5219 1782 5269 illo
1814 5233 1866 5271 se
1896 5216 2116 5271 liberum

524 5288 897 5361 arbitriutn._in
924 5289 1025 5343 ista
1054 5291 1271 5361 gratiam
1299 5288 1585 5361 sustulisse.

603 5359 623 5396 ί
654 5361 774 5412 Mss.
807 5358 993 5423 Corb.,
1025 5355 1227 5422 Ιῖριιιὶκ.
1263 5371 1315 5413 et
1342 5360 1471 5416 Jol.,
1501 5357 1752 5409 mnittunt
1790 5355 1959 5423 Deus;
1986 5360 2114 5423 ‘pos-

526 5434 618 5483 tea
651 5431 845 5484 habent
869 5432 994 5485 velle
1024 5433 1242 5501 ﬂectere.
1275 5429 1346 5501 Ita
1372 5430 1532 5501 etiam
1580 5427 1711 5501 edit.
1736 5427 1871 5501 diog.
1898 5441 1950 5481 et
1972 5430 2108 5501 )‘en.

602 5509 628 5547 Β
657 5502 777 5553 Mss.
803 5502 990 5567 Corb.,
1015 5498 1221 5568 Remig.
1247 5511 1293 5552 et
1321 5500 1451 5561 J-t|.,
1478 5498 1827 5567 magniﬁcabis
1847 5515 1942 5553 me.
1966 5500 2107 5554 Edil.

520 5568 766 5641 “agunt.
789 5580 842 5625 et
864 5571 1021 5635 Verr,
1048 5572 1409 5640 honoriﬁcubis
1444 5586 1540 5621 me.

601 5639 638 5680 κ
664 5644 933 5713 Edttiunes
963 5642 1192 5703 Mugunt.
1228 5639 1281 5696 et
1312 5641 1466 5703 Vett.,
1499 5640 1639 5707 quod
1667 5639 1949 5713 pra'tteniat
1980 5658 2105 5713 gra-

523 5712 672 5778 tiam,
725 5710 999 5779 unicuique
1031 5715 1319 5776 (mutuetur,
1354 5726 1471 5780 pro,
1506 5710 1688 5776 cuique
1716 5710 2012 5781 famulatur,
2051 5722 2110 5767 ut

522 5796 659 5842 mss.
686 5783 889 5851 Remig.
919 5792 975 5835 et
997 5780 1129 5847 Jol.,
1155 5795 1206 5837 et
1234 5784 1365 5836 edit.
1403 5781 1537 5853 Ven.
1580 5780 1753 5853 Lugd.
1787 5796 1939 5853 vero,
1968 5782 2108 5853 quod

515 5849 867 5916 naventutui
890 5855 1063 5923 gratia
1077 5890 1094 5921 ,
1115 5857 1255 5925 eique
1281 5849 1565 5923 [atnuletur

2316 1935 2483 2007 [Alias
2506 1935 2637 1991 Car.
2666 1935 2861 2008 XVII.]
2901 1935 2956 1990 2.
2990 1934 3117 1991 Post
3147 1936 3263 1994 haec
3287 1946 3312 1975 °
3336 1940 3601 2007 sequitur,
3622 1949 3679 1996 et
3706 1940 3836 1999 dicit

2248 2027 2463 2100 (Collat.
2499 2029 2567 2084 15
2613 2044 2660 2083 c.
2700 2028 2833 2098 12):
2878 2027 2993 2083 Nec
3039 2029 3173 2084 enim
3198 2032 3353 2086 talem
3391 2030 3529 2087 Deus
3578 2035 3835 2090 hominem

2243 2122 2425 2190 fecisse
2451 2120 2737 2174 credendus
2763 2132 2859 2182 est.
2886 2121 2975 2190 qui
3004 2137 3096 2175 nec
3123 2122 3243 2177 velit
3263 2139 3530 2195 umquam,
3558 2142 3651 2181 nec
3675 2130 3835 2198 possit

2244 2213 2449 2268 bonum.
2491 2214 2733 2280 Alioquin
2764 2229 2858 2268 nec
2880 2213 3096 2268 liberum
3138 2216 3185 2271 ei
3213 2218 3439 2286 permisit
3473 2218 3770 2284 arbitrium,
3792 2222 3835 2276 si

2242 2318 2271 2358 Ρ
2301 2309 2347 2363 ei
2372 2308 2729 2362 tantummodo
2765 2306 2959 2361 malum
2980 2318 3036 2362 ut
3064 2309 3181 2363 velit
3214 2319 3260 2363 et
3278 2310 3462 2381 possit,
3495 2310 3686 2364 bonum
3714 2328 3833 2367 vero

2240 2416 2332 2454 nec
2360 2400 2487 2453 velle
2515 2416 2605 2453 nec
2640 2416 2787 2471 posse
2830 2402 3101 2455 concessit.
3145 2399 3215 2455 Et
3254 2402 3509 2472 quomodo
3546 2404 3703 2458 stabit
3740 2405 3833 2459 illa

2238 2489 2453 2545 Domini
2480 2500 2592 2558 post
2618 2493 3089 2561 praevaricationem
3129 2494 3283 2563 primi
3320 2494 3539 2548 hominis
3565 2493 3674 2549 lata
3708 2513 3831 2551 sen-

2238 2584 2417 2647 tentia,
2442 2581 2574 2638 Ecce
2594 2584 2760 2637 Adam
2789 2587 2955 2654 [actus
2977 2594 3051 2639 est
3073 2584 3207 2638 sicut
3228 2601 3361 2638 unus
3390 2601 3452 2638 ex
3473 2586 3641 2653 nobis,
3663 2588 3832 2643 sciens

2238 2677 2425 2732 bonum
2457 2688 2504 2732 et
2531 2678 2725 2732 malum
2753 2677 2910 2749 (Gen.
2938 2694 3019 2744 ιιι,
3043 2676 3179 2749 22)?
3218 2677 3341 2732 Non
3369 2680 3510 2732 enim
3554 2680 3675 2735 talis
3715 2692 3834 2738 ante

2236 2775 2400 2844 fuisse
2427 2774 2687 2841 putandus
2726 2781 2821 2838 est,
2866 2774 2954 2842 qui
2995 2773 3114 2827 boni
3154 2782 3280 2827 esset
3326 2788 3539 2841 prorsus
3585 2776 3829 2846 ignarus.

2236 2865 2479 2935 Alioquin
2522 2865 2659 2920 velut
2690 2866 2952 2933 quoddam
2981 2865 3335 2920 irrationabile
3359 2876 3389 2916 ιι
3414 2875 3570 2936 atque
3594 2869 3833 2922 insensa-

2236 2965 2346 3011 tum
2375 2957 2573 3011 animal
2599 2974 2714 3011 eum
2746 2957 3009 3026 fatendum
3053 2966 3127 3011 est
3154 2958 3317 3027 fuisse
3344 2962 3627 3030 formatum
3649 2976 3668 3013 :
3694 2964 3835 3032 quod

2232 3050 2357 3104 satis
2396 3049 2698 3114 absurdum,
2743 3056 2898 3119 atque
2935 3065 2969 3103 α
3014 3049 3269 3103 catholica
3311 3051 3414 3119 [ide
3443 3060 3467 3090 ι’
3519 3053 3835 3107 omnimodis

2236 3142 2457 3195 alienum
2484 3150 2576 3197 est.
2608 3141 2746 3207 Quin
2773 3142 2929 3195 immo
2968 3142 3249 3195 secundum
3293 3143 3591 3197 sententiam
3618 3146 3836 3214 sapien-

2159 3223 2205 3286 C
2237 3234 2418 3289 tissimi
2447 3234 2761 3301 Salomonis,
2795 3235 2917 3303 fecit
2944 3232 3082 3287 Deus
3110 3234 3363 3290 hominem
3386 3246 3588 3290 rectum
3632 3234 3832 3307 (Eccli.

2233 3339 2328 3392 vn,
2359 3325 2449 3396 50)
2474 3341 2487 3379 :
2517 3326 2572 3378 id
2603 3335 2697 3393 est,
2723 3336 2778 3380 ut
2816 3334 3016 3379 tantum
3044 3325 3160 3380 boni
3186 3328 3403 3380 scientia
3435 3329 3638 3399 jugiter
3682 3328 3833 3399 {rue-

2232 3427 2420 3473 retur:
2448 3420 2535 3473 sed
2564 3420 2665 3489 ipsi
2708 3422 3018 3489 quaesierunt
3057 3420 3389 3490 cogitationes
3428 3422 3643 3476 inultas.
3675 3420 3839 3478 Facti

2232 3512 2368 3566 enim
2398 3519 2538 3575 sunt,
2582 3520 2638 3565 ut
2687 3511 2883 3565 dictum
2927 3521 3019 3571 est.
3052 3512 3266 3566 scientes
3306 3512 3493 3567 bonum
3516 3522 3565 3569 et
3608 3515 3838 3571 malum.

2224 3601 2475 3672 Concepit
2518 3619 2637 3673 ergo
2676 3603 2845 3657 Adam
2869 3613 2983 3675 post
3006 3604 3494 3676 prtevaricationem,
3538 3621 3700 3676 quam
3730 3623 3839 3661 non

2238 3698 2506 3761 habuerat,
2539 3697 2807 3751 scientiam
2835 3697 2995 3765 mali;
3025 3697 3146 3752 boni
3167 3714 3303 3767 vero,
3338 3714 3493 3770 quam
3528 3709 3833 3771 acceperat,

2237 3791 2503 3847 scientiam
2527 3806 2630 3843 non
2650 3791 2843 3845 amisit.

2310 3883 2478 3957 [Alias
2513 3881 2648 3937 CAP.
2675 3879 2887 3953 XVIIH
2915 3884 2969 3939 ὅ.
3003 3881 3229 3939 Rectum
3255 3890 3278 3919 ⁸
3310 3890 3470 3954 atque
3506 3883 3661 3939 omni
3693 3883 3840 3939 vitio

2308 4082 2325 4119 ί
2360 4080 2435 4135 lta
2468 4094 2599 4135 mss.
2622 4079 2787 4135 Corb.
2810 4123 2826 4144 ,
2855 4078 3063 4149 Remig.
3096 4087 3153 4133 et
3178 4078 3311 4148 Jol.,
3350 4094 3471 4134 cum
3498 4078 3750 4147 lingunt.
3784 4092 3844 4139 et

2233 4153 2370 4207 Ven.
2400 4151 2572 4210 Lugd.
2608 4166 2738 4206 vero
2767 4159 2824 4205 et
2852 4150 3187 4207 recentiores
3216 4150 3337 4219 illa,
3377 4168 3411 4203 α
3442 4149 3662 4222 Pelagio
3693 4169 3839 4207 aita-

2228 4223 2446 4278 themate
2471 4224 2715 4276 damnata
2741 4231 2835 4275 est.

2304 4295 2317 4345 i
2352 4294 2448 4348 Ms.
2463 4294 2593 4358 Jol.,
2612 4310 2667 4347 co
2689 4296 2819 4347 enim
2839 4294 2978 4363 quod
2998 4292 3187 4347 bonum
3206 4294 3321 4361 quis
3341 4294 3523 4363 incipit
3540 4292 3696 4359 velle,
3718 4306 3839 4351 etc.

2278 4364 2501 4491 :tEdit.
2533 4366 2772 4435 Moguut.
2805 4376 2862 4421 et
2910 4365 3075 4431 νου..
3107 4364 3286 4419 Omnis
3319 4366 3402 4418 via
3434 4365 3532 4417 viri
3557 4375 3706 4420 recta
3731 4368 3841 4422 sibi

2315 4455 2340 4489 ε
2368 4454 2450 4489 ur.

2224 4437 2450 4490 videtur.

2302 4506 2320 4546 ι
2355 4506 2548 4575 Lugd.,
2580 4506 2644 4561 Et
2672 4507 2925 4578 quomodo
2951 4508 3025 4561 ait
3049 4505 3346 4579 Apostolus.

2294 4587 2335 4615 ω
2355 4580 2629 4633 Editinnes
2651 4593 2841 4632 omnes
2862 4592 2982 4631 cum
3006 4578 3106 4631 ms.
3134 4578 3263 4640 lol.,
3288 4578 3340 4631 in
3365 4578 3563 4630 timore.
3589 4578 3659 4631 At
3682 4594 3833 4634 mss.

2220 4648 2384 4707 Corb.
2416 4660 2469 4703 et
2499 4650 2731 4721 Reddin,
2760 4650 2814 4702 in
2845 4650 3095 4714 timorem,
3124 4650 3277 4718 juxta
3312 4648 3492 4721 (ξι-ωε.
3526 4650 3603 4709 ei;
3635 4651 3833 4721 φόϐον.

2288 4729 2322 4758 ιι
2352 4722 2481 4776 Haec
2521 4737 2625 4775 Vt)!
2656 4720 2888 4789 filiorum
2914 4721 3071 4774 abest
3105 4735 3296 4791 aimss.
3331 4720 3541 4789 Remig.
3585 4720 3651 4775 et
3680 4722 3837 4791 Jol.,

2219 4806 2321 4848 nec
2349 4808 2456 4845 non
2484 4795 2553 4847 ab
2583 4793 2745 4846 editis
2776 4792 3015 4859 Mogunt.
3050 4800 3105 4845 et
3137 4790 3273 4847 Ven.

2293 4871 2318 4899 ο
2354 4864 2496 4918 Edit.
2544 4863 2743 4934 Lugd.,
2790 4862 3028 4926 Lovan.,
3078 4862 3240 4917 Duae.
3288 4870 3344 4917 et
3384 4860 3605 4928 Colou.,
3642 4879 3839 4931 perse-

2256 4935 2413 4989 uitur.

2218 4952 2424 5059 (Inimica
2456 5018 2587 5058 mss.
2618 5004 2807 5072 Corb.,
2852 5003 3058 5074 Remig.
3093 5012 3151 5057 et
3187 5002 3476 5069 .loliensis,
3522 5017 3645 5059 cum
3675 5005 3837 5061 edit.

2217 5077 2459 5146 Magum.
2492 5086 2543 5130 et
2577 5074 2709 5129 Ven.
2738 5096 2752 5135 ς
2803 5085 2859 5129 at
2898 5075 3142 5139 Lugdun.
3173 5086 3226 5127 et
3250 5075 3583 5144 posteriores
3609 5113 3625 5138 .
3670 5076 3724 5130 si
3781 5081 3836 5132 ei

2220 5148 2575 5201 tantummodo
2601 5148 2794 5198 malum
2829 5156 2877 5198 et
2906 5146 3032 5199 velle
3061 5156 3104 5198 et
3131 5162 3300 5215 posse.

2290 5220 2400 5273 (t'ln
2434 5232 2565 5270 mss.
2604 5218 2810 5283 Remig.
2848 5227 2902 5270 et
2928 5216 3071 5280 Jol.,
3105 5214 3232 5271 item
3272 5216 3325 5270 in
3366 5216 3497 5271 edit.
3541 5214 3837 5285 Magum”

2215 5288 2354 5345 Ven.
2380 5300 2431 5343 et
2458 5287 2645 5357 Lugd“
2676 5286 2790 5340 tunc
2817 5288 2979 5341 verba
3008 5302 3112 5341 non
3140 5288 3436 5351 habentur,
3460 5297 3617 5358 atque
3638 5301 3844 5342 insen-

2214 5371 2406 5414 satum.
2433 5361 2531 5414 Ms.
2557 5359 2691 5418 .lol..
2716 5357 2851 5411 velut
2871 5358 3168 5412 irrationale
3184 5368 3453 5430 quoaaam
3472 5357 3669 5412 animal
3696 5376 3839 5413 eum

2214 5431 2394 5500 fecisse
2420 5429 2700 5483 credendus
2730 5439 2825 5483 est.
3148 5464 3153 5467 ι

2286 5510 2310 5539 ι’
2348 5501 2489 5555 Edtt.
2516 5502 2731 5567 MOguttt
2756 5510 2811 5552 et
2834 5500 2990 5566 \’en.,
3016 5499 3250 5554 omnibus
3271 5501 3456 5553 modis.
3479 5498 3677 5569 Lugd"
3711 5498 3844 5555 L0.

2213 5586 2338 5625 van.
2366 5582 2421 5625 et
2451 5572 2638 5632 Duac.,
2666 5572 2974 5625 omnimode.
3003 5569 3219 5637 Colon.,
3250 5577 3548 5638 commode,
3576 5581 3674 5625 sed
3725 5588 3841 5627 cr-

2212 5656 2338 5697 rttre
2367 5642 2704 5713 typograplti.

2285 5720 2306 5749 ³
2336 5712 2504 5782 Lugd.
2539 5715 2694 5778 edit.,
2731 5712 2941 5766 Rectum
2980 5726 3199 5783 namque
3227 5721 3275 5767 et
3320 5713 3479 5767 omni.
3507 5712 3684 5780 Quasi
3723 5726 3843 5773 se-

2210 5783 2321 5843 ries
2339 5794 2482 5842 eSset
2510 5786 2800 5841 verborum
2827 5784 3133 5852 Collatoris,
3164 5784 3261 5841 sed
3286 5785 3455 5841 male.
