4028 6352
189 331 287 408 ἣν

1262 329 1459 391 LIBER
1498 328 1778 387 CONTRA
1810 327 2303 387 CODLATOREM.

3342 332 3453 393 238

196 464 438 516 arentem
476 456 719 505 creatum
748 461 878 504 esse
904 446 1143 516 primum
1182 444 1490 519 hominem,
1539 444 1589 497 iu
1642 461 1753 513 ψη·
1778 450 1831 511 Α
1856 445 2076 505 dientiae
2098 446 2309 512 pietate
2340 447 2583 518 detectus
2606 456 2685 503 est
2718 464 2734 505 :
2764 464 2869 506 nec
2895 449 3012 519 ipso
3038 452 3227 505 saltem
3256 451 3453 508 timore

194 551 404 609 omnium
433 543 705 599 hominum
735 552 1023 595 concreata
1050 550 1237 593 natura
1267 547 1371 604 est,
1397 534 1647 592 dubitare
1664 536 1753 591 'l'as

186 655 285 700 non
310 647 417 703 est;
457 648 691 704 eumque
718 633 828 701 tale
873 632 1148 702 accepisse
1179 630 1411 687 liberum
1442 629 1749 695 arbitrium,

192 732 303 791 utsi
322 728 663 784 auxiliantetu
690 724 793 779 sibi
841 724 1010 779 Deum
1036 732 1063 759 ι
1093 738 1200 779 non
1238 722 1541 790 desereret,
1566 720 1593 759 δ
1626 736 1753 791 pos-

187 835 260 884 set
298 825 345 879 in
374 819 525 876 bonis
570 835 694 889 quc
723 818 1039 872 naturaliter
1063 824 1367 884 acceperat.
1398 829 1752 885 perseverare

189 918 290 989 quia
313 914 492 977 vellet;
537 924 597 967 et
634 910 834 967 merito
879 909 1198 965 voluntariae
1250 908 1664 979 perseverantia:
1690 907 1749 965 in

149 1032 152 1039 ν
186 1025 285 1066 eam
312 1005 688 1062 beatitudinem
710 1014 737 1044 θ
767 1001 1069 1073 pervenire,
1095 1014 1152 1056 ut
1179 1016 1282 1057 nec
1308 1001 1472 1056 vellet
1498 1000 1753 1059 decidere

186 1104 231 1157 in
252 1100 525 1164 deteriora,
556 1112 659 1153 nec
696 1106 904 1167 posset.
937 1094 1105 1168 [Alios
1134 1095 1265 1152 (In.
1294 1092 1465 1164 xm]
1495 1094 1602 1149 Sed
1633 1094 1752 1163 ipso

182 1194 332 1251 libero
375 1192 623 1257 arbitrio,
656 1206 764 1261 quo
803 1190 1060 1260 quamdiu
1102 1190 1273 1243 voluit
1316 1188 1490 1243 bonus
1529 1188 1747 1253 mansit,

182 1282 357 1359 md
378 1302 406 1339 ει
433 1286 714 1355 proposita
737 1283 843 1337 sibi
873 1282 988 1351 lege
1014 1281 1304 1345 discessit;
1337 1295 1436 1333 uer.
1459 1279 1748 1334 denuntia-

178 1390 239 1437 te
255 1381 343 1435 sibi
360 1378 556 1434 mortis
572 1394 632 1431 su
645 1377 899 1449 pplicium
920 1374 1256 1443 formidavit,
1275 1374 1534 1430 deserens
1552 1374 1751 1442 Deum,

182 1485 227 1531 et
261 1488 471 1544 sequens
508 1473 788 1527 diabolum
811 1515 826 1541 ,
854 1471 1076 1525 rebellis
1117 1470 1353 1525 Domino
1387 1478 1410 1507 ⁸
1462 1469 1745 1535 servatori,

178 1575 227 1621 et
245 1566 444 1620 inimico
468 1564 732 1618 obediens
759 1562 1109 1633 peremptori.
1138 1579 1159 1612 ί
1181 1560 1306 1615 Fuit
1326 1575 1457 1631 ergo
1483 1559 1671 1629 Adatu,
1695 1569 1750 1615 et

178 1658 224 1715 ia
247 1660 327 1712 illo
365 1658 565 1712 luimus
603 1671 828 1721 omnes;
862 1656 1023 1725 periit
1052 1654 1258 1719 Adam,
1285 1664 1342 1709 et
1370 1654 1424 1708 in
1452 1653 1545 1708 illo
1575 1652 1752 1722 perie-

176 1762 283 1807 runt
312 1766 491 1806 omnes
538 1748 743 1823 (Autbr.
787 1749 881 1803 lib.
920 1763 994 1802 vn
1029 1749 1083 1803 in
1115 1746 1273 1802 Luca:
1306 1764 1353 1801 c.
1389 1743 1499 1814 xv).
1524 1763 1545 1799 ι
1592 1744 1746 1812 Quod

1852 537 1961 593 sibi
1988 538 2001 587 l
2036 538 2266 608 reliquo,
2300 549 2358 593 ut
2381 542 2447 591 ab
2471 540 2772 595 interdictis
2801 541 2882 596 vel
2915 552 3059 595 metu
3091 536 3301 597 eaVeret
3336 558 3454 612 po:-

1854 645 1975 696 ttar,
2005 631 2095 705 qui
2139 628 2164 667 ¹ι
2204 647 2308 686 non
2347 631 2647 689 abstineret
2684 650 2868 690 amore
2904 634 3149 704 jltslillm.
3193 632 3449 697 Liberum

1850 738 1984 793 ﬁngo
2022 724 2342 801 arbitrium,
2374 727 2427 780 id
2466 736 2580 791 est.
2609 729 2683 783 rei
2724 728 2829 784 sibi
2871 729 3082 797 placitae
3121 743 3449 800 spontaneus

1852 817 2151 886 appetitus,
2186 818 2272 872 ubi
2297 832 2453 889 usum
2486 820 2749 875 bonorum
2776 836 2898 892 quae
2926 833 3213 892 acceperat
3242 819 3448 878 fastidi-

1854 906 1955 974 vit,
1985 918 2039 962 et
2060 909 2455 964 vilescentibus
2483 911 2586 966 sibi
2620 911 2889 967 felicitatis
2915 910 3027 969 suae
3051 908 3337 985 praesidiis,
3364 916 3450 969 in-

1854 1015 2040 1061 sanam
2074 1003 2424 1075 cupiditatem
2461 1004 2527 1059 ad
2556 1006 2944 1072 experientiam
2984 994 3447 1077 prmvarieationis

1848 1092 2108 1161 intendit,
2142 1095 2279 1149 bibit
2306 1098 2544 1151 omnium
2581 1097 2831 1152 vitiorum
2858 1115 3154 1166 venenum,
3192 1110 3247 1154 et
3280 1086 3446 1154 totam

1852 1196 2103 1242 naturam
2138 1189 2372 1243 hominis
2406 1186 2425 1226 ι
2458 1192 2889 1261 intemperantia
2915 1208 3023 1247 sua»
3045 1184 3447 1249 ebrietatema-

1851 1279 2068 1337 defecit.
2087 1282 2212 1337 lude
2232 1286 2539 1355 priusquam
2563 1286 2775 1340 edendo
2792 1302 3008 1342 carncut
3213 1276 3329 1344 Filii
3350 1287 3447 1347 ho-

1852 1374 2035 1443 minis,
2065 1388 2118 1431 et
2156 1378 2391 1441 bibendo
2429 1380 2746 1449 sanguinem
2787 1381 2926 1452 ejus,
2961 1366 3212 1437 letlialem
3241 1374 3448 1456 digerat

1852 1469 2253 1537 cruditatem,Im
2285 1468 2431 1525 labat
2454 1474 2733 1538 memoria,
2764 1484 2911 1528 errat
2934 1456 3163 1544 judicio.
3191 1458 3339 1529 nutat
3367 1477 3450 1531 in-

1852 1578 2041 1629 cessu;
2074 1580 2253 1635 neque
2286 1567 2396 1619 ullo
2430 1566 2591 1620 tundo
2621 1567 2851 1623 idoneus
2877 1578 2961 1623 est
2996 1556 3061 1623 ad
3089 1566 3219 1622 illud
3249 1562 3448 1625 Imaum

1852 1656 2159 1726 eligendum
2186 1669 2241 1714 et
2269 1660 2763 1729 concupiscendum
2782 1707 2796 1727 ,
2829 1678 2937 1733 quo
2958 1677 3017 1718 se
3044 1673 3238 1733 sponte
3269 1663 3449 1733 priva-

1851 1751 1927 1806 vit
1957 1769 1970 1805 :
2000 1753 2122 1821 quia
2153 1770 2258 1809 non
2290 1755 2428 1808 sicut
2473 1757 2643 1824 potuit
2674 1756 2786 1811 Deo
2820 1773 2926 1811 non
2970 1758 3286 1827 impellente
3321 1744 3449 1814 cor-

184 1844 241 1898 ita
268 1858 360 1896 non
390 1842 524 1896 falso
553 1841 690 1895 dixit
718 1840 911 1895 beatus
940 1838 1286 1905 Ambrosius,
1318 1837 1454 1893 sicut
1478 1852 1584 1891 non
1612 1835 1747 1892 t‘also
1775 1850 1825 1911 Β
1852 1861 2035 1912 ruere,
2069 1847 2139 1901 ita
2170 1857 2343 1914 potest
2376 1849 2488 1904 Det)
2516 1866 2621 1903 non
2648 1851 2889 1919 erigente
2918 1866 3266 1921 consurgere,

182 1940 277 2011 ipsa
300 1940 509 1996 Veritas
529 1940 630 2006 ait,
659 1936 677 1977 ί
703 1938 856 1993 Venit
884 1936 1056 1991 Filius
1083 1938 1303 1992 hominis
1328 1952 1560 2008 querere
1578 1946 1627 1992 et
1646 1938 1752 1992 sal—

182 2036 420 2104 mequod
441 2035 664 2106 perierat
691 2032 845 2101 (Luc.
874 2047 985 2097 ιιι,
1016 2032 1127 2098 lli).
1150 2030 1367 2086 Natura:
1395 2032 1540 2088 enim
1564 2031 1751 2087 huma-

181 2138 282 2194 πω,
320 2127 369 2180 in
408 2126 494 2180 illa
535 2125 864 2181 universalis
904 2124 1369 2195 prsevaricationis
1416 2126 1606 2189 ruina,
1652 2140 1751 2180 nec

180 2218 452 2274 substantia
478 2227 505 2267 ι
531 2231 718 2290 erepta
749 2225 834 2273 est
866 2232 965 2273 nec
995 2217 1277 2281 voluntas;
1313 2216 1406 2271 sed
1440 2216 1625 2273 lumen
1650 2218 1748 2274 de-

177 2322 359 2381 cusque
387 2312 665 2379 virtutum,
689 2312 891 2383 quibus
918 2310 1108 2366 fraude
1138 2310 1433 2367 invidentis
1463 2323 1622 2366 exuta
1645 2322 1747 2366 est.

182 2402 394 2461 Perditis
419 2415 597 2463 autem
620 2421 728 2477 per
750 2422 871 2477 quae
900 2405 967 2460 ad
1000 2414 1257 2461 aeternam
1280 2413 1445 2476 atque
1477 2407 1750 2461 iuamissi-

180 2496 326 2554 bilem
358 2501 597 2570 corporis
636 2496 668 2537 ¹ι
709 2499 985 2569 animique
1030 2499 1491 2569 incorruptionem
1539 2511 1752 2569 peierat

180 2594 481 2659 pervenire,
510 2594 629 2663 quid
655 2594 703 2649 ei
728 2593 1014 2660 remansit,
1045 2594 1145 2647 nisi
1184 2593 1331 2664 quod
1372 2593 1438 2649 ad
1481 2604 1750 2662 tempora-

180 2681 282 2737 lem
309 2686 534 2752 pertinet
555 2685 735 2751 vitam,
769 2700 891 2754 qua:
923 2696 1035 2741 tota
1066 2694 1149 2742 est
1176 2686 1541 2741 damnationis
1561 2697 1617 2743 et
1636 2702 1751 2757 pm-

184 2777 307 2831 ιιπῖ
339 2777 553 2848 Propter
572 2780 705 2849 quod
736 2790 882 2837 natos
913 2782 965 2834 in
996 2781 1165 2835 Adam
1197 2784 1411 2837 renasci
1446 2791 1665 2851 oportet
1696 2785 1747 2838 in

188 2865 412 2935 Christo,
456 2886 520 2927 ne
546 2873 591 2926 in
628 2872 716 2927 illa
746 2874 866 2943 quis
913 2873 1221 2929 inveniatur
1244 2876 1600 2943 generatione
1630 2890 1751 2945 qua:

181 2962 355 3029 periit.
385 2961 513 3016 Nam
540 2963 581 3019 si
611 2967 811 3033 posteri
840 2964 975 3020 Adae
1002 2966 1055 3019 in
1084 2966 1190 3019 illis
1213 2966 1505 3022 virtutibus
1534 2976 1750 3021 natura-

175 3054 295 3111 liter
329 3070 546 3127 agerent
591 3060 641 3113 in
672 3060 868 3130 quibus
920 3059 1093 3114 Adam
1132 3058 1233 3114 fuit
1269 3070 1394 3115 ante
1434 3070 1749 3130 peccatum,

174 3161 272 3203 non
300 3161 480 3205 essent
509 3162 695 3206 natura
734 3152 829 3206 lilii
863 3152 958 3207 ine
986 3150 1207 3225 (Ephcs.
1242 3168 1310 3217 tt,
1337 3150 1425 3223 ὃ),
1465 3151 1481 3190 ί
1522 3168 1629 3207 non
1660 3168 1750 3208 es-

1928 1936 2109 2010 [Alias
2135 1942 2263 1996 CAP.
2294 1940 2425 2013 XX]
2454 1941 2508 1997 4.
2542 1942 2658 1997 Non
2694 1944 2853 2013 igitur
2883 1954 3031 2000 recte
3070 1945 3273 2000 dictum
3310 1954 3393 2001 est
3422 1964 3436 2000 :

1854 2031 1968 2086 Nec
2010 2036 2148 2086 enim
2177 2037 2330 2089 talem
2362 2035 2500 2090 Deus
2530 2035 2788 2091 hominem
2819 2038 2999 2105 fecisse
3039 2038 3321 2093 credendus
3349 2047 3445 2127 est),

1850 2126 1941 2196 qui
1968 2142 2058 2180 nec
2089 2128 2207 2181 velit
2260 2144 2500 2199 umquam
2542 2145 2632 2183 nec
2680 2131 2842 2198 possit
2897 2130 3107 2184 bonum.
3138 2132 3303 2198 Quasi
3346 2126 3446 2193 nos

1848 2218 2012 2274 istam
2080 2218 2315 2274 hominis
2383 2220 2723 2276 debilitatem
2781 2237 2811 2276 a
2864 2220 3127 2278 Creatore
3202 2222 3449 2279 dicamus

1842 2314 2169 2382 conditam,
2202 2322 2260 2369 et
2292 2330 2395 2369 non
2428 2316 2641 2386 peccati
2691 2318 2887 2371 merito
2932 2318 3000 2371 ab
3048 2316 3271 2373 bouiine
3316 2333 3448 2374 con-

1855 2416 2104 2463 tractam.
2138 2408 2241 2477 Qui
2271 2425 2401 2479 ergo
2426 2418 2578 2479 putat
2606 2426 2951 2480 consequens
2979 2426 3101 2467 esse
3141 2420 3199 2465 ut
3238 2408 3283 2467 si
3316 2412 3447 2468 libe-

1854 2514 1972 2554 rum
1994 2501 2279 2555 arbitrium
2314 2510 2341 2537 ιι
2368 2502 2703 2556 obczeeatum
2734 2518 2857 2557 esse
2886 2502 3121 2563 dicatur.
3150 2501 3447 2557 obcmcatio

1853 2590 1968 2660 ipsa
1994 2591 2060 2645 ad
2094 2600 2300 2645 naturae
2326 2592 2597 2647 referatur
2623 2603 2902 2648 auctorem
2920 2634 2936 2660 ,
2970 2594 3080 2649 vult
3108 2597 3446 2662 persuadere

1852 2682 1995 2752 quod
2031 2691 2137 2736 tam
2168 2696 2359 2737 sanum
2392 2684 2462 2737 sit
2494 2683 2545 2737 in
2580 2684 2709 2738 Atla:
2757 2686 2990 2754 posteris
3038 2685 3269 2740 liberum
3301 2684 3447 2741 arbi-

1854 2775 2039 2838 trium,
2072 2791 2232 2845 quam
2264 2777 2317 2829 in
2360 2776 2533 2831 Adam
2569 2776 2666 2830 fuit
2709 2785 2836 2831 ante
2885 2786 3164 2847 peccatum
3197 2796 3208 2832 :
3244 2787 3269 2814 °
3297 2778 3444 2850 quod

1852 2869 1987 2923 satis
2014 2868 2247 2923 alienum
2278 2884 2308 2923 a
2357 2870 2622 2923 catholica
2658 2870 2760 2925 lide
2801 2871 3070 2927 ducimus.
3111 2872 3253 2939 Quid
3297 2873 3443 2929 enim

1854 2970 2076 3029 peccato
2106 2962 2292 3016 laesum
2326 2970 2429 3028 est,
2463 2963 2505 3014 si
2540 2962 2589 3016 id
2620 2962 2808 3017 laesum
2841 2978 2947 3018 non
2980 2972 3063 3018 est
3086 2964 3230 3019 unde
3256 2979 3445 3031 pecea-

1854 3063 1965 3109 tum
1992 3054 2121 3107 est?
2148 3053 2260 3108 Nisi
2295 3053 2435 3107 forte
2467 3054 2678 3108 dicatur
2717 3053 2768 3107 in
2796 3054 2927 3109 Adae
2956 3066 3204 3124 posteros
3228 3050 3441 3125 pinnam

1856 3146 2151 3212 transisse,
2190 3161 2295 3201 non
2338 3147 2549 3214 culpam
2604 3164 2616 3199 ε
2666 3145 2809 3217 quod
2861 3156 2889 3197 Ρ
2942 3148 3257 3202 omnimodo
3311 3148 3447 3203 falso

172 3250 282 3295 sent
312 3244 547 3297 lenebrm
580 3241 801 3313 (Epiros.
832 3261 894 3306 ν,
920 3244 1008 3313 8),
1043 3260 1143 3300 nec
1169 3245 1272 3300 sub
1299 3256 1568 3314 potestate
1600 3255 1750 3301 tene-
1778 3244 1825 3308 ρ
1856 3239 2077 3303 dicitur,
2106 3248 2160 3294 et
2187 3240 2256 3293 ob
2288 3238 2391 3293 huc
2426 3238 2565 3293 forte
2590 3256 2695 3293 ttntt
2719 3239 2938 3296 dicitur.
2967 3239 3139 3295 Nimis
3171 3243 3312 3296 enim
3347 3242 3446 3296 im-

171 3332 370 3388 brarum
393 3332 618 3405 (Coloss.
646 3352 681 3401 ι,
703 3336 816 3406 l3),
850 3337 1148 3392 Salvatoris
1179 3337 1413 3408 denique
1439 3339 1611 3407 gratia
1642 3355 1746 3393 non

170 3436 397 3494 egerent;
428 3427 552 3497 quia
594 3443 705 3482 non
745 3431 944 3483 [rustra
986 3429 1113 3483 boni
1154 3438 1369 3495 essent,
1404 3446 1505 3485 nec
1522 3430 1748 3499 justitiie

168 3520 371 3585 premit)
421 3520 840 3587 fraudarentur;
891 3521 1150 3576 habentes
1201 3537 1264 3577 ea
1327 3523 1468 3578 bona
1516 3538 1745 3595 quorum

168 3609 440 3667 amissione
460 3610 636 3681 primi
660 3623 841 3681 patres
869 3611 940 3667 de
964 3612 1216 3683 paradiso
1241 3613 1493 3668 exsulare
1533 3630 1747 3669 merue-

160 3714 293 3759 runt.
317 3704 471 3761 Nune.
501 3718 687 3761 autem
708 3747 724 3771 ,
757 3720 878 3760 cum
918 3706 1039 3761 sine
1061 3716 1411 3761 sacramento
1449 3722 1746 3777 regenera-

169 3796 309 3854 tionis
336 3809 598 3856 teternam
627 3809 853 3853 mortem
886 3814 1048 3853 nemo
1074 3798 1247 3869 possit
1274 3799 1531 3866 evadere,
1567 3815 1748 3855 nonne

162 3900 220 3946 ex
254 3895 415 3963 ipsius
455 3894 694 3950 remedii
735 3894 1113 3965 singularitate
1138 3897 1481 3964 apertissime
1516 3906 1662 3964 patet
1691 3897 1743 3951 in

164 3992 299 4055 quam
336 3988 678 4057 profundum
719 3990 924 4044 malum
958 3992 1124 4045 totius
1151 3989 1369 4045 immani
1400 3993 1616 4061 generis
1648 4007 1744 4046 na-

156 4084 259 4133 tura
278 4080 539 4137 demersa
568 4082 663 4147 sit,
688 4081 835 4137 illius
866 4083 1315 4151 praevaricatione
1338 4083 1392 4137 in
1421 4096 1529 4155 quo
1557 4098 1747 4140 omnes

160 4181 499 4239 peccaverunt
527 4174 718 4243 (Rom.
746 4191 797 4240 ν,
832 4175 956 4244 12),
990 4184 1044 4231 et
1080 4175 1340 4246 quidquid
1381 4177 1473 4233 ille
1511 4178 1746 4246 perdidit

158 4268 524 4333 perdiderunt?
565 4268 805 4324 Perdidit
836 4278 1013 4325 autem
1046 4271 1294 4340 primitus
1333 4272 1525 4339 lidem,
1560 4274 1742 4344 perdi-

159 4357 223 4413 dit
244 4364 644 4419 continentiatn
663 4404 677 4429 ,
715 4364 951 4433 perdidit
976 4365 1299 4420 cliaritatem
1323 4407 1338 4433 ,
1371 4366 1638 4437 spoliatus
1662 4379 1747 4424 est

156 4453 391 4522 sapientia
424 4464 484 4511 et
515 4454 834 4521 intellectu,
868 4456 1045 4510 caruit
1075 4455 1305 4511 consilio
1326 4466 1379 4512 et
1403 4458 1740 4529 fortitudine;

159 4552 206 4597 et
223 4544 374 4618 impie
398 4548 609 4605 altiora
633 4547 917 4617 sectanda,
940 4563 971 4603 a
998 4550 1238 4605 veritatis
1258 4550 1508 4619 scientia,
1534 4565 1586 4609 et
1610 4555 1742 4611 obe-

204 4732 374 4805 ‘Etlit
398 4735 656 4805 Mogunt.
677 4738 732 4788 et
759 4730 921 4805 Yen.,'
951 4733 1231 4788 Dominum
1266 4750 1372 4789 non
1412 4736 1737 4792 deseruisset.
1771 4741 1820 4804 D

148 4801 255 4869 Alii,
288 4801 584 4860 Dominum
617 4821 717 4857 non
741 4804 1011 4859 desereret.

206 4874 233 4913 ³
257 4876 399 4931 Edit.
436 4877 726 4943 Lugdun.,
759 4886 966 4944 possent
992 4878 1043 4929 in
1070 4876 1235 4931 nobis.

209 4956 229 4985 ⁶
260 4949 354 5006 Ms.
382 4948 499 5023 Jul.
530 4963 667 5023 cunt
690 4947 823 5023 edit.
846 4947 981 5023 Ven.
1006 4959 1056 5001 et
1079 4948 1275 5023 Lugd.,
1310 4951 1624 5023 perveniret,-
1645 4966 1737 5023 qut

145 5031 229 5088 pro
256 5038 365 5075 eam
399 5018 783 5074 beatitudinem
814 5020 974 5073 habet
999 5022 1232 5074 eamdem
1254 5022 1643 5079 beatitudinem.

202 5091 228 5127 ‘
248 5091 344 5145 Ms.
370 5092 666 5153 Joliensis,
698 5090 761 5143 ab
783 5092 1040 5158 apposita.

205 5172 228 5201 ο
251 5164 348 5217 Ms.
378 5162 675 5227 Joliensis,
712 5164 980 5216 salvatori.

204 5232 221 5271 ¹
248 5235 347 5290 Ms.
379 5234 653 5299 Juliens.,
696 5231 845 5287 Venit
876 5235 1029 5291 enim.

202 5314 226 5376 β
249 5306 395 5361 Edit.
426 5306 640 5375 Lugd"
672 5316 927 5376 praerepta
950 5314 1046 5359 est.

196 5373 224 5414 ¹ι
253 5376 457 5433 Plures
489 5373 740 5444 ciidices,
773 5373 1057 5447 animmque
1087 5393 1105 5441 ;
1148 5386 1204 5432 et
1244 5386 1363 5449 post
1403 5393 1573 5449 pauca
1625 5388 1729 5437 mi.

141 5446 335 5517 Remig.
367 5460 428 5504 et
456 5449 600 5500 edit.
638 5448 902 5513 llogunt.,
932 5446 981 5500 et
1004 5464 1171 5519 paena.

203 5520 217 5560 ί
251 5521 350 5577 Ms.
386 5520 684 5579 Jnliensis,
714 5535 805 5571 nec
832 5532 996 5572 essent
1022 5521 1263 5575 tenebrte.

199 5595 213 5643 i
253 5596 382 5648 Mss.
412 5592 643 5655 Remig.
674 5599 729 5643 et
756 5587 1030 5655 Julieusis,
1064 5592 1159 5645 sibi
1184 5593 1381 5647 relicto.

198 5663 221 5701 ι
242 5666 398 5737 t-jdu.
437 5661 651 5737 Lugd._.
680 5661 915 5737 Levita,
943 5663 1115 5737 Duae.
1147 5678 1195 5717 et
1232 5665 1449 5732 (lotam,
1498 5668 1587 5737 qui
1614 5668 1732 5722 abs-

130 5736 317 5806 tinebat
362 5752 562 5790 amore
606 5733 851 5806 justitim,
905 5735 1107 5805 absque
1162 5745 1392 5805 negante
1445 5733 1734 5806 particula.

133 5803 488 5881 “ss.-Qurlt..
514 5803 728 5873 lle-illis.
753 5817 804 5859 et
820 5803 956 5873 Jol.,
981 5803 1103 5863 cum
1124 5803 1362 5879 Mogunt.
1387 5803 1630 5878 et'Veu.,
1650 5811 1739 5881 qui

140 5887 232 5933 non
268 5874 598 5941 abstineret,
624 5884 734 5931 etc.
1094 5921 1099 5925 _

1854 3334 2001 3403 pium
2029 3341 2113 3389 cst
2144 3331 2246 3387 hoc
2270 3332 2338 3387 de
2370 3331 2464 3388 Dei
2513 3331 2715 3388 sentire
2737 3332 2972 3402 justitia,
3000 3333 3144 3403 quod
3175 3349 3203 3387 a
3237 3349 3445 3404 prter.)-

1854 3427 2113 3484 ricatione
2144 3427 2343 3482 libi-ros
2388 3441 2509 3481 eum
2542 3426 2648 3481 reis
2673 3425 2909 3480 voluerit
2939 3441 3061 3483 esse
3089 3436 3116 3477 ει
3138 3426 3442 3484 damnatos.

1852 3520 2004 3578 Patet
2029 3536 2158 3592 ergo
2185 3521 2342 3588 culpa
2373 3520 2463 3576 ubi
2489 3535 2595 3575 non
2621 3520 2753 3574 latet
2784 3535 2961 3588 pinna,
2985 3531 3041 3577 et
3063 3522 3298 3577 societas
3322 3537 3445 3591 pec-

1851 3615 1953 3671 cati
1974 3616 2312 3679 convincitur
2333 3614 2400 3669 de
2416 3612 2796 3668 communione
2817 3612 3065 3681 supplicii
3084 3631 3099 3677 ;
3121 3622 3176 3667 ut
3197 3613 3338 3684 quod
3357 3627 3441 3669 est

1851 3706 2100 3761 humana:
2128 3706 2383 3770 miserita,
2430 3722 2533 3759 non
2565 3704 2634 3759 de
2658 3704 2995 3760 institutione
3021 3701 3319 3771 Creatoris,
3346 3706 3442 3762 sed

1851 3798 1919 3855 de
1949 3800 2304 3854 retributione
2335 3796 2638 3867 sitjudicis.

1922 3890 2089 3963 [Alias
2110 3890 2237 3945 Car.
2258 3886 2428 3960 XXI]
2450 3888 2505 3944 5.
2536 3886 2673 3942 illud
2703 3888 2846 3942 enim
2875 3888 3056 3957 inepte
3079 3887 3310 3958 positum
3331 3899 3435 3958 est,

1850 3997 1905 4043 et
1936 3997 1957 4024 τ
1988 3995 2175 4040 contra
2227 3998 2446 4039 sensum
2492 3983 2734 4038 omnium
2787 3992 3163 4048 traetatorum,
3193 3985 3339 4054 quod
3371 3986 3442 4042 ad

1849 4081 2184 4154 probandam
2228 4078 2384 4137 liberi
2417 4080 2625 4135 arbitrii
2660 4079 3090 4134 incolumitatem
3124 4082 3440 4150 connexuit,

1849 4166 2077 4233 dicens:
2114 4173 2179 4230 Et
2206 4174 2462 4245 quomodo
2488 4173 2639 4229 stabit
2680 4174 2771 4228 illa
2804 4170 3009 4227 Domini
3040 4184 3153 4243 post
3200 4175 3443 4243 pravari.

1850 4274 2101 4327 cationem
2126 4270 2279 4340 primi
2304 4268 2523 4322 hominis
2550 4268 2658 4321 lata
2683 4268 2955 4330 sententia,
2977 4258 3108 4320 Ecce
3130 4265 3299 4321 Adam
3328 4270 3441 4346 fa;-

1848 4377 1930 4421 tus
1954 4373 2033 4419 est
2061 4364 2192 4418 sicut
2225 4378 2355 4416 unus
2388 4377 2450 4415 ex
2496 4360 2661 4425 nobis,
2707 4360 2871 4415 sciens
2917 4358 3105 4411 bonum
3150 4369 3198 4413 et
3245 4361 3443 4416 malum

1848 4459 2056 4535 (Cenes.
2092 4475 2170 4523 ιιι,
2198 4456 2330 4529 22)?
2358 4456 2524 4524 Quasi
2559 4438 2807 4511 diabolus
2839 4448 2969 4510 Adae
3016 4469 3143 4541 vera
3175 4455 3443 4525 prornisc-

1850 4556 1941 4623 rit,
1966 4565 2020 4611 et
2040 4554 2214 4611 Adam
2267 4550 2712 4624 transgrediendo
2762 4550 3075 4607 mandatum
3105 4550 3227 4618 Dei,
3260 4552 3442 4623 profe-

1922 4734 1939 4777 ι
1978 4736 2253 4792 Editiones
2275 4735 2513 4806 Mogunt.
2540 4744 2595 4791 et
2617 4734 3189 4805 Ven.,intemperantia
3213 4751 3307 4791 sua
3328 4753 3439 4793 ma-

1850 4809 2052 4862 defecit.

1889 4810 2160 4951 ρζῖτίξῖιεά.
2193 4887 2247 4932 et
2276 4877 2383 4931 ltoc
2414 4878 2774 4951 recentiores,
2800 4876 3011 4931 labitur.
3040 4877 3166 4951 Mss.
3190 4877 3358 4935 Corb.
3386 4888 3438 4934 et

1848 4947 2095 5017 Remigq'
2119 4951 2355 5020 Mogunt.
2384 4961 2437 5005 et
2468 4949 2630 5020 γεω,
2664 4947 2804 5003 labat
2835 4950 3102 5020 memoria.

1915 5032 1946 5060 ιι
1978 5024 2105 5079 Mss.
2143 5018 2354 5089 ltetuig.
2388 5030 2442 5075 et
2470 5018 2603 5085 Jol.,
2647 5021 2865 5091 Mogunt
2908 5032 2959 5076 et
2991 5019 3163 5085 Ven.,
3215 5031 3271 5075 ut
3314 5023 3437 5077 (ibeo

1844 5112 1961 5151 rum
2001 5094 2271 5149 arbitrium
2320 5093 2394 5148 sic
2425 5104 2673 5147 uocatum
2699 5090 2815 5146 εδει
2858 5090 3084 5159 dicatur,
3124 5100 3180 5147 ut
3212 5092 3435 5149 obcaeca-

1844 5178 2071 5316 ‘j‘ie'ﬁ;
2087 5236 2219 5301 Jol.,
2253 5236 2451 5316 quod'a
2489 5236 2743 5316 catholica
2780 5233 2884 5316 [ide
2922 5234 3157 5316 dicimus.
3184 5233 3432 5316 alienum.

1842 5309 1987 5366 Edit.
2020 5304 2345 5377 Moguut.et
2369 5307 2528 5373 Veu.,
2562 5310 2698 5374 quod
2721 5304 3014 5359 omnimodo
3058 5305 3183 5359 satis
3209 5305 3436 5363 alienun

1839 5398 1874 5436 tt
1898 5379 2158 5436 catholica
2185 5380 2285 5443 ﬁde
2312 5378 2553 5433 dicimus.

1911 5462 1941 5503 Ρ
1964 5452 2062 5507 Ms.
2090 5450 2282 5513 Cnrb.,
2312 5453 2448 5515 quod
2476 5450 2683 5503 omnino
2710 5449 2920 5520 falsum.
2947 5444 3238 5520 Mttguutet
3264 5448 3433 5520 ναι..

1840 5524 1980 5595 quod
2010 5523 2525 5595 omnimodofalsum
2565 5523 2772 5575 dicitur.
2816 5517 2915 5574 Ms.
2968 5534 3099 5575 vero
3147 5517 3432 5592 Jolieusis,

1840 5594 1978 5668 quod
2007 5596 2213 5668 omnino
2241 5594 2438 5668 falsum
2452 5602 2545 5647 est.

1915 5676 1943 5717 ει
1968 5668 2063 5720 Ms.
2099 5662 2379 5730 Jo’liensis,
2404 5662 2747 5718 damnandos.

1916 5747 1940 5778 τ
1974 5738 2118 5793 Edit.
2155 5738 2395 5807 Mttgmtt.
2438 5747 2490 5789 et
2512 5733 2682 5807 Ven”
2730 5744 2908 5807 contra
2956 5736 3183 5793 omnium
3221 5749 3429 5807 sensum

1841 5818 2092 5865 tractatur
2115 5826 2132 5876 ;
2159 5798 2290 5866 tnui.
2316 5806 2727 5877 adprobandum
2747 5817 2771 5871 δ
2799 5807 2851 5864 in
2882 5798 2993 5867 hoc
3037 5807 3227 5867 ultitno
3249 5801 3439 5865 conde

1844 5890 1981 5941 neut
2004 5875 2138 5940 mss.
2164 5875 2423 5939 Joliensis
2445 5889 2501 5936 et
2519 5875 2733 5948 Remis.
