4028 6352
606 347 710 409 239

1845 334 1903 398 S.
1944 335 2285 397 PROSPERI
2320 337 2653 410 AQUITANI

3786 341 3893 401 ιω

602 469 743 527 cerit
783 467 836 525 in
872 460 1270 523 similitudinem
1296 460 1417 527 Dei,
1457 466 1514 516 et
1538 468 1565 497 ι
1596 456 1700 515 hoc
1728 472 1777 513 et
1812 457 1979 513 fuisse
2023 456 2189 513 colla-
2214 460 2272 519 Α
2368 458 2490 547 dine
2512 457 2784 547 reliquiis;
2807 454 2989 547 nullus
3025 470 3144 513 uero
3174 455 3319 514 bona
3362 456 3645 517 voluntatis
3671 448 3889 547 tutatus,

549 562 557 623 ἶ
602 571 715 617 tum
749 559 1174 632 pronuntiaverit
1202 556 1346 611 Deus
1376 572 1391 610 :
1425 568 1546 609 cum
1570 552 1624 608 in
1655 552 1737 608 his
1766 549 1997 608 verbisb
2023 551 2193 623 signi-

601 653 823 709 ﬁcatum
857 652 929 707 sit
954 652 1131 721 potius
1152 648 1278 720 quid
1315 664 1423 703 non
1455 646 1617 703 fuerit
1645 653 1951 712 assecutus,
1983 646 2070 716 qui
2099 659 2190 700 su-

550 764 553 771 ’
598 746 805 816 perhiae
854 747 1129 815 ingressus
1164 743 1334 812 viam,
1366 740 1511 811 quod
1544 739 1775 795 habebat
1805 738 2005 803 amisit,
2060 737 2189 793 dum

595 839 741 910 quod
777 853 882 894 non
913 844 1199 906 acceperat
1248 835 1578 902 concupivit.
1629 832 1745 887 Non
1778 833 1958 887 minus
2005 839 2187 887 autem

593 931 649 985 in
678 932 793 1002 ipsa
826 931 986 999 hujus
1008 944 1204 984 sensus
1229 928 1581 983 conclusione
1609 936 1892 997 peccatum
1920 935 2025 990 est,
2059 925 2188 980 dum

594 1021 794 1079 dicitur
823 1040 837 1080 :
868 1022 1112 1095 Concepit
1154 1039 1276 1093 ergo
1317 1022 1481 1076 Adam
1531 1029 1647 1093 post
1689 1020 2184 1092 prazvaricationem,

593 1136 748 1190 quam
777 1135 879 1173 non
903 1117 1169 1179 habuerat.
1194 1118 1466 1171 scientiam
1489 1118 1645 1181 mali;
1676 1116 1794 1169 boni
1819 1131 1957 1182 vero,
1980 1124 2004 1153 ο
2032 1130 2189 1186 quam

592 1220 901 1282 acceperat,
951 1210 1220 1264 scientiam
1281 1226 1385 1262 non
1442 1209 1635 1263 amisit.
1697 1207 1992 1263 Scientiam
2059 1206 2188 1262 boni

589 1299 763 1358 Adam
821 1312 949 1357 tunc
1004 1301 1261 1366 habebat,
1314 1302 1530 1372 quando
1574 1302 1776 1356 bonum
1831 1310 2187 1369 sanctumque

587 1394 903 1450 mandatum
940 1394 1031 1449 Dei
1082 1393 1227 1448 ﬁdeli
1269 1393 1433 1447 corde
1482 1393 1643 1464 331
1670 1392 1940 1459 servabat,
1974 1401 2028 1447 et
2070 1400 2187 1446 erat

585 1488 764 1558 justus
810 1502 1035 1542 manens
1085 1488 1135 1541 in
1187 1486 1421 1555 imagine
1460 1485 1731 1540 Creatoris
1782 1486 1888 1549 sui,
1944 1483 2186 1554 legisque

588 1578 710 1649 ejus
761 1596 867 1634 non
913 1578 1262 1633 obliviscens.
1300 1578 1588 1646 Postquam
1612 1586 1793 1631 autem
1824 1591 1904 1641 se,
1942 1576 2045 1629 hoc
2075 1586 2178 1645 est,

584 1671 875 1742 imaginem
904 1681 956 1726 et
985 1672 1244 1740 templum
1280 1671 1372 1726 Dei
1403 1669 1689 1742 deceptori
1719 1685 1817 1725 suo
1849 1666 1877 1706 ιι
1916 1668 2179 1738 vendidit,

581 1765 823 1837 perdidit
864 1765 989 1820 boni
1042 1764 1346 1829 scientiam,
1396 1765 1517 1835 quia
1550 1764 1786 1833 perdidit
1830 1764 2025 1818 bonam
2053 1779 2183 1819 con-

2366 530 2465 583 nisi
2493 546 2556 583 ea:
2586 529 2787 597 Spiritu
2814 537 3012 585 sancto.

2366 644 2537 717 [Alias
2564 644 2695 700 Cn.
2725 644 2919 717 XXII.)
2953 647 3003 701 Ι.
3042 646 3149 703 Sed
3188 664 3259 713 ne
3288 648 3407 707 hac
3452 651 3615 722 primi
3658 651 3890 711 hominis

2291 738 2570 794 calamitas
2618 738 2676 793 in
2734 740 3047 810 progeniem
3100 740 3220 812 ejus
3294 745 3556 802 transisse
3606 746 3885 817 videatur,

2292 826 2321 866 ¹ι
2343 844 2500 900 quam
2534 831 2742 901 integro
2768 833 2839 886 sit
2867 833 3108 888 omnium
3139 833 3420 892 hominum
3441 845 3633 893 natura
3657 838 3885 909 judicio,

2292 925 2543 994 exemplo
2578 927 2816 995 gentium
2849 930 3175 997 probaturus
3215 929 3305 985 hic
3342 931 3535 987 doctor
3568 930 3587 970 ι
3645 932 3798 988 addit
3836 943 3887 990 et

2291 1018 2416 1073 dicit
2448 1017 2663 1088 (Collat.
2697 1019 2765 1075 13
2790 1037 2907 1092 cap.
2942 1020 3036 1093 12)
3069 1038 3085 1077 :
3115 1020 3351 1092 Denique
3392 1040 3495 1079 non
3530 1025 3766 1079 amisisse
3813 1041 3886 1096 ge-

2292 1128 2389 1165 nus
2441 1112 2726 1166 humanum
2767 1122 2882 1185 post
2921 1115 3401 1186 prteuaricationem
3438 1116 3567 1172 Adte
3622 1118 3885 1173 scientiam

2292 1203 2428 1269 boni,
2467 1207 2619 1259 etiant
2637 1206 2872 1277 Apostoli
2892 1209 3147 1262 sententia
3168 1210 3546 1265 euidentissime
3569 1212 3882 1277 declaratur,

2289 1297 2378 1366 qui
2403 1297 2527 1350 dicit
2550 1297 2729 1369 (Rom.
2763 1314 2823 1365 ιι,
2852 1297 2966 1370 14),
2992 1306 3031 1336 ³³
3055 1298 3185 1355 Cum
3215 1303 3348 1355 enim
3370 1302 3530 1374 332
3557 1312 3735 1373 gentes
3778 1320 3884 1373 qua

2288 1388 2449 1463 legem
2480 1409 2581 1445 non
2602 1392 2807 1456 habent,
2850 1394 3157 1448 naturaliter
3189 1410 3301 1464 quae
3350 1395 3475 1465 legis
3506 1406 3627 1449 sunt
3658 1397 3882 1465 faciunt;

2288 1481 2343 1535 hi
2372 1483 2530 1551 legem
2561 1500 2662 1536 non
2686 1484 2949 1549 habentes,
2979 1486 3083 1555 ipsi
3107 1486 3203 1539 sibi
3234 1495 3355 1539 sunt
3404 1487 3516 1553 lex,
3574 1488 3665 1555 qui
3716 1497 3883 1541 osten-

2288 1576 2415 1630 dunt
2444 1595 2573 1649 opus
2605 1578 2732 1650 legis
2753 1580 2999 1650 scriptum
3020 1580 3074 1633 in
3104 1578 3342 1633 cordibus
3371 1580 3504 1643 suis,
3536 1581 3882 1635 testimonium

2285 1668 2531 1723 reddente
2555 1671 2630 1723 eis
2657 1672 2975 1725 conscientia
2999 1680 3028 1707 η
3056 1673 3303 1743 ipsorum,
3330 1681 3378 1725 et
3408 1672 3543 1726 inter
3575 1689 3631 1727 se
3672 1672 3881 1725 inuicem

2286 1762 2681 1832 cogitationibus
2701 1763 3078 1831 accusantibus,
3132 1772 3223 1817 aut
3268 1766 3422 1818 etiam
3470 1762 3881 1833 defendentibus,

581 1859 881 1914 scientiam.
907 1858 1180 1913 Justitiam
1214 1857 1357 1913 enim
1400 1858 1657 1928 iniquitas
1694 1857 1921 1927 depulit,
1954 1857 2177 1912 humili-
2210 1851 2257 1913 Β
2285 1854 2339 1908 in
2369 1855 2453 1907 die
2482 1872 2579 1924 quo
2598 1855 2860 1925 judicabit
2891 1853 3031 1909 Deus
3056 1856 3257 1911 occulta
3281 1854 3568 1911 hominum.

581 1960 749 2007 tatem
797 1950 1053 2022 superbia
1101 1950 1390 2015 destruxit,
1444 1950 1836 2006 continentiam
1886 1950 2176 2021 concupis-

580 2044 759 2100 centia
800 2045 965 2109 elisit,
991 2042 1285 2097 inﬁdelitas
1331 2044 1509 2113 rapuit
1539 2042 1723 2110 ﬁdem,
1749 2042 2033 2113 captivitas
2055 2044 2180 2099 abs-

580 2139 705 2194 tulit
733 2138 1038 2193 libertatem
1072 2155 1085 2195 :
1119 2153 1218 2193 nec
1249 2138 1425 2206 potuit
1450 2138 1556 2191 ulla
1590 2137 1699 2191 illic
1728 2136 1904 2206 portio
1935 2137 2177 2193 residere

582 2230 989 2300 virtutum,quo
1017 2238 1162 2283 tanta
1192 2228 1463 2296 irruperat
1492 2236 1671 2283 turma
1697 2230 1975 2284 vitiorum.
2007 2228 2177 2284 Nemo

579 2322 723 2377 enim
743 2329 906 2392 potest
930 2319 1133 2375 duobus
1154 2320 1375 2373 dominis
1401 2321 1589 2375 servire
1614 2319 1766 2393 (Luc.
1796 2337 1907 2387 1m,
1932 2321 2055 2391 13-);
2088 2330 2173 2378 et:

582 2410 687 2478 Qui
715 2415 840 2485 facit
870 2422 1155 2484 peccatum,
1184 2428 1359 2466 servus
1390 2422 1465 2467 est
1494 2414 1691 2483 peccati
1717 2412 1899 2483 (Joan.
1920 2429 2033 2479 VIII,
2052 2413 2173 2485 54):

575 2514 653 2569 et,
679 2506 723 2560 Α
751 2523 852 2578 quo
872 2506 985 2577 quis
1014 2514 1282 2573 superatus
1308 2516 1405 2573 est,
1442 2515 1465 2543 ο
1491 2507 1538 2560 ei
1559 2515 1607 2560 et
1632 2522 1805 2561 servus
1831 2508 2072 2562 addictus
2100 2517 2177 2563 est

574 2598 807 2672 (IlPetr.
840 2617 900 2668 tt,
936 2598 1049 2671 19).
1084 2600 1253 2655 Nemo
1276 2609 1455 2655 autem
1502 2602 1688 2665 servit,
1719 2601 1821 2657 nisi
1851 2618 1978 2658 cum
1998 2602 2175 2673 aliqua

572 2692 859 2761 libertate;
892 2702 949 2750 et
978 2710 1139 2750 nemo
1176 2694 1194 2732 ί
1236 2694 1373 2749 liber
1404 2704 1509 2760 est,
1553 2695 1656 2749 nisi
1685 2710 1806 2750 cum
1836 2696 2017 2767 aliqua
2060 2712 2177 2751 scr-

571 2787 766 2853 vitute,
818 2787 1033 2842 dicente
1071 2786 1335 2857 Apostolo
1380 2788 1556 2857 (Rom.
1604 2805 1675 2855 ιι,
1705 2788 1825 2859 20),
1874 2788 2003 2844 Cum
2039 2790 2175 2844 enim

572 2878 703 2931 servi
722 2878 896 2932 essetis
927 2878 1142 2947 peccati,
1178 2887 1202 2923 8
1232 2878 1381 2931 liberi
1407 2878 1579 2947 fuistis
1592 2881 1833 2951 justitiaz.
1863 2880 2025 2947 Quem
2052 2898 2175 2953 ergo

571 2970 802 3039 fructum
834 2968 1083 3023 habuistis
1116 2979 1268 3033 tunc,
1304 2967 1331 3005 ¹ι
1362 2970 1414 3023 in
1442 2971 1551 3024 illis
1573 2972 1623 3025 in
1654 2973 1835 3042 quibus
1870 2990 2008 3027 nunc
2054 2990 2175 3028 eru-

572 3062 814 3115 bescitis?
846 3060 986 3114 Nam
1015 3062 1137 3133 ﬁnis
1177 3060 1391 3116 illorum
1418 3078 1560 3117 mors
1590 3074 1685 3118 est.
1720 3066 1879 3119 Nunc
1900 3083 2016 3121 vero
2048 3066 2174 3123 libe-

570 3156 674 3209 rati
697 3172 728 3209 a
758 3164 994 3225 peccato,
1034 3156 1168 3211 servi
1196 3164 1367 3209 autem
1407 3158 1532 3225 [acti
1562 3155 1682 3225 Dei,
1715 3160 1913 3214 habetis
1944 3162 2174 3229 fructum

2353 1945 2407 2000 2.
2444 1945 2502 2003 Si
2529 1947 2597 2002 de
2639 1947 2724 2001 his
2754 1956 2779 1983 ο
2811 1946 3106 2018 Apostolus
3133 1948 3370 2018 loquitur
3399 1948 3489 2018 qui
3519 1963 3585 2003 ex
3616 1948 3878 2019 preputio

2284 2046 2413 2094 sunt
2436 2039 2633 2106 vocati,
2668 2048 2722 2095 et
2750 2054 2874 2095 cum
2904 2050 3089 2095 essent
3114 2040 3295 2110 longe,
3330 2050 3358 2090 ι)
3401 2038 3528 2095 iacti
3557 2052 3686 2095 sunt
3716 2054 3877 2111 prope

2283 2132 2504 2203 (Ephes.
2536 2148 2597 2199 ιι,
2624 2133 2738 2204 15),
2785 2132 3075 2188 credentes
3110 2132 3163 2187 in
3192 2146 3316 2187 eum
3361 2134 3474 2203 qui,
3503 2147 3735 2203 quorum
3781 2131 3875 2186 ali-

2283 2226 2497 2296 quando
2541 2242 2648 2280 non
2705 2226 2960 2280 misertus
3007 2232 3109 2292 est,
3163 2238 3307 2280 nunc
3356 2232 3535 2280 autem
3586 2226 3874 2281 miseretur

2281 2319 2325 2391 (l
2357 2317 2499 2374 Petr.
2526 2335 2587 2383 ιι,
2617 2318 3126 2390 10),etjustiﬁcans
3150 2320 3625 2377 circumcisionem
3649 2335 3719 2377 ex
3745 2320 3871 2390 ﬁde,

2282 2422 2338 2469 et
2364 2415 2688 2485 praeputium
2715 2431 2813 2484 per
2840 2414 3000 2470 ﬁdem
3032 2414 3213 2488 (Rom.
3244 2430 3323 2483 ιιι,
3354 2414 3468 2486 50),
3517 2415 3657 2471 duos
3687 2417 3873 2472 condi-

2281 2508 2361 2563 di‘t
2418 2509 2471 2564 in
2520 2510 2837 2580 semetipso,
2893 2510 3279 2580 destructoque
3327 2511 3533 2581 pariete
3579 2511 3873 2566 inimicitia:

2285 2600 2506 2673 (Ephes.
2539 2618 2595 2669 ιι,
2634 2601 3059 2675 M)Judasorum
3105 2610 3161 2657 et
3187 2602 3455 2673 gentium,
3497 2602 3551 2657 in
3586 2617 3693 2657 uno
3736 2619 3873 2657 novo

2281 2692 2501 2749 homine
2532 2694 2662 2751 fecit
2691 2709 2875 2765 pacem
2904 2712 2918 2762 ;
2946 2695 3280 2751 concludens
3315 2696 3495 2750 omnia
3528 2696 3579 2751 in
3612 2696 3862 2752 incredu.

2280 2784 2453 2854 litate,
2482 2795 2541 2841 ut
2567 2788 2862 2857 promissio
2887 2804 2957 2845 ex
2981 2787 3088 2844 ﬁde
3110 2787 3241 2844 Jesu
3269 2786 3469 2843 Christi
3503 2787 3726 2844 daretur
3748 2805 3868 2845 cre-

2279 2882 2533 2937 dentibus
2563 2881 2763 2953 (Galat.
2792 2898 2873 2948 ιιι,
2897 2882 2989 2954 22)
3014 2901 3029 2937 ι
3059 2883 3124 2949 si,
3155 2884 3396 2953 inquam,
3429 2881 3499 2938 de
3527 2881 3611 2938 his
3639 2881 3870 2953 Aposto-

2278 2981 2361 3036 lus
2389 2979 2627 3049 loquitur
2659 2979 2712 3032 in
2740 2990 2968 3047 quorum
3009 2975 3265 3031 cordibus
3298 2976 3440 3031 Deus
3468 2976 3638 3047 digito
3667 2992 3796 3044 suo,
3822 2977 3871 3031 id

2277 3084 2383 3137 est,
2413 3071 2622 3141 Spiritu
2650 3079 2836 3126 sancto
2877 3069 3066 3124 scribit
3108 3083 3306 3125 novum
3354 3079 3767 3138 testamentum,
3818 3080 3871 3125 ut

2278 3164 2416 3235 legis
2442 3163 2837 3233 plenitudinem
2862 3172 2918 3217 et
2942 3176 3106 3233 Opera
3134 3162 3415 3217 charitatis
3434 3162 3765 3219 naturaliter
3785 3180 3871 3220 ex-

568 3248 622 3299 in
644 3247 1078 3317 sanctiﬁcatione,
1112 3248 1268 3318 finem
1299 3264 1416 3303 vero
1448 3250 1606 3303 vitam
1635 3261 1899 3307 teternam.
1928 3254 2033 3322 Qui
2066 3255 2169 3309 ita-
2194 3246 2242 3311 C
2273 3268 2593 3327 sequantur,
2644 3255 2937 3312 reformata
2969 3255 3179 3311 scilicet
3209 3268 3581 3327 renovataque
3635 3268 3866 3321 natura;

567 3352 673 3407 que
702 3340 871 3393 servit
901 3338 1141 3406 diabolo,
1175 3340 1310 3395 liber
1346 3349 1429 3395 est
1457 3356 1486 3395 a
1521 3342 1659 3409 Deo;
1709 3346 1802 3415 qui
1834 3358 2013 3402 autem
2052 3346 2069 3385 ί
2103 3350 2166 3404 li-

566 3430 791 3487 beratus
820 3432 990 3487 servit
1018 3432 1153 3501 Deo,
1189 3432 1330 3488 liber
1355 3443 1437 3489 est
1467 3449 1496 3489 a
1527 3435 1743 3493 diabolo
1772 3456 1787 3494 :
1815 3448 1873 3493 ut
1901 3449 2166 3509 appareat

565 3524 764 3579 malam
797 3524 1106 3581 libertatem
1139 3526 1379 3595 potuisse
1409 3526 1592 3584 haberi
1612 3544 1681 3584 ex
1704 3530 1953 3586 humanae
1974 3532 2164 3588 volun-

562 3616 693 3671 tatis
720 3614 1018 3684 deiectu;i
1069 3616 1267 3671 bonam
1316 3628 1500 3674 autem
1549 3620 1857 3677 libertatem
1902 3638 2009 3679 non
2062 3639 2163 3695 po-

563 3711 729 3769 tuisse
761 3712 934 3784 recipi
958 3712 1077 3769 siae
1106 3712 1416 3769 liberatoris
1449 3715 1672 3770 auxilio.

1205 3889 1436 3947 CAPUT
1476 3892 1545 3947 Χ.

564 4049 859 4121 Exponitur
887 4057 937 4102 et
951 4048 1257 4121 _rindicatur
1277 4047 1421 4121 locus
1441 4049 1677 4119 Apostoli
1707 4049 1865 4105 Rom.
1886 4066 1945 4117 ιι,
1971 4052 2061 4119 14,
2093 4053 2160 4108 de

634 4118 866 4193 gentibus
916 4119 1026 4193 sine
1070 4118 1511 4193 legejacientibus
1565 4137 1678 4187 qua:
1709 4123 1836 4190 legis
1876 4135 2017 4177 sunt.
2047 4118 2156 4179 Sa-

632 4188 825 4263 pientia
840 4190 1073 4259 quedam
1098 4190 1154 4242 in
1180 4188 1480 4256 inﬁdelibus
1511 4206 1575 4243 ea:
1604 4188 1802 4245 natura:
1830 4210 1862 4245 a
1893 4194 2005 4248 Deo
2024 4211 2156 4249 con-

633 4390 659 4419 s
685 4380 785 4437 Ms.
814 4376 1095 4445 Joliensis,
1121 4375 1366 4449 Mogunt.
1400 4373 1638 4449 e_t_Ven.,
1666 4377 1761 4431 hoc
1780 4380 1825 4432 ei
1848 4380 2027 4449 fuisset
2050 4380 2159 4435 col-

561 4454 724 4525 latum
764 4449 903 4523 quod
935 4443 1290 4521 pronuntiauit
1329 4443 1485 4518 (editi
1524 4448 1664 4515 duo,
1718 4443 2152 4525 pronuntiaverit)

559 4524 827 4650 Dcliuildit.
855 4596 1093 4665 Mogunt.
1122 4599 1179 4646 et
1200 4589 1368 4665 _Ven.,_
1394 4591 1780 4665 signiﬁcaverit,
1805 4608 1881 4647 sc.
1915 4593 2079 4649 Deus.

559 4740 588 4792 ὁ
634 4678 656 4706 ο
688 4668 816 4723 Mss.
840 4662 1032 4722 Jolfet
1057 4662 1295 4732 Remig.,
1321 4662 1563 4735 Mogunt.
1587 4671 1643 4718 et
1674 4663 1837 4730 Ven.,
1870 4682 2027 4736 quam
2054 4666 2149 4721 ha-

596 4749 760 4792 uerat.

596 4749 760 4794 uerat.

2277 3361 2306 3401 ει
2338 3350 2467 3421 quid
2502 3350 2627 3405 hinc
2658 3348 3032 3419 superbissimi
3059 3362 3253 3405 sensus
3296 3349 3510 3405 novitas
3557 3349 3869 3421 adjuvatur.

2271 3457 2391 3497 cum
2417 3440 2788 3497 reconciliatio
2816 3440 3158 3496 inimicorum
3192 3456 3299 3497 non
3328 3442 3501 3512 possit
3547 3444 3653 3500 nisi
3680 3446 3871 3515 gratiae

2272 3536 2589 3593 Mediatoris
2620 3533 2856 3589 ascribi?
2890 3531 3080 3588 Omnes
3108 3534 3241 3587 enim
3271 3544 3630 3605 peccauerunt,
3652 3546 3701 3591 et
3720 3546 3873 3611 egent

2271 3630 2437 3703 gloria
2465 3629 2579 3693 Dei,
2595 3627 2879 3700 justiﬁcali
2902 3628 3061 3696 gratis
3100 3641 3190 3697 per
3215 3628 3435 3699 gratiam
3468 3629 3637 3698 ipsius
3684 3628 3867 3701 (Rom.

2270 3736 2350 3787 ιιι,
2378 3719 2492 3791 25).
2528 3720 2669 3789 Ergo
2700 3720 2871 3787 gratia
2900 3717 3076 3787 gloria
3115 3727 3200 3773 est
3221 3720 3340 3785 Dei,
3366 3734 3473 3775 non
3510 3722 3772 3776 meritum
3801 3722 3867 3776 li-

2268 3816 2462 3871 berati.
2495 3812 2627 3879 Quis
2658 3812 2802 3866 enim
2827 3812 2977 3881 prior
3005 3811 3155 3867 dedit
3182 3813 3257 3874 ei.
3305 3823 3327 3850 τ
3374 3823 3430 3867 ιιι
3468 3814 3869 3871 retribueretur

2266 3910 2389 3965 illi?
2415 3907 2557 3962 Niltil
2587 3904 2715 3960 honi
2745 3904 2926 3975 operis
2954 3918 3021 3959 ex
3051 3905 3300 3967 mortuis.
3330 3905 3465 3961 nihil
3486 3906 3718 3976 justiti-.3
3744 3922 3870 3978 pro-

2267 4001 2413 4058 cedit
2432 4015 2496 4056 ex
2528 3998 2745 4069 impiis:
2773 4004 2796 4031 ³
2827 3996 3006 4051 omnis
3035 3996 3277 4067 ipsorum
3306 3998 3458 4053 salus
3481 4000 3719 4068 gratuita
3752 4008 3866 4063 est;

2268 4105 2322 4152 et
2344 4095 2466 4150 ideo
2495 4091 2669 4163 gloria
2703 4089 2797 4145 Dei
2824 4099 2929 4155 est,
2954 4099 3014 4145 ut
3042 4091 3133 4161 qui
3162 4090 3456 4161 gloriatur,
3486 4092 3542 4148 in
3572 4092 3670 4149 illo
3708 4092 3869 4164 cujus

2266 4190 2439 4265 gloria
2468 4187 2617 4259 eguit
2644 4184 2904 4258 glorietur
2936 4183 3112 4258 (Rom.
3145 4200 3220 4255 XI,
3253 4184 3366 4257 55).

2268 4382 2408 4435 nium
2437 4378 2701 4432 hominum
2728 4384 2915 4429 natura
2951 4375 3176 4447 judicio.

2310 4451 2373 4537 .1.
2418 4452 2558 4506 Edit.
2608 4449 2859 4518 Lugdun.
2909 4444 2964 4501 et
3020 4446 3113 4501 illa
3170 4444 3522 4515 posteriores,
3554 4446 3768 4501 addidit
3820 4460 3869 4505 et

2265 4523 2651 4663 άιξξῗιοειιηιη
2674 4591 2811 4647 Ven.
2826 4587 3139 4660 etLugdun.
3155 4588 3283 4644 edit.
3297 4630 3312 4657 ,
3330 4588 3587 4656 Quoniam
3604 4600 3867 4659 gentes...

2260 4682 2320 4720 ea
2345 4682 2447 4737 qua
2478 4667 2599 4736 legis
2632 4674 2771 4717 sunt.

2330 4731 2366 4773 η’
2392 4738 2502 4792 Hoc
2527 4731 2857 4805 pronomen,
2889 4735 3276 4805 ipsoruanon
3308 4731 3501 4801 legitur
3522 4731 3577 4786 in
3609 4748 3720 4789 ms.
3753 4735 3871 4793 Re-

627 4810 653 4848 d
682 4810 760 4865 Ita
788 4824 920 4865 mss.
942 4807 1133 4874 Corb.,
1164 4805 1376 4876 Remig.
1401 4815 1457 4862 et
1483 4807 1613 4873 101.;
1634 4809 1965 4878 posteriores
1987 4809 2141 4881 editi,
2170 4805 2225 4865 D
2252 4810 2381 4878 mig.
2415 4824 2511 4863 nec
2535 4804 2589 4881 in
2609 4806 2755 4881 (edit.
2777 4804 3099 4881 Moguttt._et
3125 4804 3259 4859 Ven.

554 4883 801 4939 subdidit.

627 4965 650 4992 ε
673 4954 772 5009 Ms.
803 4948 1079 5015 Joliensis,
1112 4950 1221 5017 ejus
1254 4956 1303 5001 et
1338 4966 1512 5004 servus
1544 4960 1637 5007 est.

627 5024 645 5063 τ
676 5025 805 5080 Mss.
836 5022 1001 5077 Corb.
1032 5031 1087 5076 et
1114 5021 1242 5087 Jol.,
1275 5020 1513 5089 Moguttt.
1550 5033 1603 5076 et
1639 5021 1775 5077 Ven.
1808 5025 1965 5091 edit.,
1990 5043 2139 5081 nemo

550 5097 781 5151 libertate
807 5096 932 5149 liber
954 5101 1043 5156 est,
1069 5092 1189 5166 nisi,
1219 5100 1325 5147 etc.
1359 5094 1465 5166 Ms.
1491 5094 1698 5163 Remig.
1742 5097 1939 5153 omittit
1997 5097 2134 5166 haec,

547 5180 596 5222 et
626 5184 770 5222 nemo
806 5166 933 5219 liber
957 5172 1029 5219 est
1051 5163 1151 5217 nisi
1162 5179 1292 5235 ﬁcum
1314 5165 1487 5235 aliqua
1512 5167 1767 5221 servitute.

623 5250 647 5287 s
678 5240 807 5293 Mss.
842 5236 1051 5305 Remig.
1073 5245 1127 5289 et
1153 5234 1430 5301 Joliensis,
1461 5237 1605 5290 liberi
1637 5240 1813 5291 eratis.

618 5307 647 5345 ιι
700 5308 975 5381 Editiones
1029 5306 1237 5381 Lugd”
1288 5306 1489 5381 liovan.
1518 5307 1745 5381 ,Duac.
1788 5317 1858 5381 _et
1902 5309 2133 5381 Colon.,

548 5380 801 5435 omittunt
824 5381 878 5433 in
898 5378 1023 5433 illis.
1054 5378 1193 5446 Mog.
1226 5385 1280 5430 et
1313 5377 1445 5432 Ven.
1478 5378 1756 5431 exhibent.
1787 5378 1979 5435 Postea
2004 5377 2137 5439 vero

550 5460 778 5518 quatuor
797 5451 1070 5519 praedicta:
1092 5448 1379 5520 editiones,
1413 5447 1567 5520 Nunc
1588 5461 1759 5503 autem
1791 5453 1936 5505 liberi
1965 5469 1997 5507 a
2023 5471 2138 5520 pec-

546 5530 681 5583 cato,
714 5518 841 5575 serui
868 5533 1039 5575 autem
1066 5521 1191 5591 facti
1232 5519 1367 5587 Deo,
1408 5518 1605 5576 habetis
1641 5522 1867 5591 fructum
1916 5525 1972 5576 in
2016 5518 2139 5579 san-

546 5590 932 5661 ctiﬁcationem.

2322 4874 2352 4916 δ
2380 4882 2479 4936 Ms.
2536 4878 2791 4934 Jolieusis
2840 4877 2923 4931 hic
2970 4876 3140 4947 addit,
3171 4874 3453 4929 secundum
3508 4874 3870 4947 Evangelia";

2252 4969 2445 5020 meum,
2480 4968 2570 5021 per
2597 4949 2773 5004 Jesum
2800 4948 3062 5021 Christum
3096 4946 3381 5000 Dominum
3423 4946 3678 5001 nostrum.
3738 4953 3869 5006 Cac-

2250 5028 2353 5080 teri
2388 5020 2604 5079 codices
2636 5024 2749 5075 inec
2779 5035 2885 5075 non
2937 5020 3159 5073 addunt.

3968 4230 3981 4393 l

3968 4524 3975 4611 l

3968 4620 3973 4863 ψ

2320 5108 2347 5145 P
2382 5096 2631 5166 Lugdun.
2666 5094 2823 5166 edit.,
2857 5093 2984 5163 {acti
3004 5100 3122 5166 sunt
3154 5106 3311 5158 prope
3337 5088 3597 5166 credentes
3626 5089 3683 5143 in
3712 5110 3868 5150 eum.
3958 5128 3963 5131 ι

2250 5159 2494 5234 Οαοηιιιῖ
2531 5163 2818 5233 aliquando
2858 5159 2968 5216 non
3010 5163 3267 5225 misertus,
3318 5171 3361 5213 et
3396 5159 3700 5234 justiﬁcans
3760 5168 3875 5219 Cir.

2249 5230 2696 5293 c'untcisionem'ea:
2735 5237 2856 5303 ﬁde,
2896 5242 2941 5287 et
2978 5234 3293 5304 prwputium
3344 5247 3434 5303 per
3478 5230 3657 5304 ﬁdem,
3727 5238 3874 5292 duos

2246 5380 2552 5436 Iudaeorum
2578 5388 2627 5433 et
2653 5373 2902 5447 gentium,
2933 5377 2987 5430 in
3029 5392 3133 5430 uno
3190 5391 3318 5429 novo
3357 5373 3563 5427 homine
3618 5379 3873 5445 soluens,

2248 5454 2369 5524 fecit
2400 5469 2599 5524 pacem,
2629 5460 2737 5524 etc.

2320 5534 2346 5573 ει
2382 5519 2527 5578 Edit.
2580 5522 2850 5589 Lttgdun.,
2907 5519 2995 5591 qui

2248 5598 2448 5649 novitas
2474 5594 2800 5667 atljttvutur?

2997 5520 3030 5573 d
3056 5519 3216 5591 hujus
3263 5518 3615 5591 superbissimi
3661 5536 3877 5577 sensus

2322 5677 2343 5704 τ
2376 5667 2471 5719 Ms.
2502 5664 2784 5731 Joliensis,
2813 5673 2862 5718 et
2888 5664 3199 5719 retribuetur
3235 5664 3366 5721 illi?

2583 5282 2875 5375 sentetipsti.
2895 5282 3258 5373 Etittrurmque
3285 5282 3533 5373 parriete'm
3559 5282 3877 5362 iniinicitié
3948 5282 3959 5377 Ξ

2248 5380 2552 5436 Judteorum
2578 5388 2627 5433 et
2653 5379 2902 5443 gentium,
2933 5377 2987 5430 in
3029 5392 3133 5430 uno
3190 5391 3318 5429 novo
3357 5373 3563 5427 homine
3618 5379 3873 5443 solvens,
3948 5382 3957 5443 l

3948 5484 3955 5533 l

620 5664 642 5703 ί
670 5663 868 5735 Lugd.,
896 5662 1123 5719 libertus.
1156 5662 1321 5718 Duac.
1352 5670 1411 5735 et
1431 5661 1647 5727 Colon.,
1672 5662 1940 5721 liberatur.

616 5736 635 5787 t
664 5736 790 5791 Mss.
815 5734 1002 5799 Corb.,
1024 5735 1234 5813 Bemig.
1259 5745 1311 5790 et
1332 5734 1466 5803 Jol.,
1490 5750 1612 5791 cum
1636 5736 1879 5808 Mogunt.
1899 5746 1953 5793 et
1971 5736 2132 5813 _Ven.,

542 5808 729 5863 bonam
752 5815 932 5862 autem
963 5807 1295 5860 voluntatem.

606 5883 635 5921 ι
674 5880 773 5939 bis.
798 5878 1056 5937 Joliensis
1087 5878 1255 5945 solus,
1288 5897 1442 5951 quam
1473 5899 1569 5940 suo
1595 5884 1733 5941 intra
1757 5898 1813 5940 se
1832 5885 1990 5940 sensit
2018 5897 2133 5941 om-

2320 5744 2340 5771 ⁸
2384 5738 2474 5792 Sic
2500 5753 2631 5793 mss.
2664 5740 2858 5801 Corb.,
2887 5737 3097 5805 Remig.
3122 5748 3178 5791 et
3205 5736 3337 5804 Jol.,
3366 5751 3490 5792 cum
3520 5734 3786 5807 Mogunt.
3817 5751 3883 5798 et

2245 5808 2381 5863 Ven.
2416 5808 2545 5863 edit.
2579 5813 2647 5863 At
2675 5808 2871 5878 Lugd,
2903 5809 3135 5878 Lovan.,
3164 5808 3331 5866 Duae.
3372 5818 3427 5866 et
3464 5808 3700 5880 Colum,
3756 5822 3891 5874 tota

2241 5881 2477 5954 ipsorum
2503 5880 2644 5938 salus
2672 5882 2842 5955 gratia
2863 5889 2962 5935 est.
