4028 6352
1298 341 1505 400 LIBER
1541 340 1819 401 CONTRA
1857 338 2348 399 COLLATOREM.

253 462 310 520 3.
336 459 429 518 Sin
458 467 639 517 autem
666 457 841 533 (quod
866 459 1039 533 magis
1071 460 1188 516 vult
1218 459 1309 514 hic
1337 459 1641 531 disputator
1686 459 1772 514 in-
1797 463 1848 523 Α
1875 473 2033 526 neque
2060 457 2381 512 circumcisio
2403 457 2606 530 aliquid
2630 458 2787 528 valet,
2816 476 2982 532 neque
3006 461 3314 535 prwputium
3337 479 3357 530 ,'
3385 464 3480 520 sed

197 552 379 628 telligi)
396 553 465 609 de
496 552 725 608 illisista
755 553 1008 609 dicuntur
1030 553 1142 624 qui,
1174 552 1340 609 alieni
1365 567 1395 606 a
1421 553 1593 623 gratia
1620 551 1777 608 Chri-

196 647 381 714 stiana,
429 646 682 717 quaedam
710 645 779 701 ad
808 645 1225 702 similitudinem
1257 645 1510 718 legalium
1541 645 1778 701 manda-

197 751 358 798 torum
415 740 644 812 proprio
687 739 896 810 judicio
939 749 966 778 ι
1013 739 1354 806 sanciebant,
1411 740 1776 810 intelligentes

195 849 359 890 mores
424 831 710 888 civitatum
788 833 1243 905 concordiamque
1292 833 1614 904 populorum
1665 847 1774 889 non

195 939 340 997 posse
367 924 529 982 aliter
557 925 856 992 contineri,
886 924 915 965 ι)
939 925 1045 981 nisi
1074 935 1130 982 et
1159 936 1310 984 recte
1340 927 1498 984 factis
1531 927 1770 997 praemia,

195 1030 245 1077 et
267 1020 493 1090 peccatis
515 1035 697 1091 paena:
723 1019 1176 1088 decernerentur,
1236 1033 1258 1061 ο
1293 1023 1434 1078 sicut
1462 1021 1663 1077 dictum
1691 1031 1776 1078 est

197 1114 256 1170 ab
277 1114 384 1186 ipsa
413 1112 703 1184 Sapientia
717 1115 837 1182 Dei,
865 1112 976 1187 Ego
1003 1130 1068 1170 ea:
1093 1131 1179 1170 ore
1204 1109 1458 1170 Altissimi
1478 1115 1703 1187 proclivi,
1726 1123 1774 1170 et

195 1206 391 1262 inomni
413 1215 566 1280 gente
616 1207 896 1279 primatum
951 1207 1140 1273 tenui;
1189 1207 1416 1279 requiem
1463 1208 1675 1279 quaesivi
1719 1207 1772 1261 in

197 1296 358 1364 Jacob,
387 1309 436 1354 et
464 1299 659 1354 inveni.
675 1298 821 1370 Ergo
845 1298 966 1370 quis
990 1298 1250 1370 ambigat,
1277 1299 1419 1355 hanc
1447 1298 1774 1367 sapientiam

197 1393 413 1449 humano
439 1392 607 1465 333
635 1393 820 1464 generi
847 1391 915 1447 ad
949 1392 1272 1463 temporalis
1297 1392 1422 1448 vita:
1453 1392 1769 1457 utilitatem,

197 1485 221 1525 ⁸
245 1503 302 1543 ex
326 1495 530 1541 natura:
559 1502 592 1540 a
623 1486 737 1542 Deo
767 1484 1003 1541 condita:
1033 1500 1320 1556 superesse
1363 1484 1610 1555 reliquiis
1638 1484 1662 1539 ἲ
1715 1483 1773 1540 Si

197 1581 323 1638 enim
350 1594 448 1636 nec
477 1578 543 1635 ad
580 1580 683 1634 ista
719 1589 937 1635 terrena
963 1579 1264 1634 ordinanda
1293 1577 1573 1634 rationalis
1606 1577 1774 1633 animi

197 1677 377 1746 vigeret
397 1675 699 1745 ingenium,
721 1689 832 1729 non
859 1674 1045 1730 vitiata
1072 1683 1240 1739 esset,
1265 1674 1361 1729 sed
1386 1674 1652 1729 exstincta
1678 1687 1773 1728 na-

197 1769 650 1838 tura.Qn:etamen
675 1769 893 1824 etiamsi
920 1768 1399 1825 excellentissimis
1420 1767 1648 1834 artibus,
1670 1776 1694 1804 ο
1717 1774 1776 1822 et

1882 551 2009 620 ﬁdes
2037 566 2152 621 qua:
2198 567 2289 622 per
2313 550 2636 608 dilectionem
2661 562 2908 625 operatur
2938 553 3140 628 (Galat.
3163 571 3220 627 v,
3253 555 3336 628 6).

2499 667 2730 726 CAPUT
2772 669 2862 725 XI.

1880 757 2121 814 Liberum
2137 757 2417 836 arbitrium
2441 774 2531 836 nec
2559 759 3049 836 voluntatem_boni,
3085 779 3188 836 nec
3210 765 3475 836 possibili-

1953 839 2108 884 tatem
2128 829 2333 896 Itabere,
2365 831 2464 884 nisi
2491 846 2580 904 per
2601 834 2840 902 gratiam.
2871 832 2973 886 Cur
2994 835 3191 888 homini
3211 829 3478 904 imperen-

1951 909 2036 971 tur
2055 917 2114 953 ea
2141 916 2362 971 quorum
2388 902 2690 971 facultatem
2725 919 2826 956 non
2850 905 3038 958 invenit
3065 907 3118 959 in
3142 922 3238 959 sua
3263 902 3471 962 natura.

1951 970 2198 1038 Deﬁnitio
2239 970 2419 1026 octava
2447 971 2719 1028 Cassiani:
2745 973 2964 1028 Naturae
3005 976 3245 1032 humanae
3289 994 3391 1032 non
3420 978 3477 1033 id

1951 1043 2120 1097 solum
2163 1044 2525 1115 ascribendunt
2549 1045 2690 1115 quod
2741 1046 2934 1100 malum
2955 1056 3050 1101 est.
3086 1045 3281 1103 Merita
3302 1047 3477 1104 homi-

1953 1130 2074 1168 num
2093 1114 2240 1169 nulla
2275 1115 2374 1169 nisi
2403 1132 2466 1168 ex
2493 1114 2683 1188 gratia.

1953 1227 2128 1301 [Alias
2175 1227 2308 1283 Car.
2343 1224 2574 1301 XXlli.]
2610 1229 2659 1283 i.
2695 1229 2825 1284 Post
2859 1229 2998 1297 haec,
3042 1232 3096 1286 in
3122 1231 3477 1291 conclusione
3553 1249 3566 1269 τ

1880 1320 2323 1376 testimoniorum
2378 1320 2579 1391 quibus
2624 1323 2858 1391 probare
2886 1323 3086 1392 voluit,
3117 1324 3260 1394 quod
3297 1324 3353 1380 bi
3381 1325 3477 1398 qui

1878 1425 1976 1481 per
2014 1409 2441 1479 increpationem
2505 1410 2879 1481 propheticam
2927 1413 3076 1468 surdi
3134 1415 3477 1484 appellantur

1878 1503 2042 1576 334
2066 1513 2123 1560 et
2149 1505 2300 1571 czeci,
2333 1505 2546 1574 possint
2572 1519 2643 1560 ex
2683 1504 2941 1562 facultate
2980 1515 3188 1562 naturae
3217 1518 3273 1563 et
3314 1524 3476 1566 aures

1876 1613 2007 1654 suas
2030 1597 2245 1668 aperire
2271 1597 2340 1654 ad
2369 1598 2722 1664 audiendum,
2747 1608 2802 1655 et
2842 1600 3028 1656 oculos
3060 1611 3102 1638 ιιι
3128 1616 3255 1657 suos
3285 1603 3352 1658 ad
3389 1605 3474 1658 vi-

1877 1689 2111 1747 dendum
2144 1690 2320 1763 (quasi
2359 1706 2468 1746 non
2490 1692 2561 1747 de
2583 1691 2776 1748 iisdem
2799 1692 2944 1748 dicat
2966 1693 3324 1762 Dominus,Et
3343 1695 3479 1750 dabo

1877 1783 1948 1836 eis
1983 1798 2072 1836 cor
2116 1780 2286 1848 aliud,
2313 1791 2362 1837 et
2395 1783 2636 1854 spiritum
2667 1800 2852 1838 novum
2885 1783 3019 1837 dabo
3043 1785 3115 1840 eis
3133 1802 3151 1850 ;
3180 1794 3226 1839 et
3267 1785 3481 1840 evellam

197 1863 382 1918 cunctis
425 1862 738 1917 mortalium
791 1861 1161 1917 eruditionum
1215 1861 1422 1932 polleat
1469 1858 1772 1931 disciplinis

1893 1892 1967 1930 :or
1994 1874 2257 1944 lapideum
2282 1875 2344 1929 de
2368 1891 2524 1930 carne
2550 1892 2746 1943 eorum,
2773 1888 2819 1930 et
2842 1877 2973 1930 dabo
3004 1877 3076 1932 eis
3101 1893 3190 1930 cor
3215 1893 3480 1946 carneum;

197 1955 364 2026 (Eccli.
392 1955 632 2024 xxiv,7),
657 1953 948 2026 iustificari
994 1970 1062 2010 ex
1108 1969 1170 2010 se
1216 1968 1324 2009 non
1367 1961 1589 2024 potest:
1644 1952 1770 2022 quia

197 2047 332 2103 bonis
358 2049 468 2103 suis
498 2046 646 2102 male
669 2047 863 2113 utitur,
898 2047 951 2101 in
975 2047 1172 2118 quibus
1201 2045 1324 2102 sine
1352 2045 1503 2102 cultu
1529 2044 1644 2100 veri
1672 2043 1770 2100 Dei

197 2138 464 2208 impietatis
491 2136 510 2176 ι
542 2137 1012 2209 immunditiaque
1044 2136 1412 2203 convincitur,
1457 2146 1513 2192 et
1544 2135 1686 2190 unde
1711 2150 1773 2192 se

196 2229 386 2286 delendi
416 2230 674 2295 aestimat,
704 2239 1018 2288 accusatur.
1050 2229 1190 2286 Cum
1220 2245 1352 2301 ergo
1379 2228 1581 2284 Paulus
1631 2228 1772 2283 defi-

197 2324 314 2387 niat,
341 2323 480 2392 quod
509 2338 616 2378 non
643 2337 711 2378 ex
733 2323 993 2394 operibus
1022 2323 1159 2395 legis
1191 2333 1216 2371 δ
1235 2323 1568 2395 justificatur
1596 2321 1773 2376 omnis

196 2430 312 2471 caro
339 2416 509 2487 (Rom.
544 2433 625 2486 Ill,
654 2415 792 2488 20);
847 2425 903 2472 et
946 2418 1204 2484 quoniam
1239 2417 1293 2470 in
1341 2415 1559 2471 Christo
1601 2431 1774 2487 neque

197 2507 544 2574 circumcisio,
601 2525 778 2580 neque
826 2508 1152 2579 praeputium
1182 2509 1364 2564 valeat
1405 2508 1632 2579 aliquid,
1675 2508 1772 2564 sed

197 2616 334 2657 nova
354 2611 587 2659 creatura
618 2601 817 2675 (Gatat.
851 2620 905 2669 v,
928 2602 1020 2672 6);
1053 2602 1080 2639 ⁸³
1109 2601 1239 2671 quid
1269 2603 1372 2658 iste
1403 2603 1624 2672 impiam
1655 2604 1775 2659 inii-

201 2693 392 2748 delium
414 2694 711 2750 libertatem
732 2695 1072 2750 naturalibus
1098 2695 1318 2750 instruit
1345 2695 1528 2762 bonis,
1563 2706 1619 2752 et
1648 2712 1776 2768 pro-

207 2785 338 2855 priis
373 2786 485 2841 vult
507 2787 786 2857 justifieare
821 2787 1150 2858 principiis?
1190 2789 1330 2858 Quid
1365 2789 1431 2844 ad
1464 2791 1775 2848 renovatio-

210 2895 328 2937 nem
358 2879 376 2919 ί
406 2881 656 2937 lacessita:
678 2883 978 2947 vetustatis,
1011 2883 1261 2938 idoneam
1286 2882 1473 2938 definit
1510 2885 1773 2954 prazvari-

204 2977 408 3032 catricis
427 2978 656 3033 scientia:
680 2978 984 3034 nuditatem
1007 2977 1032 3033 ἲ
1059 2978 1222 3046 Quasi
1266 2979 1369 3034 ista
1419 2978 1646 3034 scientia
1688 2979 1776 3036 vel

199 3086 261 3126 ex
283 3080 477 3126 natura:
499 3072 690 3143 opibus
717 3072 934 3128 residua
965 3069 980 3122 i
1019 3081 1341 3141 consecuta,
1373 3071 1462 3128 vel
1489 3088 1555 3127 ex
1589 3072 1774 3143 legalis

197 3163 438 3218 doctrina:
464 3164 772 3220 eruditione
802 3164 1055 3235 quaesita,
1111 3164 1284 3234 possit
1310 3163 1395 3219 sui
1425 3165 1774 3234 perceptione

1874 1975 1932 2022 ut
1960 1967 2013 2020 in
2044 1968 2310 2038 praeceptis
2345 1968 2470 2022 meis
2501 1967 2782 2038 ambulent,
2815 1978 2866 2022 et
2901 1969 3297 2037 iustiﬁcationes
3337 1988 3478 2025 meas

1873 2060 2159 2131 observent,
2183 2070 2230 2114 et
2253 2060 2448 2131 faciant
2469 2077 2555 2115 eas
2583 2058 2804 2129 (Ezeclt.
2827 2078 2903 2128 si,
2940 2061 3029 2130 l9,
3058 2071 3106 2116 et
3128 2079 3319 2127 xxxvi,
3346 2061 3476 2135 26);

1872 2161 1902 2190 τι
1933 2153 2082 2208 addit
2133 2163 2189 2207 et
2229 2153 2364 2208 dicit
2401 2152 2622 2228 (Collat.
2685 2154 2773 2219 13,
2817 2170 2933 2221 cap.
2977 2152 3115 2222 l2):
3148 2152 3383 2226 Denique
3421 2163 3482 2209 ut

1873 2244 2266 2317 possibilitatem
2291 2246 2411 2299 boni
2440 2245 2518 2299 eis
2553 2245 2722 2300 inesse
2765 2253 2788 2280 ο
2827 2245 3167 2318 significaret,
3199 2246 3482 2316 increpans

1874 2352 1982 2402 eos,
2012 2336 2152 2404 Quid
2194 2349 2391 2402 autem,
2440 2337 2626 2407 inquit,
2657 2337 2815 2391 etiam
2857 2353 2920 2391 ea:
2964 2338 3338 2407 vobismetipsls
3376 2356 3482 2394 non

1865 2430 2138 2506 judicatis
2152 2431 2293 2499 quod
2314 2433 2524 2502 justum
2550 2439 2623 2484 est
2647 2429 2800 2503 (Lac.
2832 2447 2928 2496 xu,
2960 2432 3098 2502 57)?
3127 2431 3280 2499 Quod
3308 2435 3482 2504 utique

1875 2538 1978 2576 non
2004 2523 2076 2576 eis
2102 2523 2334 2588 dixisset,
2369 2524 2471 2576 nisi
2499 2539 2585 2576 eos
2603 2524 2811 2594 judicio
2839 2524 3066 2577 naturali
3095 2525 3233 2595 quod
3270 2540 3479 2592 usquam

1876 2623 1954 2668 est
1981 2614 2156 2668 scisset
2198 2629 2346 2684 posse
2377 2614 2684 2668 discernere.
2715 2615 2832 2669 .latn
2874 2632 2981 2670 non
3009 2617 3184 2671 solum
3230 2616 3481 2672 volunta-

1875 2714 1984 2762 tem
2017 2707 2170 2774 boni,
2222 2707 2319 2762 sed
2359 2707 2522 2761 etiam
2564 2707 2987 2778 possibilitatem
3032 2708 3205 2763 libero
3252 2709 3480 2765 ascribit

1874 2800 2099 2855 arbitrio
2126 2818 2138 2853 :
2174 2809 2447 2868 tamquam
2472 2800 2592 2854 ideo
2615 2811 2641 2850 ι)
2669 2800 2738 2854 ab
2762 2800 2842 2856 eis
2869 2800 3128 2871 exigatur
3163 2800 3477 2871 intelligen-

1877 2894 1972 2960 tia,
2000 2893 2124 2948 ideo
2149 2892 2363 2964 jnstitia
2407 2904 2744 2964 reposcatur,
2775 2892 2902 2964 quia
2954 2895 3166 2962 possint
3193 2896 3312 2948 haec
3356 2894 3478 2951 sine

1876 2983 1973 3039 Dei
1999 2983 2161 3039 donis
2185 2984 2254 3038 de
2287 2993 2496 3040 natura:
2529 2986 2775 3054 proferre
2805 2983 2983 3039 bonis.
3017 2984 3358 3054 lmperantur
3377 3001 3478 3042 au-

1875 3085 1984 3132 tem
2021 3078 2124 3132 ista
2155 3075 2387 3141 homini,
2433 3086 2491 3131 ut
2518 3091 2588 3132 ex
2624 3079 2744 3147 ipso
2774 3087 3067 3148 praecepto,
3101 3088 3130 3129 ς
3159 3093 3266 3150 quo
3288 3081 3336 3135 ei
3369 3080 3474 3137 hoc

1874 3171 2020 3241 quod
2043 3173 2251 3242 accepit
2281 3170 2561 3239 indicitur,
2585 3180 2607 3208 ι’
2637 3181 2896 3242 agnoscat
2919 3171 2972 3225 id
2994 3187 3056 3227 se
3081 3187 3180 3226 suo
3199 3173 3331 3228 vitio
3356 3189 3478 3244 per-

197 3263 438 3326 PriBSlar'e
476 3266 533 3311 ιιι
573 3255 716 3327 quod
747 3256 1056 3312 ῖθοὶεηάυηι
1105 3257 1440 3323 noverimus.
1493 3259 1655 3313 etiam
1685 3257 1762 3312 fil-
1798 3266 1845 3332 C
1877 3263 2113 3331 didisse;
2144 3274 2329 3320 etnon
2359 3266 2483 3320 ideo
2521 3265 2760 3336 iniquam
2799 3280 2922 3321 esse
2949 3266 3317 3332 exactionem,
3349 3267 3479 3339 quia

197 3364 308 3406 cere
332 3351 615 3422 diligamus
649 3368 662 3403 :
717 3359 811 3405 aut
838 3351 986 3405 ullus
1017 3350 1088 3405 sit
1118 3350 1274 3406 bonae
1311 3351 1608 3407 voluntatis
1657 3367 1771 3407 mo-

201 3451 292 3509 tus,
323 3443 422 3499 nisi
463 3458 624 3514 quem
661 3445 936 3499 creaverit
965 3443 1177 3499 diffusa:
1225 3460 1321 3515 per
1353 3444 1608 3513 Spiritum
1648 3460 1774 3500 san-

199 3542 324 3587 ctum
353 3532 634 3589 charitatis
656 3531 685 3571 ¹ι
715 3533 952 3590 afﬂatus.
988 3535 1120 3591 Sine
1144 3535 1248 3605 fide
1282 3535 1426 3590 enim
1457 3535 1774 3606 impossibile

200 3623 298 3681 est!
317 3625 519 3699 placere
550 3625 743 3699 (Hebr.
777 3643 857 3697 xu,
889 3627 947 3696 6)
974 3645 986 3680 :
1012 3637 1087 3694 et,
1123 3627 1287 3682 Omne
1316 3629 1458 3700 quod
1480 3646 1581 3683 non
1610 3638 1682 3683 est
1709 3647 1773 3686 ea:

199 3719 305 3788 ﬁde,
320 3731 588 3792 peccatum
608 3729 683 3776 est
709 3720 888 3793 (Rom.
923 3735 1040 3792 xxv,
1064 3721 1164 3793 25)
1191 3730 1301 3792 :et,
1333 3721 1390 3776 in
1420 3720 1623 3776 Christo
1643 3722 1772 3779 Iesu

255 3878 437 3948 Uidit.
469 3879 718 3948 Mogunt.
751 3889 807 3935 et
837 3878 1001 3947 Ven.,
1035 3881 1343 3937 sentiebant.

252 3947 493 4025 1fl.ugd.,
527 3947 756 4025 Levant,
792 3951 1047 4025 Duac._et
1071 3951 1413 4025 Colon.,nist'
1437 3962 1523 4020 ut;
1556 3955 1770 4025 melius,

198 4021 278 4075 nisi
299 4031 360 4086 et,
390 4039 452 4078 ex
487 4037 631 4077 mss.
656 4022 826 4077 tribus
853 4037 915 4077 ac
938 4023 1175 4090 Mngunt.
1208 4035 1262 4078 et
1290 4024 1425 4079 Ven.

254 4103 274 4131 ε
303 4093 444 4148 lianc
468 4096 860 4148 auctoritatem
892 4109 959 4149 es
985 4094 1355 4150 Ecclesiastici
1387 4097 1524 4151 libro
1547 4097 1770 4153 allatam

202 4175 512 4234 prsetereunt
541 4164 813 4234 Lngdnn.,
845 4165 1073 4234 Lovan.,
1107 4168 1274 4221 Dnac.
1303 4177 1358 4220 et
1380 4168 1577 4222 Colon.
1609 4186 1623 4232 ;
1683 4170 1775 4225 ha~

199 4232 307 4310 bent
327 4253 465 4310 mss.
487 4232 686 4300 Corli.,
724 4235 936 4306 Rcmig.
982 4232 1209 4310 et’Jol.,
1264 4253 1387 4292 cum
1423 4240 1665 4310 Mugnnt.
1718 4252 1772 4297 et

199 4303 674 4382 Ven.lo_Mngugnt.
706 4303 966 4363 tamen'et
997 4308 1130 4382 Ven.
1182 4311 1394 4380 legitur,
1425 4314 1487 4363 ab
1514 4303 1643 4382 'ipsa
1685 4329 1771 4366 sa-

200 4378 540 4455 pientiaDeo.
580 4380 639 4434 in
684 4393 787 4455 ms.
839 4395 970 4455 vero
1021 4378 1263 4455 Remig,
1301 4378 1603 4455 in_omnent
1644 4401 1770 4455 gen-

200 4457 281 4502 tem
305 4454 589 4522 primatum
617 4450 757 4524 tenui
787 4467 800 4503 :
834 4460 889 4506 et
916 4452 967 4504 in
1012 4467 1119 4506 ms.
1161 4452 1390 4524 .lnliensi
1427 4450 1773 4524 desunt'po-

201 4530 388 4648 suam;
412 4529 536 4579 haec
566 4522 754 4588 verba,
784 4525 1010 4593 requiem
1034 4523 1247 4594 quaesivi
1273 4524 1328 4578 in
1356 4521 1540 4593 Jacob,
1563 4594 1565 4596 η
1591 4534 1641 4580 et
1676 4521 1776 4581 ’ἰη-

202 4605 312 4648 ιιειη.
389 4611 515 4648 rao.

202 4605 333 4668 terit:
343 4605 515 4668 Ergq.

244 4662 279 4787 ἐξ
303 4662 438 4721 Εάίιῖ
473 4665 752 4738 Lugdun.,
781 4682 846 4721 ea:
867 4677 1055 4723 natura
1077 4684 1111 4721 a
1137 4665 1248 4722 Deo
1276 4668 1489 4722 condita
1517 4684 1778 4741 superesse

263 4752 441 4787 Ianum.

198 4747 441 4807 rettquum.

260 4797 399 4882 "bis.
449 4809 738 4882 Joliensis,
780 4808 1060 4863 moralibus
1091 4808 1460 4864 eruditionunt.
1506 4809 1677 4882 Lugd.
1717 4820 1776 4867 et
1801 4797 1848 4856 Π

199 4891 284 4950 ms.
305 4879 546 4950 Remig.,
573 4881 853 4934 moralibus
879 4881 1244 4935 eruditionum.

262 4947 278 4986 ί
307 4947 550 5022 Lngddn.
591 4952 750 5015 edit.,
777 4953 1057 5006 immutata:
1089 4968 1231 5022 teque
1272 4953 1623 5008 convincitur:
1659 4962 1772 5008 tum

201 5034 280 5086 pro
312 5025 554 5090 testimut,
589 5023 772 5096 habet,
812 5024 1087 5096 eguistimat.
1140 5022 1610 5096 Conformiterque
1657 5028 1774 5095 ipsa

199 5097 515 5150 receiitiores
539 5104 595 5149 et
622 5092 760 5148 Ven.
789 5093 976 5150 editio.

258 5164 393 5237 ἕως.
425 5165 712 5237 Joliensis,
738 5181 840 5237 non
857 5166 1251 5237 justiﬁcabitur.

257 5231 283 5271 ¹¹
307 5237 477 5310 Lugd.
503 5236 662 5310 edit.,
684 5231 810 5310 quid
834 5231 904 5290 est
925 5231 1061 5310 quod
1081 5239 1294 5307 impiam
1314 5239 1600 5307 infidelium
1626 5240 1778 5294 liber-

199 5312 338 5384 tatem
362 5308 693 5384 naturalibus
716 5308 1018 5362 instructam
1043 5309 1207 5378 bonis,
1237 5312 1462 5382 propriis
1491 5311 1597 5365 vult
1617 5312 1778 5384 justi-

201 5376 338 5450 ﬁcare
366 5379 638 5450 principiis
660 5381 686 5433 ἶ)

266 5448 281 5485 ί
311 5451 382 5505 lta
410 5448 548 5506 mss.
589 5451 782 5520 Corb.,
815 5449 1024 5523 Remig.
1061 5462 1117 5507 et
1135 5452 1268 5518 101.,
1309 5468 1432 5508 cum
1456 5453 1695 5523 Mogunt.
1723 5461 1778 5508 et

202 5517 324 5576 Ven.
360 5525 433 5578 At
459 5517 794 5594 posteriores
837 5517 1128 5587 editiones,
1176 5517 1376 5580 misera:
1402 5517 1664 5581 vetusiutis
1686 5541 1698 5577 :
1723 5533 1778 5581 et

199 5603 307 5658 post
329 5593 498 5664 pauca
526 5609 633 5649 ms.
663 5593 938 5658 Joliensis,
968 5597 1196 5650 scientia:
1222 5595 1525 5651 libertatem.

265 5664 278 5713 i
315 5664 575 5731 Verbum,
614 5673 884 5720 caumate
913 5664 1003 5720 hic
1041 5667 1295 5737 adjicitur
1324 5682 1391 5722 ex
1417 5682 1548 5723 mss.
1586 5667 1773 5735 Corb.,

200 5730 398 5809 Remig.
420 5749 478 5793 et
503 5730 612 5793 Jol.
637 5746 694 5793 et
718 5737 850 5809 edit.
883 5730 1128 5809 MoguntI
1155 5749 1210 5795 et
1242 5739 1374 5795 Ven.

260 5804 485 5878 fgL-ugd.
515 5809 710 5876 editio,
741 5808 973 5878 aﬂ'ectus.

267 5874 472 5953 ιιιυιξει.
489 5890 546 5939 et
561 5874 893 5953 posteriores
902 5881 1190 5955 editiones,
1216 5882 1418 5955 placere
1434 5882 1565 5940 Deo.
1587 5882 1778 5953 Abest,

1873 3358 1942 3414 ad
1964 3357 2299 3414 reddendum
2328 3359 2470 3430 quod
2511 3358 2676 3417 debet
2715 3359 2943 3415 idoneus
2975 3370 3218 3426 nonest;
3266 3370 3288 3400 ι
3323 3360 3420 3417 sed
3444 3377 3477 3418 a

1873 3451 2054 3506 littera
2077 3451 2360 3508 occidente
2387 3453 2664 3523 confugiat
2693 3453 2762 3508 ad
2795 3453 3050 3524 spiritum
3075 3453 3472 3522 viviticantem,

1874 3552 1931 3600 et
1968 3544 2282 3601 facultatem
2313 3561 2476 3615 quam
2503 3545 2523 3581 ί
2559 3561 2667 3599 non
2693 3545 2902 3601 invenit
2934 3546 2990 3600 in
3017 3556 3236 3612 natura,
3265 3556 3476 3616 qumrat

1874 3651 1941 3694 ex
1985 3637 2178 3709 gratia.
2231 3637 2386 3705 Quod
2431 3637 2479 3692 si
2521 3636 2682 3703 facit,
2736 3652 2929 3708 magna
2970 3647 3054 3692 est
3093 3636 3472 3694 misericordia

1875 3738 1905 3768 ιι
1934 3729 2032 3787 Dei
2060 3748 2073 3784 :
2099 3731 2144 3786 si
2173 3745 2282 3786 non
2308 3729 2461 3798 facit,
2481 3730 2629 3801 justa
2653 3740 2738 3786 est
2763 3745 2922 3801 paena
2953 3730 3178 3801 peccati.

1884 3888 2016 3962 Deo,
2037 3903 2066 3942 a
2091 3888 2404 3962 mss.Corb.
2421 3932 2434 3952 ,
2456 3889 2667 3960 Remig.
2695 3900 2749 3945 et
2769 3889 2900 3957 ⁴101..
2924 3899 2979 3947 et
3001 3891 3132 3947 edit.
3157 3891 3396 3962 Mogunt.
3418 3904 3476 3950 et

1886 3959 2026 4014 Ven.
2049 3976 2064 4026 ;
2095 3959 2634 4034 soletqueinterdum
2651 3962 2720 4015 ab
2741 3963 3040 4034 Augustino
3057 3959 3345 4033 praeteriri,
3371 3979 3475 4022 nec

1880 4041 1962 4084 est
1993 4033 2197 4087 (iraecze
2228 4032 2480 4086 dictionis
2504 4031 2773 4101 Apostoli.

1950 4111 1990 4180 ιθ
2009 4103 2120 4180 |_loc
2143 4117 2463 4180 pronomen,
2481 4120 2624 4180 suos,
2649 4120 2756 4158 non
2779 4104 3081 4180 habeturin
3101 4119 3231 4162 mss.
3256 4107 3470 4180 Remig.

1877 4181 1933 4228 et
1956 4173 2087 4233 λοι..
2115 4189 2213 4228 nec
2243 4174 2295 4227 in
2318 4174 2449 4228 edit.
2486 4175 2722 4241 Mogunt.
2753 4187 2812 4229 ct
2844 4176 2977 4232 Ven.

1948 4253 1977 4281 ιι
1994 4245 2136 4299 Edit.
2154 4245 2349 4316 Lugd.,
2368 4245 2524 4311 Lov.,
2542 4247 2707 4301 Duae.
2725 4257 2779 4302 et
2792 4248 3007 4314 Colon.,
3029 4249 3233 4304 addidit
3256 4258 3303 4306 et
3325 4251 3467 4305 dicit.

1953 4325 1978 4352 ο
2004 4317 2430 4391 Edit.__Lugdun.
2466 4327 2524 4391 et
2547 4333 2609 4391 ea
2657 4320 3014 4391 recentiores,
3043 4321 3355 4391 designaret,
3393 4324 3475 4376 in-

1877 4403 2094 4466 crepans
2145 4386 2456 4466 ΡΙιᾳτνὶξαῖυδ⁸
2470 4388 2638 4442 dixit:
2668 4389 2804 4454 Quid
2841 4401 3010 4445 autem
3028 4408 3114 4466 ἐκ
3146 4386 3284 4466 vobis
3322 4393 3470 4466 ipsis,

1879 4459 2067 4526 inquit,
2101 4477 2204 4513 non
2230 4460 2482 4528 judicotis
2511 4466 2650 4528 quod
2682 4468 2869 4515 bonum
2901 4471 2995 4515 est.
3028 4459 3351 4518 Lectioncm'
3376 4459 3475 4519 n04

1880 4541 2050 4602 stram
2102 4529 2320 4599 praefert
2355 4546 2459 4585 ms.
2508 4529 2760 4586 Joliensis
2781 4601 2793 4602 ί
2821 4547 2941 4586 cum
2981 4532 3220 4602 Mogunt.
3249 4544 3305 4590 et
3338 4535 3474 4590 Ven.

1879 4601 1989 4657 Nec
2016 4603 2086 4657 ab
2124 4617 2186 4657 ea
2228 4602 2556 4676 dissentiunt
2581 4616 2711 4654 mss.
2753 4601 3104 4676 _Corbeiei_is_is
3149 4616 3204 4660 et
3227 4605 3474 4676 Retnig.,

1883 4684 2110 4741 excepto
2140 4673 2281 4742 quod
2318 4687 2414 4740 pro
2448 4685 2582 4726 voce
2611 4687 2717 4739 eos,
2753 4672 2951 4728 habent
2987 4672 3282 4731 Phariswos
3307 4692 3325 4730 :
3351 4672 3474 4731 cum

1869 4753 2063 4797 .tnmen
2098 4744 2282 4798 turbas
2305 4743 2676 4812 alloqueretur
2701 4743 2947 4798 Christus
2972 4745 3088 4800 haec
3123 4746 3331 4811 dicens,
3365 4764 3475 4802 non

1879 4815 2158 4884 speciatim
2190 4814 2516 4890 Pharisaeos.
2559 4813 3020 4890 Hahentinsuper
3050 4832 3167 4886 pro,
3197 4818 3334 4888 quod
3382 4822 3471 4890 ju-

1877 4897 2012 4940 stum
2041 4894 2141 4951 est,
2169 4887 2307 4958 quod
2354 4885 2541 4958 bonum
2573 4894 2688 4939 est:
2721 4887 2869 4956 prius
2897 4885 3077 4942 tamen
3121 4885 3288 4944 textui
3331 4885 3476 4958 Apo-

1879 4959 2002 5012 stoli
2036 4966 2121 5012 est
2148 4955 2504 5011 cunformius.

1951 5039 1979 5078 Ρ
2006 5027 2132 5082 Mss.
2152 5026 2363 5100 Remig.
2392 5039 2447 5083 et
2474 5026 2579 5081 Jol.
2610 5042 2730 5081 cum
2759 5028 2886 5083 edit.
2911 5028 3050 5100 Mog.
3077 5040 3131 5084 et
3155 5029 3315 5096 Ven.,
3336 5029 3399 5082 ab
3419 5046 3476 5082 eo

1879 5100 2186 5170 exigatur...
2218 5099 2282 5152 de
2304 5107 2502 5152 natura
2522 5100 2746 5170 proferri
2769 5099 2932 5154 bonis.

1953 5181 1981 5220 ς
2007 5169 2150 5225 Edit.
2172 5169 2365 5240 Lugd.,
2382 5169 2610 5237 Lovan.,
2629 5172 2798 5225 Duae.
2824 5181 2879 5227 et
2895 5170 3086 5226 Colon.
3111 5169 3338 5238 addunt,
3355 5170 3477 5226 Dei.

1881 5240 2051 5311 Lugd.
2089 5251 2266 5296 tamen
2309 5249 2497 5311 postea
2539 5256 2569 5295 a
2614 5243 2827 5297 caeteris
2867 5241 3167 5309 dissimilis,
3198 5242 3294 5295 hoc
3341 5245 3480 5312 quod

1881 5314 2076 5384 accepit
2093 5314 2377 5385 judicetur,
2405 5313 2542 5368 forte
2571 5328 2668 5382 pro
2702 5312 2979 5366 indicetur.

1957 5393 1979 5422 τ
2008 5384 2132 5439 Mss.
2183 5384 2344 5440 Corb.
2380 5393 2434 5438 et
2482 5383 2692 5451 Remig.
2744 5398 2865 5437 cum
2919 5381 3162 5451 Mogunt.
3213 5391 3271 5439 et
3303 5382 3421 5441 Ven

1881 5425 2456 5578 a.;,..".::.:‘.d‘;;s".;.-.:.‘.
2473 5425 3182 5525 ίξιῑξά·.τ;·ισῖῖδ;ὶιιῑιῑῖῑῖιῖξι
3209 5425 3337 5512 ὅῧώ
3355 5425 3478 5530 ys:

1923 5543 1939 5578 ι
1980 5543 2022 5578 18
2028 5543 2081 5578 88
2086 5567 2100 5578 .

1923 5528 2100 5582 idisse.

1955 5605 1976 5633 ⁸
2007 5598 2104 5653 Ms.
2129 5597 2402 5665 .loliensis,
2428 5598 2530 5653 nisi
2552 5615 2584 5651 a
2613 5597 2807 5651 littera.

1956 5669 1977 5705 ί
2001 5669 2116 5727 Hoc
2137 5670 2258 5726 loco
2279 5669 2522 5739 Lugdun.
2550 5679 2604 5723 et
2627 5668 2954 5735 posteriores
2975 5668 3240 5728 editiones
3277 5671 3478 5728 addunt

1879 5753 2033 5813 ante:
2064 5742 2158 5798 sed
2188 5742 2292 5799 hac
2313 5740 2573 5811 particula
2602 5749 2790 5813 carent
2818 5754 2952 5813 mss.
2974 5740 3164 5813 Corb.,
3186 5744 3395 5813 Remig.
3426 5749 3479 5806 et

1881 5812 2014 5883 Jol.,
2043 5827 2147 5869 nec
2169 5828 2277 5868 non
2310 5808 2555 5883 Mogunt.
2586 5817 2642 5864 et
2670 5808 2810 5883 V_en.
2842 5812 2993 5872 editi.

1956 5878 2187 5957 “Lugd.
2219 5893 2276 5942 et
2302 5878 2661 5951 recentiores,
2686 5878 2923 5940 Domini.
