4028 6352
493 323 596 381 247
1733 305 1790 363 S.
1830 299 2170 359 PROSPERI
2206 295 2533 368 AQUITANI
3665 288 3764 350 us

497 435 598 491 bus
628 432 805 499 bonis,
845 447 964 502 quae
991 426 1313 499 praeparavit
1339 424 1478 481 Deus
1523 427 1582 478 ut
1616 418 1673 476 in
1695 417 1804 474 illis
1833 416 2074 472 ambule—
2100 413 2465 483 Asapientia,
2517 411 2647 483 quid
2692 408 2929 466 resideat
2976 407 3079 465 nisi
3109 406 3460 479 insipientia?
3515 422 3628 464 non
3683 423 3768 465 reo

500 540 619 583 mus
647 501 870 595 (Ephes.
892 538 948 588 ii,
982 520 1094 590 10).
2186 514 2383 576 gnante
2403 504 2630 575 iustitia,
2662 502 2789 573 quid
2811 501 3120 557 dominetur
3146 501 3251 557 nisi
3270 501 3560 573 iniquitas?

1082 631 1313 689 CAPUT
1361 627 1507 685 χιιι,
2258 599 2315 653 2.
2346 597 2613 653 Virtutum
2644 596 2821 666 itaque
2846 594 3077 662 semina,
3106 608 3228 664 quas
3258 593 3523 650 beneficio
3552 592 3772 649 Creato-

668 754 680 766 .
712 755 722 765 .
1075 688 1109 761 ,ί
1162 747 1174 759 .
1240 688 1251 689 ί
1387 746 1399 758 .
1504 745 1515 756 .
1644 742 1656 755 .
2051 737 2063 750 .
2191 693 2268 748 ris
2288 692 2489 748 inserta
2508 699 2653 755 sunt,
2673 688 3121 760 praevaricatione
3143 688 3302 758 primi
3324 688 3567 759 parentis
3585 703 3772 745 eversa

506 751 755 823 Deﬁmho
781 767 915 806 nona
942 748 1206 823 cunam:
1244 746 1399 823 01m"
1427 758 1615 823 nam!”
1638 737 2089 823 '"‘“‘."‘."3‘I.al"
2191 794 2314 823 min!
2333 801 2346 814 -
2374 799 2474 823 non
2504 782 2690 823 halmri
2711 789 2933 823 mmnnL
2970 779 3069 823 nisi
3106 795 3174 823 an
3223 780 3541 823 restitns-nm
3570 781 3660 823 ηιιί
3687 780 3772 823 ΔΑ.

579 779 755 823 rpmtw
781 779 915 806 nurus
942 779 1172 805 uasorum
1189 788 1202 802 .
1245 779 1399 801 umm
1427 779 1612 799 ιυιιυσω
1638 779 1800 797 υωοσυ
1837 779 2062 794 ..παπ-η.
2676 782 2690 795 ,
3008 779 3020 793 ,
3056 780 3068 792 ,
3338 780 3349 791 ,
3645 781 3659 792 .

579 835 653 879 ter
682 826 924 877 virtutum
967 821 1182 884 semina,
1214 836 1245 871 a
1271 816 1507 871 Creatore
1549 817 1760 867 inserta.
1789 810 2087 884 Refellitur,
2191 794 2348 884 ξω)ίῖ
2374 799 2475 884 "2°
2504 783 2692 884 imber}
2711 789 2935 884 ρξηυηξν
2970 794 3071 835 ¹¹¹⁸¹
3106 795 3174 835 eo
3223 788 3541 884 Γθδυξυθπίθ
3570 796 3660 851 (11³³
3677 780 3778 884 με·

575 872 1513 967 auia'peecatunioriginaleevertit.
1551 886 1780 943 Virtutes
1809 872 1881 965 .in'
1918 880 2091 967 impiis
2193 880 2368 939 derat.
2416 875 2797 933 Reformabilis
2823 874 2969 931 enim
3013 881 3098 929 est
3132 881 3326 929 natura
3356 875 3589 929 humana
3615 883 3639 911 ο
3672 872 3778 929 for-

578 952 848 1041 έςταεήοη
875 980 1001 1041 esse,
1044 952 1133 1015 sed
1160 959 1332 1041 gmnia
1380 974 1561 1041 ape-ra.
1582 952 2087 1041 eorumnimmundla.

2195 970 2387 1026 matori
2412 984 2533 1041 suo,
2566 976 2622 1023 et
2658 982 2849 1023 eorum
2901 966 3168 1022 bonorum
3195 981 3320 1036 qua:
3352 966 3563 1029 habuit,
3613 979 3779 1036 capax

592 1036 851 1091 Virtutum
892 1035 996 1090 sive
1045 1032 1344 1086 meritorum
1397 1026 1650 1098 principia
1687 1026 1833 1079 nulla
1863 1026 1917 1098 in
1947 1026 2092 1098 nobis

580 1056 2093 1177 5.133312.iii‘iiifiﬁi’iiim3322:3352;mimi;
2194 1070 2319 1177 fit:
2343 1070 2399 1177 ιξι
2443 1075 2539 1177 re:
2568 1056 3041 1165 mediatoremPei
3079 1064 3137 1113 et
3178 1057 3457 1177 hominum
3506 1056 3779 1177 horninem

582 1151 1539 1241 2227mm};inlisae};sinuin;
1578 1151 1823 1241 Confutat
1868 1162 2093 1241 idnquad
2194 1155 2467 1213 Christum
2491 1154 2698 1221 tesum,
2744 1153 2799 1208 in
2822 1166 2888 1208 eo
2930 1151 3049 1220 ipso
3073 1151 3219 1223 quod
3264 1151 3316 1208 ei
3344 1151 3629 1218 remansit,
3661 1164 3782 1220 pos-

582 1267 644 1305 ea:
666 1234 897 1319 Pastoris
928 1247 1057 1300 libro
1081 1243 1377 1319 apocrypha
1406 1243 1621 1319 probare
1656 1234 1884 1319 valuerpt
1921 1234 2096 1319 Colla:

2196 1252 2267 1306 sit
2294 1264 2621 1319 recuperare
2641 1246 2788 1319 quod
2822 1245 3073 1317 perdidit.
3108 1245 3392 1301 Remansit
3412 1253 3593 1301 autem
3619 1243 3669 1298 ei
3701 1257 3786 1298 rs-

580 1318 1383 1411 εξξοξίξῖῗῗῖζῖπωῗίξαζθξίξξξθ
1439 1314 1679 1384 σταίίωπν
1731 1308 1799 1363 ad
1826 1306 2015 1362 bonum
2046 1314 2096 1361 ⁸⁸
2200 1306 2679 1407 tional‘is'animus:
2712 1338 2803 1411 qui
2822 1306 2951 1393 'non
2982 1338 3175 1403 virtus,
3205 1337 3301 1394 sed
3330 1337 3542 1393 virtutis
3583 1335 3789 1391 habita-

584 1392 779 1446 malum
797 1389 1062 1459 wqualiter
1082 1404 1135 1441 se
1164 1386 1366 1440 habere.
2202 1386 2417 1397 "‘""""
2443 1386 2679 1407 “"""""
2714 1386 2803 1411 “³“·
2843 1386 2951 1444 ζ’ῖ·’
2996 1386 3175 1443 ’,’·““”’
3205 1386 3301 1444 'j‘
3340 1386 3539 1444 ";"
3583 1386 3763 1441 Tm“

2200 1436 2377 1492 culum
2406 1443 2509 1491 est.
2543 1432 2564 1473 ί
2595 1434 2675 1489 Ex
2721 1441 3137 1502 participatione
3176 1445 3321 1487 enim
3379 1438 3681 1501 sapientiae,
3737 1438 3789 1483 et

589 1527 755 1601 [Αίίαε
772 1524 901 1581 (ῙΑΡο
932 1523 1243 1596 XXVII-11°
1267 1521 1545 1591 Nunciam
1561 1518 1841 1575 Videamus
1860 1531 1968 1588 (ιυο
1988 1516 2101 1570 dis“
2198 1528 2444 1598 iustitiae,
2486 1534 2543 1582 et
2570 1524 2978 1589 misericordiae,
3030 1537 3137 1578 non
3184 1520 3469 1590 sapientia,
3498 1534 3679 1591 neque
3704 1519 3791 1588 ju-

520 1621 756 1691 putantis
790 1620 1161 1690 progrediatur
1187 1618 1438 1673 intentio.
1471 1614 1709 1670 Dubitari
1753 1628 1894 1685 ergo.
1926 1611 2101 1680 inquit
2202 1622 2369 1689 stitia,
2399 1634 2575 1690 neque
2601 1616 3002 1682 misericordia;
3026 1616 3121 1672 sed
3150 1616 3448 1685 sapientes,
3480 1623 3535 1669 et
3559 1613 3709 1683 justi,
3744 1620 3797 1666 et

521 1712 732 1785 (Collat.
768 1711 855 1778 13,
888 1728 933 1765 c.
964 1711 1077 1783 12),
1130 1728 1231 1765 non
1283 1717 1467 1783 potest,
1514 1710 1680 1764 inesse
1708 1708 1914 1779 quidem
1964 1706 2100 1760 omni
2206 1712 2585 1769 misericordes
2610 1726 2819 1767 sumus.
2867 1709 2999 1778 Qua:
3026 1710 3188 1774 bona,
3240 1706 3485 1780 quamvis
3531 1704 3798 1761 rationale

521 1806 705 1860 animis
730 1806 1032 1859 naturaliter
1060 1804 1305 1858 virtutum
1331 1805 1543 1868 semina,
1577 1801 1821 1872 beneficio
1844 1800 2101 1855 Creatoris
2129 1800 2180 1862 B
2206 1812 2450 1861 nostrum
2508 1803 2653 1859 vitiis
2701 1810 3021 1871 occupatum
3068 1790 3146 1856 sit
3166 1842 3182 1868 ,
3209 1807 3266 1855 et
3312 1796 3799 1870 prevaricantibus

521 1898 730 1952 inserta.
765 1898 871 1952 Sed
900 1898 997 1951 nisi
1022 1898 1129 1951 htec
1144 1897 1483 1969 apitulatione
1508 1893 1600 1949 Dei
1623 1894 1814 1963 fuerint
1854 1894 2091 1959 excitata,
2209 1898 2364 1954 nobis
2384 1895 2481 1951 Dei
2512 1894 2768 1965 templum
2789 1892 3007 1963 spiritus
3022 1890 3332 1947 immundus
3354 1889 3649 1957 invaserit,
3678 1901 3803 1958 pos-

523 1992 592 2045 ad
618 1992 986 2046 incrementum
1016 1992 1345 2061 perfectionis
1387 2007 1487 2045 non
1536 1997 1774 2060 poterunt
1811 1988 2104 2060 pervenire:
2208 1999 2336 2047 sunt
2352 1998 2531 2044 tamen
2546 2001 2737 2043 rursus
2758 1986 2811 2041 in
2837 1985 3015 2056 ipsum
3037 1982 3482 2055 rationaleam
3503 1980 3801 2046 conﬂuere,

526 2084 645 2152 quia
675 2082 954 2137 secundum
975 2082 1511 2153 beatumApostalum,
1533 2082 1789 2153 nequequi
1806 2080 2005 2151 plantat
2035 2088 2108 2134 est
2216 2098 2318 2153 per
2342 2096 2467 2137 eum
2498 2080 2590 2151 qui
2639 2077 2829 2134 mundi
2860 2076 3163 2147 principem
3207 2076 3352 2131 foras
3393 2074 3556 2129 mittit
3584 2071 3803 2144 (Joann.

527 2174 690 2246 339
717 2173 939 2238 aliquid.
972 2191 1129 2245 neque
1150 2176 1236 2244 qui
1264 2175 1420 2245 rigat.
1452 2182 1478 2211 ι
1500 2173 1587 2227 sed
1626 2174 1715 2244 qui
1742 2174 2110 2226 incrementum
2212 2191 2307 2239 xii,
2331 2173 2445 2243 5i),
2471 2181 2527 2229 et
2548 2172 2721 2241 ligans
2750 2170 2968 2236 fortem,
2990 2183 3120 2225 vasa
3166 2167 3286 2238 ejus
3325 2167 3468 2237 rapit
3502 2166 3698 2238 (Mare.
3729 2180 3806 2231 iii,

529 2269 616 2318 dat
647 2265 806 2319 Deus.
832 2267 1082 2337 Adjacere
1105 2275 1271 2321 autem
1314 2267 1508 2320 homini
1533 2268 1586 2319 in
1613 2266 1891 2337 quamlibet
1916 2273 2113 2334 partem
2214 2266 2331 2340 27),
2360 2266 2649 2337 fugatoque
2674 2262 2861 2319 mundi
2903 2262 3065 2333 hujus
3109 2261 3336 2331 spiritu,
3370 2269 3397 2308 ε
3428 2259 3518 2314 dat
3548 2257 3809 2330 Spiritum

532 2354 734 2407 arbitrii
758 2356 1059 2421 libertatem,
1090 2358 1242 2411 etiam
1272 2358 1397 2412 liber
1415 2358 1505 2412 ille
1528 2359 1614 2430 qui
1642 2358 1831 2412 dicitur
1858 2356 2111 2424 Pastoris,
2218 2360 2307 2429 qui
2334 2372 2401 2413 ex
2432 2357 2545 2412 Deo
2567 2364 2673 2422 est,
2702 2363 2761 2409 ut
2786 2354 3019 2410 sciamus
3044 2368 3175 2423 qua?
3213 2368 3243 2407 a
3295 2353 3404 2408 Deo
3444 2350 3643 2406 donata
3687 2360 3814 2405 sunt

452 2442 465 2455 ⁸
534 2446 848 2517 apertissime
874 2448 1053 2502 docet:
1079 2449 1134 2502 in
1153 2464 1253 2517 quo
1280 2451 1383 2504 duo
1404 2450 1576 2520 angeli
1592 2450 1861 2520 unicuique
1887 2459 2118 2504 nostrum
2221 2449 2376 2505 nobis
2405 2450 2451 2521 (l
2474 2447 2597 2505 Cor.
2626 2463 2687 2515 it,
2718 2446 2826 2518 12).
2860 2446 2963 2514 Qui
2982 2454 3162 2501 autem
3207 2445 3461 2516 Spiritum
3481 2444 3673 2501 Christi
3711 2460 3816 2497 non

535 2539 799 2593 adluerere
827 2541 1089 2606 dicuntur,
1121 2542 1177 2595 id
1195 2550 1291 2607 est,
1321 2542 1480 2597 bonus
1509 2560 1571 2596 ac
1596 2543 1794 2608 malus;
1814 2544 1867 2596 in
1900 2543 2119 2596 hominis
2222 2542 2395 2607 habet,
2417 2542 2500 2595 hic
2522 2557 2626 2595 non
2653 2550 2725 2595 est
2746 2543 2859 2613 ejus
2888 2539 3067 2611 (Rom.
3098 2553 3219 2607 vni,
3250 2537 3328 2611 9).

536 2647 651 2685 vero
680 2632 885 2699 aptiane
913 2633 1207 2698 consistere,
1226 2641 1282 2686 ut
1306 2632 1461 2707 eligat
1479 2649 1629 2704 quem
1655 2644 1920 2704 sequatur.
1948 2633 2012 2687 Et
2035 2634 2118 2687 id-
2297 2636 2464 2711 [Alias
2502 2634 2633 2690 Cn.
2683 2630 2947 2703 ΧΧἨΙΙ.)
2985 2632 3039 2688 3.
3095 2630 3231 2687 Puto
3277 2638 3457 2685 autem
3487 2630 3647 2684 istum
3700 2628 3824 2683 veri

537 2725 674 2778 circa
692 2735 857 2779 manet
879 2725 930 2779 in
950 2723 1154 2780 homine
1181 2724 1396 2779 liberum
1417 2743 1613 2796 semper
1637 2727 1923 2791 arbitrium,
1940 2725 1967 2763 ι)
1984 2726 2123 2797 quod
2226 2728 2582 2784 similitudine
2601 2726 2799 2797 decipi,
2832 2735 2890 2782 et
2912 2727 2967 2781 in
2999 2726 3179 2796 specie
3210 2724 3469 2780 falsarum
3499 2738 3685 2779 errare
3712 2724 3822 2778 vir-

540 2818 761 2888 gratiam
790 2817 887 2871 Dei
914 2818 1070 2887 possit
1099 2818 1179 2872 vel
1204 2819 1463 2889 negligere
1489 2818 1568 2873 vel
1596 2836 1790 2873 amare.
1814 2820 1869 2875 Si
1891 2820 2126 2875 dubitari
2228 2832 2424 2888 tutum,
2457 2821 2587 2877 dum
2633 2835 2695 2876 ea
2739 2821 2879 2876 bona
2908 2834 3032 2890 quae
3074 2833 3183 2874 non
3212 2828 3439 2889 possunt
3465 2817 3568 2873 nisi
3613 2832 3679 2872 ex
3729 2815 3825 2871 Dei

542 2925 649 2965 non
666 2920 861 2979 potest,
881 2911 1043 2965 inesse
1055 2913 1391 2965 omnianima:
1404 2914 1707 2966 naturaliter
1722 2913 2128 2968 virtutumsemi-
2228 2931 2456 2973 munere
2480 2914 2667 2971 haberi
2689 2958 2705 2983 ,
2737 2915 2899 2969 etiam
2924 2914 2977 2969 in
2996 2914 3285 2983 impiorum
3314 2911 3504 2966 animis
3530 2907 3561 2949 ιι
3589 2910 3830 2967 aestimat

544 3020 611 3057 na
641 3004 881 3072 beneﬁcio
910 3001 1169 3058 Creatoris
1205 3005 1428 3060 inserta:
1455 3006 1787 3061 solusAdam
1813 3006 2129 3077 praevaricav
2229 3010 2494 3081 reperiri;
2530 3007 2655 3063 ideo
2682 3007 2910 3075 scilicet,
2942 3006 3065 3076 quia
3093 3005 3249 3061 multi
3283 3020 3471 3061 eorum
3506 3004 3621 3059 sint
3671 3004 3832 3074 justi-

548 3106 631 3151 tus
650 3107 819 3163 est,et
844 3098 896 3151 in
916 3098 1263 3169 peccatoejus
1289 3114 1450 3154 nemo
1471 3100 1747 3170 peccavit;
1773 3101 1823 3155 in
1849 3100 2011 3156 nullis
2031 3101 2131 3155 ini-
2233 3106 2345 3170 tiae,
2378 3101 2772 3174 temperantiae,
2804 3099 3177 3165 continentiae,
3219 3107 3274 3154 et
3303 3096 3695 3154 benevolentiae
3749 3112 3834 3152 se-

547 3188 841 3259 quitatibus
866 3193 1110 3260 concepti
1136 3207 1356 3259 sumus,
1390 3200 1447 3247 et
1490 3194 1543 3247 in
1573 3193 1734 3249 nullis
1778 3207 1878 3247 nos
1929 3203 2129 3250 matres
2156 3177 2203 3241 Ο
2234 3207 2511 3254 ctatores:
2562 3211 2683 3267 quze
2732 3194 2912 3249 omnia
2967 3207 3074 3248 non
3122 3190 3320 3246 frustra
3371 3190 3610 3261 quidem,
3649 3204 3832 3258 neque

549 3290 750 3336 nostrae
782 3297 1042 3350 peperere
1078 3283 1288 3338 delictis
1317 3283 1335 3351 (
1362 3282 1509 3341 Psal.
1544 3301 1594 3353 ι,
1646 3285 1707 3354 7)
1735 3301 1750 3350 ;
1803 3300 1908 3340 non
1935 3286 2135 3342 fuimus
2237 3291 2502 3347 inutiliter
2527 3289 2747 3356 habent,
2783 3287 3121 3356 multumque
3150 3300 3219 3339 ex
3249 3283 3330 3339 eis
3358 3282 3413 3338 in
3446 3282 3548 3337 hac
3578 3281 3686 3336 vita
3734 3280 3827 3336 ho-

550 3382 741 3429 natura
763 3373 860 3429 lilii
894 3376 1007 3440 irai,
1030 3391 1129 3431 nec
1155 3376 1355 3431 fuimus
1384 3378 1484 3431 sub
1508 3386 1773 3447 potestate
1793 3377 2137 3435 tenebrarum
2239 3387 2392 3444 noris
2420 3396 2473 3441 ei
2499 3384 2687 3455 gloria;
2716 3388 3123 3452 consequuntur
3148 3398 3162 3435 :
3195 3379 3291 3435 sed
3312 3379 3436 3447 quia
3459 3378 3513 3431 in
3548 3378 3615 3432 iis
3642 3376 3842 3432 studiis

553 3465 768 3537 (Ephes.
801 3482 859 3537 ii,
891 3467 945 3539 '5)
970 3484 985 3534 ;
1014 3470 1137 3539 qui,
1174 3469 1513 3523 manentibus
1537 3470 1592 3524 in
1621 3469 1777 3525 nobis
1826 3471 2141 3527 naturaliter

2253 3497 2350 3536 non
2382 3480 2518 3547 Deo,
2541 3478 2636 3534 sed
2664 3476 2884 3533 diabolo
2912 3475 3181 3539 serviunt,
3212 3473 3340 3529 licet
3364 3471 3598 3527 habeant
3626 3480 3844 3542 tempo-

553 3558 864 3623 virtutibus,
900 3558 991 3613 ﬁlii
1027 3562 1204 3628 potius
1233 3559 1342 3614 nati
1366 3575 1554 3616 sumus
1595 3561 1741 3631 pacis
1774 3569 1830 3615 et
1858 3562 1994 3617 lucis
2028 3561 2146 3633 (Co-
2242 3575 2412 3631 ralem
2456 3573 2524 3628 de
2554 3586 2693 3625 vana
2736 3569 2896 3626 [aude
2943 3566 3273 3633 mercedem.
3302 3566 3371 3621 ad
3421 3566 3570 3621 mam
3610 3563 3627 3603 i
3660 3573 3845 3619 [amen

556 3648 681 3705 loss.
715 3666 754 3721 i,
789 3650 899 3723 15).
927 3652 1083 3706 Absit
1108 3654 1175 3707 ab
1198 3653 1391 3707 animis
1418 3654 1626 3723 piorum
1650 3653 1858 3709 fallacis
1882 3655 2143 3710 doctrinm

2255 3670 2521 3723 beatarum
2554 3666 2815 3720 virtutum
2846 3678 2952 3720 non
2980 3663 3255 3732 pertinent
3275 3660 3579 3715 veritatem.
3615 3671 3630 3709 ι
3675 3659 3745 3714 Et
3774 3659 3846 3713 ita

556 3742 813 3800 insidiosa
844 3746 1116 3815 deceptio.
1143 3747 1381 3803 Virtutes
1408 3763 1530 3803 cum
1570 3750 1713 3803 vitiis
1742 3749 1985 3804 habitare
2038 3765 2144 3804 non
2248 3759 2689 3815 manifestissime
2744 3765 2908 3826 pater,
2963 3755 3017 3810 in
3049 3755 3341 3824 impiorum
3389 3753 3584 3806 animis
3637 3751 3850 3806 nullam

558 3845 804 3907 possunt.
839 3838 966 3903 Quae
992 3840 1125 3892 enim
1177 3840 1531 3910 participatio,
1592 3842 1766 3912 inquit
1821 3840 2143 3911 Apostolus,

2261 3853 2494 3908 habitare
2517 3850 2793 3914 virtutem,
2827 3848 2924 3904 sed
2953 3848 3135 3903 omnia
3162 3860 3327 3915 opera
3346 3859 3532 3900 eorum
3566 3842 3852 3898 immunda

556 3929 772 4003 iustitia:
792 3947 909 3984 cum
933 3932 1241 4002 iniquitate?
1269 3946 1359 3989 aut
1382 3952 1494 4005 quis
1533 3938 1749 3991 societas
1776 3936 1880 3990 luci
1910 3938 1977 3989 ad
2007 3947 2149 3990 tene-
2252 3960 2374 4002 esse
2402 3952 2563 4015 atque
2592 3942 2817 4013 polluta,
2848 3939 3159 3996 habentium
3199 3938 3517 4008 sapientiam
3550 3951 3657 3991 non
3688 3935 3857 4006 ,ρει-ί-

564 4024 681 4077 bras
710 4023 777 4091 (Il
806 4023 925 4078 Cor.
980 4040 1055 4087 Vl,
1091 4026 1219 4095 id)?
1262 4026 1448 4082 Virtus
1502 4043 1730 4097 namque
1779 4028 2150 4099 principaliter
2254 4039 2438 4105 talem,
2470 4037 2568 4093 sed
2596 4035 2917 4099 animalem;
2954 4048 3063 4088 non
3086 4032 3388 4096 caelestem,
3417 4030 3513 4085 sed
3545 4040 3857 4092 terrenam;

565 4112 707 4168 Deus
730 4124 848 4168 est:
882 4116 967 4169 cui
990 4132 1099 4171 non
1140 4117 1284 4172 aliud
1331 4127 1414 4172 est
1454 4119 1651 4173 habere
1678 4121 1955 4182 virtutem.
1988 4137 2149 4190 quam
2256 4146 2365 4188 non
2391 4128 2777 4191 Christianam,
2808 4125 2903 4181 sed
2929 4124 3281 4190 diabolicam;
3313 4136 3419 4178 non
3451 4138 3482 4178 a
3508 4122 3672 4177 Patre
3694 4122 3864 4177 lumi-

567 4216 689 4259 esse
714 4206 990 4261 virtutem.
1008 4205 1178 4276 Hujus
1203 4223 1325 4263 cum
1350 4209 1643 4279 participes
1670 4226 1878 4274 sumus,
1901 4222 1921 4250 ε
1950 4210 2155 4268 habitat
2258 4238 2407 4288 num,
2440 4220 2535 4276 sed
2557 4236 2588 4275 a
2618 4217 2864 4287 principe
2892 4215 3273 4279 tenebrarum;
3298 4214 3327 4253 ιι
3356 4216 3482 4270 dum
3502 4225 3555 4269 ει
3581 4214 3702 4286 ipsa
3732 4230 3866 4286 quas,

569 4295 815 4352 Christus
842 4298 895 4352 in
925 4299 1100 4367 nobis,
1146 4302 1236 4369 qui
1263 4311 1343 4356 est
1370 4302 1467 4357 Dei
1495 4302 1664 4358 virtus
1686 4313 1741 4358 et
1772 4304 1862 4362 Dei
1891 4306 2153 4375 sapientia
2258 4332 2365 4372 ηοη
2396 4317 2658 4371 haberent
2678 4313 2783 4369 nisi
2813 4311 2975 4366 dante
3018 4311 3150 4376 Deo,
3179 4310 3418 4366 subdunt
3445 4308 3496 4364 ei
3522 4308 3611 4379 qni
3643 4307 3865 4378 primus

576 4386 619 4456 (ι
651 4388 771 4442 (ἔον.
797 4403 836 4457 ι,
865 4387 992 4459 24);
1027 4389 1235 4445 habitat
1258 4391 1413 4457 fides,
1432 4408 1577 4461 spes,
1593 4394 1849 4461 Charitas,
1878 4398 2157 4453 continen-

1111 4392 1235 4445 Jitat
1258 4391 1413 4457 fides,
1432 4408 1577 4461 spes,
1593 4394 1849 4461 Charitas,
1878 4398 2157 4453 continen-
2259 4410 2486 4464 recessit
2513 4424 2541 4462 a
2567 4409 2702 4463 lleo.

573 4480 669 4551 tia,
698 4482 1021 4549 intellectus,
1042 4486 1347 4553 consilium,
1376 4486 1631 4543 fortitudo
1651 4500 1967 4561 cteterteque
1990 4492 2159 4547 virtu-
2185 4558 2230 4570 _
2336 4501 2392 4557 4.
2424 4501 2527 4567 Qui
2556 4515 2687 4570 ergo
2715 4500 2868 4567 dicit,
2898 4500 3016 4555 sine
3046 4498 3157 4554 ullo
3185 4510 3353 4566 opere
3396 4494 3609 4567 gratiae,
3641 4506 3872 4549 natura-

574 4583 676 4629 κδ’
704 4574 835 4629 cum
858 4574 1030 4630 “md
1056 4576 1125 4631 ab
1144 4577 1246 4633 hoc
1268 4580 1411 4635 bono
1440 4582 1763 4653 recedimus.
1788 4587 1969 4641 οσιηί³
2000 4587 2157 4643 ιιοΜε
2185 4558 2237 4620 D
2271 4596 2388 4650 liter
2411 4595 2553 4648 omni
2581 4558 2769 4648 anima:
2798 4558 2994 4647 semina
3021 4592 3186 4645 inesse
3213 4558 3483 4653 uirtutu'm,
3531 4586 3663 4658 quid
3708 4588 3873 4642 labo-

574 4683 607 4724 e
633 4670 907 4725 contrario
927 4672 1176 4728 oriuntur
1203 4689 1270 4729 ex
1299 4677 1475 4732 nobis.
1514 4677 1836 4737 Discedente
1864 4681 2007 4737 enim
2040 4684 2159 4753 pul-
2268 4696 2353 4743 rat
2370 4686 2675 4752 ostendere,
2694 4687 2799 4741 nisi
2829 4686 2895 4741 de
2916 4686 3034 4741 istis
3060 4684 3360 4739 seminibus
3402 4680 3421 4720 ι
3451 4684 3701 4753 quaedam
3732 4698 3872 4753 ger-

575 4762 902 4833 cliritudine,
939 4765 1067 4835 quid
1092 4767 1347 4825 succedat
1392 4770 1497 4826 nisi
1539 4772 1889 4829 deformitas?
1920 4777 2158 4833 abeunte
2266 4780 2408 4836 mina
2431 4778 2857 4850 prrecedentium
2871 4777 2969 4833 Dei
2988 4776 3214 4849 gratiam
3230 4774 3493 4846 pullulare
3515 4773 3879 4831 meritorum?

649 4954 677 4983 ⁸
708 4946 833 5029 limo
860 4948 1042 5029 get-ba,
1073 4952 1196 5029 quia
1225 4954 1620 5029 secundum..."
1647 4956 1736 5011 sed
1759 4958 1845 5029 qui
1870 4957 2153 5029 incremen-
2263 4958 2398 5029 Ven.
2459 4959 2529 5014 At
2567 4958 2737 5029 Lugd.
2788 4966 2843 5013 et
2890 4956 2986 5012 illo
3030 4955 3388 5021 recentiores,
3442 4954 3663 5027 largitur
3711 4958 3871 5010 nobis

584 5026 693 5099 tum
716 5018 805 5099 dat
849 5017 1012 5099 Deus,
1037 5017 1233 5099 omissa
1277 5023 1488 5079 fuerant
1530 5027 1582 5080 in
1624 5043 1727 5081 ms.
1758 5017 2075 5099 Remigiano
2103 5036 2161 5084 et
2266 5028 2539 5099 Spiritum.

583 5088 847 5170 {aliepsiz
879 5091 932 5145 in
986 5088 1310 5170 editionibus
1350 5110 1570 5170 quoque
1617 5098 1884 5167 Mogunt.,
1916 5088 2053 5154 Ven.
2086 5108 2163 5170 et
2312 5088 2367 5137 ἰι
2410 5102 2546 5157 Editi
2598 5098 2869 5170 Lugdun.,
2914 5097 3142 5166 Lovan.,
3180 5098 3345 5153 Duae.
3379 5104 3433 5154 et
3485 5096 3681 5152 Colon.
3707 5139 3723 5164 ,
3755 5101 3881 5155 exi-

581 5157 766 5241 Liigd.
786 5163 1118 5241 Suprayero
1137 5178 1239 5241 v_0i_t
1263 5157 1387 5229 Dei;
1408 5157 1531 5236 post
1558 5157 1915 5241 opitulatione,
1949 5184 2055 5224 non
2083 5169 2161 5224 le-
2265 5171 2460 5226 stimat.

754 5231 806 5285 in
831 5229 1041 5303 Remig.
1070 5243 1126 5290 et
1150 5234 1259 5291 Jol.
1285 5229 1443 5303 mssf,
1474 5253 1571 5292 nec
1592 5229 1650 5293 in
1676 5229 1911 5309 Magum;
1942 5250 1997 5295 et
2027 5241 2162 5296 Ven.
2267 5242 2385 5355 Ml:
2402 5243 2682 5355 {332321188
2731 5242 2967 5312 Moguiit.
3013 5250 3072 5298 et
3103 5241 3296 5296 Venet.
3348 5250 3535 5297 carent
3568 5240 3671 5296 bac
3700 5243 3890 5313 parti-

2267 5314 2410 5376 cula,
2436 5323 2624 5369 tamen.

655 5370 682 5463 ξ
706 5373 1115 5463 ξξξζηιιοξίρηείς.Δ
1140 5393 1241 5463 quo
1254 5379 1485 5463 gratiam
1515 5378 1607 5463 Dei
1634 5382 1792 5463 possit
1818 5382 2091 5463 negligere.
2393 5370 2683 5463 Editione§
2711 5385 2947 5463 M_ogupt.
2973 5392 3031 5440 et
3060 5383 3235 5463 Ven_.,_
3259 5384 3436 5440 etiam.

661 5444 857 5531 f‘lidit.
905 5444 1225 5531 blogiiiinet
1254 5444 1415 5513 Ven.,
1463 5444 1653 5503 habitat
1678 5453 1731 5505 in
1784 5444 1928 5506 nobis
1952 5444 2041 5524 aui
2066 5462 2163 5522 est,
2339 5444 2827 5531 §_Sicmss._Corb.',
2852 5456 3055 5525 Remig.
3086 5464 3140 5511 et
3154 5444 3284 5531 lol.,
3309 5470 3431 5531 cum
3446 5453 3888 5531 editisMogunt.

586 5517 967 5639 lbi‘lé‘gyoce,
998 5517 1254 5575 Christus.
1940 5517 1975 5605 ς
2148 5517 2158 5522 ’
2267 5534 2324 5609 et
2344 5527 2481 5583 Ven.
2516 5531 2586 5582 At
2624 5517 2872 5598 Lugdun.
2901 5535 2955 5581 et
2982 5517 3309 5596 posteriores
3334 5524 3495 5594 edit.,
3527 5528 3650 5582 dum
3680 5517 3780 5595 ρὲι·
3816 5547 3889 5583 ea

789 5597 850 5642 it.
875 5590 1113 5654 Mogunt.
1138 5600 1194 5647 et
1221 5589 1385 5654 Ven.,
1412 5594 1477 5648 ab
1502 5592 1597 5647 hac
1622 5595 1813 5650 honore
1838 5594 2086 5650 cedimus.
2267 5616 2381 5654 ipsa
2427 5614 2541 5654 aute
2594 5615 2697 5654 non
2742 5599 2986 5654 haberent
3032 5599 3130 5653 nisi
3179 5599 3333 5651 dante
3389 5596 3521 5654 Deo.
3568 5598 3889 5654 subdantur

659 5606 684 5625 -
707 5606 854 5673 nuit.
875 5606 1113 5659 stogunt.
1138 5606 1194 5647 et
1228 5606 1385 5661 ven.,
1412 5606 1477 5648 ab
1502 5606 1597 5647 hoc
1622 5606 1813 5650 honore
1838 5606 2086 5650 cedimus.
2267 5606 2381 5665 ipsa
2427 5614 2541 5669 qua:
2594 5615 2697 5654 non
2742 5606 2986 5654 haberent
3032 5606 3130 5653 nisi
3179 5606 3333 5651 dante
3389 5606 3521 5663 Deo,
3568 5606 3893 5656 subdantur

659 5656 866 5744 :Editi
883 5660 1117 5744 alogum.
1149 5662 1390 5744 et_Ven.,
1420 5682 1453 5719 a
1488 5669 1771 5744 formatore
1794 5683 1911 5721 suo.
2266 5671 2464 5744 ei,_ett_:.
2588 5742 2615 5744 _
2686 5743 2693 5744 ί
2796 5742 2816 5744 ᾼ
2859 5741 2870 5744 _
3064 5741 3076 5744 _
3179 5740 3197 5744 _

660 5727 685 5814 ξ
838 5727 1090 5814 Jolieiisis
1118 5727 1770 5814 om_ittit_pra:pos_itionem
1800 5755 1889 5814 ea}.
2293 5727 2357 5814 _"
2392 5741 2536 5814 Mss.
2575 5742 2763 5812 Corb.,
2788 5741 2891 5799 Jol.
2927 5752 2985 5800 et
3012 5741 3142 5799 edit.
3178 5740 3417 5814 Mogunt.
3450 5749 3506 5798 et
3532 5740 3694 5809 Ven.,
3717 5758 3897 5811 qua-

661 5799 781 5854 slia
810 5816 941 5859 mss.
971 5800 1157 5869 Corb.,
1190 5799 1398 5876 Remig.
1445 5799 1500 5867 et
1526 5808 1657 5874 Jol.,
1690 5825 1814 5868 cum
1841 5810 2076 5881 Magum.
2107 5821 2161 5869 et
2264 5812 2386 5867 dam
2413 5812 2628 5870 semina.
