4028 6352
1388 234 1596 295 LIBER
1630 231 1911 291 CONTRA
1945 235 2428 295 COLLATOREM.

3433 236 3539 293 250

261 346 509 419 Denique
544 354 610 405 nt
656 348 932 409 videretur
968 349 1166 423 aliquid
1214 350 1402 422 gratiae
1433 351 1715 408 tribuisse:
1764 348 1847 406 Ad
1870 350 1928 412 Δ
1951 352 2143 409 beatus
2164 354 2362 410 Paulus
2393 372 2406 407 :
2443 352 2583 421 Quid
2620 353 2756 409 enim
2806 352 2985 420 Itabes,
3042 352 3240 425 inquit,
3263 352 3401 424 quod
3437 368 3542 409 non

260 441 621 513 perfectionis,
650 445 749 513 ait,
785 445 1154 500 incrementum
1193 445 1393 500 semina
1435 444 1543 500 hac
1592 446 1852 515 pervenire

262 549 367 588 non
392 542 667 605 poterunt,
694 536 796 591 nisi
836 537 1178 607 opitulatione
1226 535 1325 592 Dei
1356 536 1549 607 fuerint
1595 537 1852 591 excitata:

260 634 319 682 ut
343 624 559 682 scilicet
576 627 862 698 cpitulatio
878 627 977 686 Dei
994 630 1066 684 sit
1084 629 1387 686 cohortatio
1407 639 1568 700 atque
1582 628 1851 696 doctrina,

260 733 416 776 mens
443 728 652 787 autem,
680 736 801 792 qua:
828 722 1088 778 virtutum
1115 731 1200 779 est
1239 724 1495 793 opulenta
1533 722 1850 791 seminibus,

260 824 444 870 utatur
466 813 725 872 facultate
754 832 913 887 quam
944 816 1219 887 possidet;
1270 818 1337 875 ad
1387 817 1492 875 hoc
1541 826 1746 874 tantum
1768 818 1856 888 ju-

260 905 461 973 vanda,
519 915 581 962 ut
632 921 820 962 earum
869 908 1127 964 virtutum
1180 909 1553 981 apprehendat
1596 908 1852 974 culmina,

262 1010 496 1065 quarum
528 996 633 1053 sibi
646 997 751 1053 scit
773 998 955 1055 inesse
984 999 1270 1071 principia.
1295 1000 1460 1074 [Alias
1480 1001 1607 1057 Cn.
1632 998 1851 1070 XXIX]

263 1086 427 1158 Igitur
470 1097 497 1126 ι
530 1088 831 1146 secundum
860 1092 1023 1148 istum
1078 1092 1308 1150 humana
1348 1094 1523 1150 anima
1557 1094 1636 1149 sic
1682 1093 1854 1149 aditi-

263 1178 477 1235 eabitur
512 1180 568 1235 in
611 1181 708 1237 Dei
737 1184 1019 1253 templum,
1054 1196 1112 1241 ut
1140 1200 1248 1242 non
1276 1184 1509 1255 accipiat
1537 1184 1855 1241 fundamen-

266 1282 372 1330 tum
407 1282 614 1344 prater
647 1276 789 1347 quod
831 1277 978 1333 aliud
1009 1294 1173 1335 nemo
1217 1288 1393 1350 potest
1439 1294 1663 1349 ponere,
1710 1277 1857 1348 quod

263 1373 342 1423 est
367 1364 626 1423 Christus
649 1366 865 1440 Jesus(l
895 1367 1015 1424 Cor.
1047 1385 1127 1437 ut,
1156 1370 1269 1441 il).
1297 1370 1523 1439 Quando
1547 1380 1727 1426 autem
1754 1370 1859 1425 hoc

262 1456 676 1516 fundamentum
697 1459 727 1501 δ
748 1461 1024 1531 incipitur,
1040 1463 1141 1519 nisi
1162 1463 1378 1534 quando
1394 1464 1529 1519 fides
1558 1464 1611 1519 in
1632 1463 1857 1519 audien-

264 1552 329 1607 tis
355 1553 528 1609 corde
556 1555 890 1624 generatur?
916 1556 1048 1624 Quae
1074 1556 1120 1610 si
1168 1555 1488 1613 naturaliter
1518 1557 1717 1621 inerat,
1748 1572 1855 1611 non

262 1652 500 1716 emptum
527 1645 607 1702 ibi
634 1655 720 1704 est
739 1646 969 1719 aliquid,
998 1647 1096 1703 sed
1130 1657 1153 1686 ο
1176 1658 1628 1718 superstructum.
1657 1648 1858 1717 Super-

1953 448 2234 520 accepisti?
2263 448 2325 504 Si
2345 458 2512 503 autem
2538 449 2798 519 accepisti,
2827 448 2951 519 quid
2979 448 3217 519 gloriaris
3251 447 3400 518 quasi
3438 461 3541 502 non

1952 542 2205 614 acceperis
2231 540 2273 614 (l
2296 542 2419 597 Cor.
2445 558 2519 610 tv,
2545 541 2600 614 7)
2624 543 2647 597 ἵ

2026 634 2080 690 5.
2107 634 2250 704 Ergo
2272 633 2454 689 omnia
2476 649 2595 705 qua:
2618 634 2684 689 ad
2707 634 2870 689 vitam
2901 642 2956 689 et
2974 633 3232 704 pietatem
3244 632 3539 702 pertinent,

1959 742 2064 783 non
2092 742 2189 797 per
2216 735 2623 796 naturam,qu:e
2646 726 2828 781 vitiata
2854 725 3263 791 est,habemus;
3294 723 3309 774 i
3336 724 3430 779 sed
3448 740 3546 796 per

1954 819 2209 889 gratiam,
2234 834 2341 889 qua
2370 828 2565 875 natura
2599 829 2899 891 reparatur,
2928 819 3260 891 accepimus.
3286 817 3396 874 Nec
3422 818 3549 874 ideo

1956 910 1985 951 ¹ι
2010 912 2282 967 aestimare
2308 911 2576 968 debemus
2601 912 2656 966 in
2686 912 3018 967 naturalibus
3038 912 3311 967 thesauris
3341 911 3545 980 princi-

1956 1000 2043 1072 pia
2066 1016 2190 1058 esse
2215 1001 2508 1067 virtutum,
2531 1002 2657 1072 quia
2681 1002 2850 1055 multa
2885 999 2905 1039 ι
2952 1000 3237 1057 laudabilia
3265 1001 3548 1073 reperiun-

1959 1104 2046 1151 tur
2076 1095 2239 1151 etiam
2268 1095 2322 1150 in
2353 1094 2586 1164 ingeniis
2615 1095 2928 1163 impiorum.
2953 1093 3080 1161 Quae
3108 1109 3177 1151 ex
3206 1104 3398 1150 natura
3424 1095 3547 1165 qui-

1957 1187 2082 1244 dem
2112 1186 2415 1257 prodeunt;
2440 1186 2537 1241 sed
2566 1186 2823 1255 quoniam
2846 1186 2912 1241 ab
2937 1200 3003 1241 eo
3025 1186 3117 1255 qui
3148 1194 3393 1243 naturam
3418 1201 3550 1243 con-

1958 1279 2096 1335 didit
2123 1288 2489 1346 recesserunt,
2521 1277 2749 1333 virtutes
2802 1290 2923 1333 esse
2974 1292 3081 1333 non
3116 1288 3360 1349 possunt.
3392 1278 3547 1346 Quod

1958 1373 2238 1429 enimvero
2293 1368 2655 1425 illuminatum
2703 1378 2787 1425 est
2816 1369 3055 1434 lumine,
3111 1368 3291 1425 lumen
3335 1379 3448 1435 est;
3494 1379 3548 1426 et

1958 1464 2105 1536 quod
2134 1464 2324 1520 eodem
2356 1462 2560 1519 lumine
2590 1470 2761 1529 caret,
2787 1477 2894 1517 nos
2925 1470 3026 1517 est.
3052 1470 3093 1498 ιιι
3122 1460 3257 1527 Quia
3295 1462 3551 1532 sapientia

1961 1558 2118 1627 huius
2145 1555 2327 1609 mundi
2350 1554 2575 1609 stultitia
2601 1561 2675 1607 est
2709 1552 2850 1624 apud
2883 1552 3047 1607 Deum
3078 1551 3129 1624 (l
3152 1552 3273 1607 Cor.
3301 1568 3381 1619 ιιι,
3417 1554 3484 1609 19
3508 1554 3545 1623 ).

1962 1651 2039 1704 Ac
2067 1648 2147 1704 sic
2171 1648 2361 1703 vitium
2393 1654 2478 1702 est
2500 1645 2643 1716 quod
2687 1654 2906 1716 putatur
2930 1660 3052 1702 esse
3091 1647 3282 1711 virtus,
3312 1645 3553 1717 quando-

262 1737 364 1793 ﬂue
380 1754 517 1811 ergo
541 1738 777 1795 infidelis
798 1738 1106 1807 videbatur,
1130 1740 1223 1811 qui
1251 1740 1417 1796 fidem
1445 1741 1677 1797 habebat
1697 1750 1851 1797 ante-
1879 1730 1929 1793 Β
1957 1741 2177 1812 quidem
2235 1739 2463 1796 stultitia
2511 1748 2596 1795 est
2649 1738 2795 1810 quod
2838 1748 3057 1808 putatur
3108 1752 3231 1794 esse
3263 1738 3549 1809 sapientia.

266 1846 423 1902 quam
459 1832 730 1889 crederet.
764 1832 876 1889 [loc
920 1842 1097 1889 autem
1138 1844 1194 1889 et
1246 1833 1314 1889 de
1342 1834 1567 1889 aliarum
1598 1835 1853 1889 virtutum

265 1923 546 1993 principiis
576 1932 754 1995 potest
775 1924 905 1993 dici,
939 1940 1072 1996 quas
1090 1925 1261 1996 gratia
1283 1940 1483 1997 augere
1504 1925 1699 1982 debeat
1725 1926 1851 1996 quia

263 2023 406 2082 sunt,
437 2030 549 2072 non
578 2016 788 2073 donare
815 2017 976 2091 3&1
1002 2019 1125 2089 quia
1156 2018 1377 2075 desunt.
1424 2018 1532 2076 Sed
1583 2018 1730 2074 aliud
1755 2035 1854 2074 nos

262 2108 438 2165 omnia
466 2120 780 2166 sanctarum
810 2112 1213 2183 Scripturarum
1244 2112 1457 2183 eloquia
1500 2112 1720 2168 docent.
1747 2111 1853 2168 Le-

262 2200 431 2269 gimus
480 2203 810 2273 principium
854 2217 977 2259 esse
1008 2203 1289 2273 sapientia:
1340 2204 1589 2260 timorem
1641 2203 1851 2259 Domini

262 2290 442 2366 (Prov.
476 2311 514 2360 t,
548 2294 627 2365 7),
660 2305 718 2351 et
741 2296 970 2367 legimus
997 2298 1199 2352 donum
1232 2297 1328 2353 Dei
1359 2296 1499 2353 hanc
1523 2313 1645 2354 esse
1682 2298 1854 2353 virtu-

265 2396 369 2444 tem
400 2387 559 2461 (Ibid.
590 2405 666 2455 ιι,
701 2391 813 2461 10).
845 2389 1048 2458 Timor,
1078 2392 1106 2427 ιι
1148 2391 1343 2461 inquit,
1372 2390 1470 2446 Dei
1496 2408 1648 2464 super
1679 2393 1852 2446 omnia

267 2496 320 2534 se
339 2482 695 2552 superposuit:
723 2491 748 2521 ⁸
777 2482 951 2537 beatus
978 2482 1131 2538 homo
1164 2484 1249 2538 cui
1275 2485 1529 2539 donatum
1558 2495 1633 2539 est
1666 2483 1853 2541 habere

274 2574 501 2629 timorem
531 2573 631 2629 Dei
656 2574 843 2646 (Eccli.
878 2591 1003 2643 xxv,
1032 2578 1099 2631 14
1127 2586 1175 2631 et
1204 2576 1274 2634 15
1302 2576 1342 2647 ).
1376 2577 1509 2633 Cum
1538 2592 1667 2649 ergo
1693 2578 1853 2635 timor

278 2664 375 2720 Dei
397 2666 711 2736 principium
732 2668 800 2724 sit
820 2669 1136 2740 sapientiae,
1165 2686 1285 2741 quae
1314 2670 1487 2726 virtus
1521 2670 1709 2727 haberi
1755 2687 1853 2742 po-

281 2764 385 2812 test
412 2757 522 2815 sine
543 2761 818 2831 sapientia,
851 2760 872 2800 ι
914 2763 1001 2818 cui
1031 2778 1100 2819 ex
1139 2764 1335 2820 timore
1368 2765 1695 2835 principium
1723 2767 1851 2821 est?

281 2848 467 2906 Beatus
492 2856 766 2923 apostolus
796 2854 1007 2924 Petrus,
1045 2856 1229 2912 Gratia
1258 2858 1419 2925 vobis,
1454 2859 1646 2929 inquit,
1676 2867 1725 2913 et
1747 2876 1852 2931 pas:

267 2943 605 3013 adimpleatur
629 2956 655 2994 κ
694 2947 747 3002 in
762 2950 1111 3020 recognitione
1135 2949 1346 3006 Domini
1368 2954 1529 3007 nostri
1549 2952 1582 3006 J
1588 2970 1674 3008 esu
1703 2954 1853 3009 (.‘Itri-

263 3036 346 3103 sti,
376 3038 468 3108 qui
501 3055 636 3093 nunc
684 3043 855 3095 omnia
884 3042 1027 3096 nobis
1071 3043 1247 3098 divina
1284 3045 1473 3101 uirtute
1501 3064 1613 3115 sua,
1642 3065 1761 3119 quae
1780 3050 1850 3103 ad

1955 1846 1983 1874 η
2013 1834 2239 1904 Quando
2268 1843 2449 1888 autem
2491 1831 2610 1888 ﬁeri
2651 1841 2859 1903 potest,
2904 1841 2961 1886 ut
2998 1831 3091 1902 qui
3135 1832 3189 1887 in
3228 1832 3553 1887 naturalium

1956 1929 2214 1984 virtutum
2245 1924 2568 1992 seminibus,
2592 1939 2713 1993 qua:
2740 1923 2841 1979 iste
2873 1922 3201 1995 tuagnilicat,
3230 1922 3552 1995 gloriantur.

1957 2019 2102 2091 ipsas
2125 2019 2359 2073 virtutes
2385 2030 2510 2072 suas
2554 2015 2604 2071 ei
2633 2015 2896 2071 doctrina:
2922 2014 3222 2085 subjiciunt
3247 2014 3563 2085 provehen-

1955 2113 2074 2179 das,
2109 2127 2230 2182 quin
2263 2111 2415 2178 dicit,
2452 2109 2514 2165 Si
2541 2110 2656 2180 quis
2685 2110 2882 2163 videtur
2912 2108 3044 2163 inter
3072 2124 3158 2163 vos
3186 2110 3393 2180 sapiens
3423 2125 3553 2175 esse,

1954 2205 2145 2260 stultus
2190 2204 2306 2274 fiat,
2334 2200 2497 2275 352
2528 2213 2581 2256 ut
2613 2202 2681 2256 sit
2726 2202 2928 2274 sapiens
2959 2201 3018 2273 (Ῑ
3044 2200 3164 2257 Cor.
3201 2216 3284 2269 ιιι,
3312 2199 3455 2273 l8)?
3480 2214 3553 2267 et,

1960 2302 2095 2368 Quia
2114 2301 2170 2353 in
2196 2299 2453 2369 sapientia
2485 2295 2585 2352 Dei
2612 2313 2714 2351 non
2750 2297 2985 2368 cognovit
3012 2296 3096 2350 hic
3120 2294 3342 2350 mundus
3361 2312 3452 2363 per
3472 2310 3552 2350 sas

1960 2395 2208 2467 pientiam
2238 2392 2425 2459 Deunt,
2447 2391 2643 2463 placuit
2674 2390 2783 2445 Deo
2812 2407 2900 2461 per
2929 2390 3203 2444 stultitiam
3229 2389 3577 2461 praedicatio!

1955 2489 2033 2543 nis
2080 2487 2249 2542 salvos
2302 2490 2471 2556 facere
2500 2485 2764 2538 credentes
2812 2482 2863 2552 (I
2902 2480 3023 2538 Cor.
3055 2499 3094 2550 ι,
3128 2482 3262 2551 21).
3293 2482 3433 2548 Quid
3463 2480 3553 2536 illa

1958 2588 1982 2617 °
2005 2578 2249 2635 scientiae
2278 2577 2669 2648 sapientiaeque
2709 2574 3062 2645 praesumptio
3101 2574 3272 2644 magis
3312 2574 3552 2643 ineptum

1956 2688 2077 2732 esse
2114 2681 2333 2729 censeat
2374 2670 2654 2740 magisque
2674 2668 3004 2736 .ridendum,
3039 2668 3141 2723 nisi
3179 2668 3411 2737 Spiritus
3453 2667 3552 2724 Dei

1956 2766 2392 2839 aspernationem
2444 2761 2720 2831 subegerit
2760 2760 3153 2830 superborum,
3203 2762 3551 2829 rationesque

1954 2864 2077 2920 illas
2090 2876 2209 2932 qua
2229 2860 2423 2929 ignotae
2446 2854 2659 2911 veritati
2675 2854 2865 2909 canina
2890 2851 3136 2908 facundia
3158 2850 3551 2921 repugnabant,

1954 2957 2141 3028 gratia:
2162 2968 2275 3008 sua:
2296 2951 2499 3006 virtute
2519 2945 2853 3002 destruxerit
2880 2962 2892 2997 :
2929 2953 2989 3000 ut
3009 2959 3194 3001 semen
3226 2942 3374 2999 verbi
3406 2956 3550 3012 pra:-

1955 3049 2161 3105 sulcata
2185 3044 2366 3101 cordis
2394 3051 2538 3098 terra
2564 3039 2856 3109 concipiat,
2883 3045 2940 3092 et
2965 3039 3157 3108 dignos
3182 3036 3403 3093 aeternis
3428 3034 3551 3091 bor-

265 3133 417 3185 vitam
461 3143 509 3187 et
562 3134 803 3203 pietatem
828 3138 1104 3206 pertinent,
1147 3138 1357 3193 donavit
1397 3138 1463 3211 (ll
1494 3109 1712 3207 Pennus,
1761 3142 1840 3213 2).
1873 3109 1921 3174 C
1954 3140 2061 3197 reis
2107 3138 2312 3194 fructus
2344 3136 2440 3190 Dei
2486 3132 2815 3202 agricultura
2853 3130 3150 3201 producat?

262 3223 523 3295 Numquid
550 3228 665 3295 ait,
696 3227 800 3297 Qui
822 3231 1081 3284 virtutum
1110 3232 1340 3300 semina,
1373 3248 1493 3302 qua:
1526 3234 1843 3290 naturaliter

258 3317 583 3376 habebamus
607 3321 835 3389 inserta,
866 3323 1225 3393 opitulatione
1251 3339 1345 3379 sua
1376 3327 1635 3381 excitavit
1663 3328 1719 3382 in
1745 3343 1843 3383 no-

2022 3232 2213 3308 [Alias
2238 3231 2368 3286 Car.
2410 3226 2605 3298 XXX]
2659 3228 2710 3280 6.
2744 3236 2772 3275 ιι
2800 3225 2929 3279 Post
2966 3224 3096 3279 illud
3137 3232 3317 3279 autem
3348 3223 3549 3279 nullius

1947 3326 2294 3386 auctoritatis
2342 3322 2706 3379 tesﬁmonium
2759 3319 2902 3391 quod
2941 3318 3294 3388 disputationi
3334 3333 3449 3374 suae
3479 3317 3549 3373 de

256 3408 369 3467 his?
394 3408 427 3450 ¹ι
453 3413 564 3470 Sed
611 3416 707 3482 ait,
744 3415 848 3483 Qui
876 3432 1013 3471 nunc
1050 3418 1223 3472 omnia
1252 3416 1397 3473 nobis
1425 3435 1539 3487 qua:
1576 3420 1643 3473 ad
1688 3422 1842 3475 vitam
1948 3422 2132 3480 libello
2160 3419 2399 3475 Pastoris
2426 3416 2677 3481 inseruit,
2699 3431 2766 3471 ex
2796 3430 2905 3484 quo
2929 3412 3221 3468 ostendere
3248 3411 3440 3477 voluit,
3462 3412 3546 3466 in-

257 3515 300 3561 et
323 3509 565 3580 pietatem
596 3512 870 3577 pertinent,
911 3512 1144 3566 donauit.
1175 3510 1193 3548 ί
1225 3512 1377 3579 Quod
1406 3511 1659 3581 dicendo,
1687 3516 1843 3585 cujus
1951 3513 2173 3573 terboni
2192 3507 2891 3581 etmaliangeliconlrarias
2911 3506 3212 3571 suasiones,
3235 3505 3305 3559 ita
3328 3518 3544 3559 omnem

254 3598 457 3657 virtutis
501 3602 719 3657 initium
770 3602 825 3657 in
875 3612 1067 3657 natura
1100 3603 1302 3674 posuit,
1350 3604 1496 3673 quod
1530 3620 1637 3661 non
1665 3606 1735 3661 ab
1776 3624 1844 3664 eo
1950 3607 2225 3663 hominem
2256 3600 2713 3671 naturalijudicio
2754 3609 2805 3654 et
2825 3597 3061 3668 propriae
3088 3595 3398 3650 discretioni
3420 3609 3547 3649 esse

254 3691 499 3751 collatum
547 3694 620 3751 sit
660 3695 751 3765 qui
797 3706 991 3751 cuncta
1042 3694 1303 3749 donavit?
1350 3694 1579 3766 Propter
1613 3698 1755 3767 quod
1789 3711 1845 3757 et
1950 3694 2458 3766 commissum,utei
2479 3709 2585 3749 non
2612 3686 3184 3763 plusaDeoprtesidii,
3203 3701 3361 3758 quam
3383 3685 3543 3741 adia-

314 3904 341 3968 _'
370 3896 517 3953 Edit.
548 3896 721 3967 Lugd.
758 3904 814 3952 et
843 3899 1195 3968 posteriores,
1221 3898 1506 3954 secundum
1532 3899 1689 3954 istud.

317 3964 345 4005 δ
364 3964 655 4043 l_£diti_ones
681 3964 914 4039 hlogunt.
941 3978 998 4025 et
1022 3964 1187 4043 νειμ,
1216 3972 1489 4043 accipitur.

318 4048 340 4111 ξ
366 4038 625 4111 Lugdun.
655 4050 711 4095 et
734 4038 801 4096 eo
828 4042 1178 4107 recentiores,
1208 4038 1695 4111 superinstructum.

314 4105 340 4145 ά
368 4105 473 4183 his:
497 4111 761 4166 Joliensis
781 4153 815 4183 ,ν
844 4111 1102 4167 Timorem
1122 4153 1138 4177 ,
1167 4105 1365 4180 inquit,
1414 4111 1513 4165 Dei
1549 4127 1702 4183 super
1732 4112 1841 4168 [nec

252 4182 410 4236 omnia
436 4183 641 4254 posuit.
674 4182 843 4251 Lugd.
874 4184 1056 4250 editio,
1087 4183 1340 4237 Timorem
1382 4182 1839 4254 Dominipinquit,

248 4268 389 4331 super
413 4253 965 4331 Omniaposui._Lov.,
991 4256 1157 4310 Dttac.
1181 4254 1390 4331 etCol.,
1411 4253 1585 4308 Timor
1608 4253 1841 4321 Domini,

252 4327 432 4398 inquit,
465 4339 636 4398 super
657 4327 829 4398 omnia
858 4342 911 4380 se
931 4327 1279 4398 superposuit.

316 4403 337 4432 ⁸
362 4396 487 4451 Mss.
525 4394 693 4451 Corb.
719 4406 777 4451 et
804 4394 1035 4467 Remigl,
1071 4394 1242 4451 leatus
1271 4394 1442 4449 homo.
1476 4394 1841 4467 Hanctvncem

254 4466 391 4519 homo
418 4468 747 4538 parenthesi
768 4464 1095 4523 incluse'rant
1112 4468 1339 4530 Lovan.,
1361 4466 1522 4520 Duae.
1542 4476 1599 4521 et
1625 4464 1839 4532 Colon.,

253 4538 500 4594 utdubiaz
551 4540 936 4593 auctoritatis:
984 4541 1237 4593 omittunt
1284 4538 1562 4607 Mogunt.,
1613 4538 1746 4593 Ven.
1790 4549 1845 4594 et

252 4607 410 4679 Lugd.
462 4610 573 4665 Ms.
615 4608 745 4675 λοι..
799 4609 974 4664 beatus
1018 4612 1113 4663 vir.
1148 4610 1252 4663 Pro
1278 4610 1508 4663 timorem
1553 4609 1677 4672 Dei,
1707 4624 1840 4664 mss.
1920 4646 1928 4656 ι

252 4680 376 4765 Jul,
416 4680 600 4753 Lugd.
629 4690 686 4736 et
731 4696 796 4735 eo
845 4686 1177 4751 posteriores
1207 4680 1427 4747 habent,
1461 4680 1691 4733 timorem
1735 4679 1844 4735 Do-

253 4766 547 4895 mﬁmgd.
573 4831 630 4895 et
659 4824 1010 4892 posteriores,
1041 4824 1210 4894 cujus.

258 4962 267 4972 ‘
317 4902 341 4940 ε
369 4893 512 4976 ἒξᾳὶιὶ
543 4894 786 4965 Mogunt.
815 4905 871 4951 et
909 4895 1071 4963 Ἴδη..
1099 4893 1173 4948 in
1222 4893 1628 4964 cognitione.....
1668 4894 1842 4947 omnia

250 4980 299 5116 sli
314 4966 835 5116 ίιῗιξέᾶιιηηεᾶὶιίο,
866 5054 935 5116 an
966 5054 1081 5116 quae
1110 5036 1177 5116 a_d
1200 5035 1355 5091 vitam
1377 5042 1425 5089 et
1465 5034 1705 5105 pietatem
1734 5052 1843 5105 per-

259 5109 414 5162 tinent
441 5110 679 5174 donavit,
711 5109 926 5165 caeteris
957 5110 1195 5163 omissis.

319 5177 334 5215 ί
366 5179 496 5251 Huic
526 5180 740 5251 phrasis
765 5191 875 5236 tota
902 5181 1166 5235 omittitur
1192 5181 1244 5235 in
1272 5182 1513 5251 Mogunt,
1535 5187 1589 5235 et
1610 5177 1751 5251 νου.
1786 5178 1843 5233 ln

252 5261 349 5327 qua
376 5250 511 5306 edit.
541 5248 760 5319 Colon.,
790 5267 889 5323 pro
915 5252 1162 5307 collatum
1187 5255 1273 5319 sit,
1326 5248 1511 5318 habet,
1536 5248 1843 5305 collocatum

252 5327 338 5441 mi
372 5393 526 5467 ,Edit.
562 5394 802 5465 lingunt.
852 5405 910 5454 et
950 5397 1111 5463 Ven.,
1160 5396 1250 5452 sed
1303 5412 1393 5467 per
1438 5402 1698 5460 naturam,
1727 5407 1843 5467 quin

253 5464 416 5542 Ψαιίρ
440 5464 740 5542 reparatur,
788 5470 1076 5542 accepimus
1104 5485 1124 5524 :
1150 5464 1313 5541 quam
1354 5477 1560 5537 partem
1603 5464 1845 5536 praeterit

256 5536 471 5609 omnino
494 5537 666 5609 editio
690 5536 935 5609 Lugdun'.

318 5604 344 5681 ξ
374 5607 552 5681 Lugd.
580 5618 636 5665 et
662 5604 1013 5681 posteriores,
1043 5611 1354 5665 existimare.

321 5674 340 5718 ι
372 5674 555 5750 Lugd.
583 5692 638 5739 et
662 5674 1014 5751 recentiores,
1044 5683 1327 5738 laudanda.

321 5754 361 5787 ⁸⁸
385 5746 488 5819 κεῖ
512 5754 786 5823 δοιίοωὶε.
817 5755 958 5831 Quid
983 5746 1236 5824 sapientia
1260 5752 1413 5823 hujus
1441 5748 1655 5806 mundi?
1681 5746 1828 5806 Stul-

1946 3901 2059 3954 titia
2087 3908 2181 3951 est.
2232 3894 2512 3950 Editiones
2549 3892 2788 3961 Mogunt.
2839 3898 2895 3945 et
2918 3888 3081 3954 ναι..
3136 3889 3209 3943 Ac
3246 3888 3322 3961 sic
3351 3888 3540 3961 uitium

1944 3980 2018 4025 est
2064 3969 2203 4039 quod
2250 3976 2456 4038 putatur
2499 3981 2608 4039 esse
2642 3958 2928 4035 sapientia,
2971 3961 3178 4031 quando
3212 3958 3432 4014 stultitia
3458 3969 3539 4015 est

1943 4037 2085 4113 quod
2107 4048 2321 4113 putatur
2344 4054 2451 4092 esse
2488 4037 2679 4113 v_i_rtus._
2844 4104 2889 4113 __
3011 4103 3047 4113 _
3120 4103 3131 4113 _
3249 4101 3286 4113 ﬁ
3390 4102 3402 4113 .

2017 4122 2044 4150 η
2074 4101 2148 4166 lia
2199 4110 2383 4175 legunt
2435 4107 2811 4175 nniformiter,
2843 4104 2971 4159 Mss.
3006 4103 3205 4175 μοι-ιι..
3248 4101 3457 4175 Retttig.
3483 4111 3539 4156 et

1945 4182 2077 4248 Jol.,
2100 4198 2220 4238 cum
2244 4173 2481 4250 Mogunt.
2506 4187 2559 4232 et
2584 4178 2717 4233 Ven.
2752 4174 2883 4250 edit.
2910 4177 2971 4229 At
3006 4173 3273 4250 Lugdttn..
3301 4174 3535 4250 Lovan..

1949 4246 2115 4309 Duae.
2147 4263 2203 4308 et
2250 4246 2442 4307 Colon.
2466 4293 2481 4317 ,
2534 4247 2801 4315 Quomodo
2828 4257 2997 4300 autem
3039 4246 3173 4317 fieri
3198 4254 3380 4313 potest,
3412 4248 3535 4298 ut'is

1948 4328 2037 4397 qui
2065 4327 2115 4379 in
2148 4324 2461 4378 naturalium
2483 4323 2726 4397 uirtutum
2751 4318 3039 4397 seminibus
3057 4316 3333 4397 exuli-crare
3357 4333 3410 4397 se
3440 4332 3536 4379 pu-

1949 4385 2049 4467 t'at,
2077 4413 2208 4467 quas
2244 4397 2352 4466 ipse
2379 4392 2681 4463 magniﬁcas
2711 4406 2820 4467 esse
2856 4388 3104 4467 gloriatur
3136 4386 3330 4467 (L-uv_.,
3365 4385 3532 4467 Duae.

1948 4477 2003 4523 et
2027 4456 2218 4523 Cdlun.
2248 4456 2299 4520 in
2332 4456 2593 4534 margine,
2621 4477 2733 4532 quae
2758 4456 3534 4530 iste'ntagniﬁca'gloriatur)...,

1946 4539 2185 4593 subiiciat
2201 4537 2226 4590 .’

2021 4560 2313 4664 2"uitilztmliunc
2342 4607 2517 4661 locum
2548 4603 2805 4658 exhibent
2834 4615 2964 4655 mss.
3009 4600 3173 4655 Corh.
3212 4609 3266 4653 et
3296 4600 3531 4670 Remig..

1948 4694 2184 4735 necnon
2236 4678 2367 4733 edit.
2411 4676 2645 4744 Mogunt.
2672 4685 2725 4727 et
2759 4672 2931 4736 Ven.;
2981 4688 3101 4744 qum
3131 4671 3395 4744 editiones
3438 4687 3536 4741 pro

1868 4724 1924 4785 D
1948 4724 3153 4824 ;;,;,;[g;.a','i;§.b§!1fﬂagitanticuiue.Ai
3183 4741 3355 4807 Lugd.
3388 4724 3534 4823 et'ea

1947 4813 2303 4885 recentiores,
2327 4818 2466 4887 Quid
2488 4813 2580 4871 illa
2597 4818 2832 4880 scientia,
2847 4816 3169 4887 scientiwque
3183 4813 3532 4887 pressumptio,

1948 4896 2115 4966 magis
2142 4882 2690 4966 ineptunt‘cernat..."
2722 4902 2838 4966 gnte
2861 4890 3049 4966 ignota;
3074 4884 3413 4966 virtutiillils.
3444 4882 3535 4935 Jo-

1947 4952 2156 5026 lietisis,
2192 4952 2333 5028 Quid
2380 4959 2472 5014 illa
2504 4952 2796 5013 inscientius
2823 4952 3106 5025 sapientia,
3135 4952 3259 5028 quid
3284 4952 3373 5028 illa
3400 4968 3535 5019 prte-

1946 5024 2236 5102 sumptione
2250 5034 2411 5105 magis
2426 5034 2673 5105 ineptum,
2689 5024 2957 5105 magisque
2964 5025 3253 5087 ridendum,
3270 5024 3500 5087 nisi,etc.
3513 5063 3529 5089 ,

1948 5098 2122 5177 ignita:
2140 5098 2406 5161 veritati'...
2438 5098 2724 5178 praesulcalt‘i
2749 5098 2919 5178 cordis
2932 5098 2996 5178 ζ
3036 5152 3051 5163 ,
3098 5167 3109 5178 ⁸
3253 5177 3256 5178 ν
3470 5163 3482 5174 θ

2023 5188 2050 5227 ι»
2078 5178 2150 5232 Ita
2186 5178 2407 5246 legimus
2437 5176 2654 5246 ἰιι-ιιιδδςἶ
2669 5168 2920 5246 _Cor_b.__et
2960 5167 3172 5246 Ιῇσειιιὶεζ
3201 5177 3431 5246 ηρᾳιιοη
3469 5167 3523 5218 in

1951 5248 2080 5303 edit.
2115 5233 2354 5314 Magum.
2379 5255 2434 5300 et
2470 5244 2606 5299 Ven.
2639 5241 2737 5295 his.
2769 5233 3136 5314 Joliensissic:
3160 5233 3322 5314 habet
3348 5236 3523 5314 locum

1950 5320 2135 5385 istum,
2164 5307 2312 5373 Illud
2333 5326 2502 5370 autem
2526 5314 2718 5387 nullius
2746 5319 2819 5387 est
2845 5307 3529 5387 auctoritatis'testimonium

1946 5377 2198 5461 quod.
2220 5407 2285 5444 ex
2309 5406 2407 5458 quo
2434 5384 2693 5461 ostendere
2718 5379 3035 5461 uoluit‘inter
3062 5377 3180 5459 boni
3204 5383 3253 5431 et
3279 5377 3528 5461 mali-an-

1983 5463 2165 5518 eli.....
2202 5448 2389 5515 Postea
2430 5474 2545 5512 vero
2568 5453 2769 5507 addidit
2795 5449 3110 5519 deﬁnitionis
3137 5463 3246 5503 sua:
3269 5448 3519 5519 regulam.

1991 5534 2088 5589 dit.
2112 5531 2558 5604 Lugd.,AL0van.,
2585 5524 2747 5604 Duae.
2765 5519 3060 5604 _ethlon.,
3080 5530 3126 5602 et
3147 5535 3249 5588 quo
3263 5518 3528 5604 ostendere

1941 5587 2280 5671 tioluifin‘ier
2296 5587 2423 5656 ’ὺυηὶ
2447 5610 2494 5653 et
2521 5587 2643 5671 mali
2658 5587 3247 5671 contrarias_suasiones,
3270 5599 3406 5657 etc.,
3430 5587 3525 5642 ad-

1941 5676 2097 5746 didit,
2113 5661 2237 5732 'etc.
2269 5672 2404 5728 Vide
2431 5680 2591 5737 supra
2616 5662 2777 5720 initio
2804 5661 2996 5734 capitis
3020 5662 3203 5734 huius.
