4028 6352
243 332 337 409 ss:

1361 326 1566 393 ιιΒεΒ
1605 328 1883 397 CONTRA
1919 332 2403 397 COLLATOREM.

3402 356 3510 418 ’.Μ

242 456 404 513 inesse
434 450 655 518 deﬂnit;
684 458 747 523 ut
772 448 913 521 quod
941 457 1026 507 est
1061 464 1157 523 per
1203 450 1535 518 adiutorium
1570 450 1663 505 Dei
1694 466 1815 520 per-
1841 455 1895 515 Α
1918 455 2025 510 cis?
2050 456 2132 511 Vir
2150 462 2353 529 gravis,
2372 462 2564 519 doctor
2590 466 2829 536 sapiens,
2846 485 3015 529 veras
3029 475 3312 543 magister,
3337 479 3510 538 reddo

241 546 439 608 fecisse.
484 545 589 600 hoc
615 543 688 600 sit
728 560 794 601 ex
838 544 990 599 liberi
1018 543 1227 598 arbitrii
1280 543 1527 598 libertate
1571 546 1819 613 coepisse.

242 642 424 700 Verum
458 642 578 698 haec
610 649 669 697 ut
715 640 1014 697 tolerabilia
1065 650 1445 696 transeamus:
1478 642 1602 711 quia
1641 654 1696 696 et
1727 656 1825 699 nos

244 734 458 792 liberum
504 734 789 788 arbitrium
848 733 971 789 ideo
1018 732 1268 799 dicimus,
1327 733 1485 790 bona:
1537 736 1823 792 voluntatis

243 828 477 885 aﬂectum
516 826 750 898 ﬁdeique
796 826 1151 900 principium,
1192 840 1453 897 cperante
1482 830 1651 899 gratia
1694 844 1824 886 con-

243 924 457 994 cepisse,
486 933 544 977 ut
577 938 671 993 per
704 922 817 977 haec
845 938 967 993 qua:
1010 922 1083 977 illi
1131 924 1281 979 nullo
1320 924 1517 978 merito
1551 932 1825 991 prmeunte

247 1016 427 1072 donata
458 1024 611 1081 sunt,
645 1030 709 1071 ea
739 1030 861 1093 qua:
894 1024 919 1051 ³·
951 1024 1243 1085 operaturo
1276 1027 1398 1070 sunt
1430 1016 1691 1083 promissa
1721 1032 1826 1075 mc-

244 1124 441 1175 reatur;
475 1109 546 1173 ab
578 1109 671 1163 illo
714 1123 929 1178 semper
952 1121 1142 1177 petens
1187 1124 1342 1177 posse
1364 1108 1562 1180 aliquid
1594 1110 1717 1167 boni
1748 1110 1825 1167 l'a-

243 1216 376 1265 cere,
396 1201 491 1271 qui
531 1201 628 1266 ait,
658 1198 785 1259 Siue
817 1217 893 1254 me
924 1202 1055 1255 nihil
1087 1202 1295 1273 potestis
1317 1205 1484 1273 facere
1510 1202 1698 1274 (Joan.
1728 1219 1819 1271 xv,

244 1294 321 1365 5).
351 1292 538 1368 [Alias
560 1295 693 1349 (lae.
719 1292 978 1365 XXXII.]
1004 1293 1095 1348 “is
1123 1295 1303 1365 itaque
1345 1297 1743 1365 praetermissis,
1770 1297 1822 1363 id

242 1387 365 1458 quod
395 1385 463 1439 de
494 1385 669 1439 sancti
695 1383 797 1439 Job
827 1386 1165 1454 passionibus
1193 1389 1370 1455 posuit
1390 1429 1405 1452 ,
1441 1399 1820 1447 retractemus.

243 1480 318 1536 Ait
340 1478 480 1534 enim
514 1478 739 1551 (Collat.
772 1494 812 1546 ι,
856 1494 902 1534 c.
938 1478 1025 1546 Η)
1062 1497 1074 1532 :
1112 1479 1263 1547 Quod
1292 1482 1446 1535 etiam
1474 1484 1528 1536 in
1560 1483 1659 1539 Job
1692 1502 1819 1555 pro-

243 1572 489 1627 batissimo
522 1572 715 1626 athleta
746 1590 861 1635 suo,
889 1589 1006 1626 cum
1039 1590 1155 1628 eum
1186 1576 1420 1629 diabolus
1452 1579 1725 1647 expetisset
1752 1578 1821 1634 ad

242 1664 489 1736 singulare
520 1675 799 1727 certamen,
831 1667 1059 1721 divinam
1105 1666 1320 1740 legimus
1361 1671 1645 1737 providisse
1662 1673 1823 1742 justi-

243 1760 369 1817 tiam.
393 1758 453 1815 Si
503 1757 638 1812 enim
676 1770 860 1814 contra
898 1760 1188 1825 inimicum,
1215 1778 1317 1815 non
1359 1780 1456 1817 sua
1496 1765 1705 1829 virtute,
1730 1766 1819 1819 sed

1930 549 2086 603 nobis
2107 554 2424 609 catholicam
2447 556 2839 631 deﬁnitionem,
2859 580 2963 633 qna
2990 567 3129 622 inter
3160 570 3308 623 initia
3330 572 3512 641 dispu-

1929 640 2146 695 tationis
2162 653 2261 697 tum
2282 660 2439 701 aures
2458 662 2672 706 nostras
2688 666 3007 726 mentesque
3027 661 3239 728 cepisti.
3270 640 3513 725 Pronun-

1928 735 2162 791 tiaveras
2192 734 2208 772 ί
2242 739 2399 795 tidem
2419 741 2717 801 Christiana
2737 764 2871 805 voce
2900 752 3325 811 ecclesiasticam
3346 798 3361 821 ,
3395 758 3514 815 Non

1926 830 2097 885 solum
2122 844 2353 904 actuum,
2382 852 2554 893 verum
2588 840 2744 896 etiam
2766 845 3135 914 cogitationum
3169 848 3419 905 bonarum
3456 868 3518 907 ea:

1929 920 2042 978 Deo
2080 942 2187 981 esse
2216 929 2523 1000 principium
2548 932 2767 1002 (Supra,
2796 952 2837 990 c.
2872 938 2929 1002 3,
2960 955 3012 992 η.
3051 941 3109 1012 2)
3144 957 3158 995 :
3188 946 3276 1009 qui
3296 948 3440 998 nobis
3470 954 3517 1000 et

1928 1016 2075 1071 initia
2095 1030 2287 1075 sancte
2302 1024 2578 1081 t'oluntatis
2594 1026 2830 1094 inspirat.
2845 1040 2892 1084 et
2904 1032 3135 1086 uirtutem
3153 1045 3303 1105 atque
3329 1053 3517 1107 oppor-

1929 1110 2197 1164 tunitatem
2220 1130 2394 1168 eorum
2425 1132 2540 1186 qua:
2564 1128 2692 1174 recte
2722 1122 2975 1192 cupimus,
3009 1124 3186 1181 tribuit
3214 1128 3512 1199 peragendi.

1933 1201 2095 1257 Omne
2115 1205 2250 1259 enim
2276 1208 2456 1262 datum
2486 1212 2757 1279 Optimum,
2790 1225 2836 1266 et
2854 1231 2999 1270 omne
3019 1216 3213 1271 donum
3238 1222 3518 1291 perfectum

1930 1295 2200 1350 desursum
2230 1308 2340 1362 est,
2377 1299 2688 1357 descendens
2730 1321 2761 1357 a
2817 1303 2975 1359 Putre
3003 1310 3297 1376 luminum;
3341 1314 3427 1381 qui
3469 1321 3517 1373 et

1928 1388 2147 1456 inspirat
2168 1407 2285 1461 quas
2310 1392 2440 1447 bona
2460 1410 2597 1460 sunt,
2623 1405 2669 1452 et
2698 1400 3013 1468 exsequitur,
3049 1411 3092 1455 et
3119 1417 3437 1469 consummat
3462 1406 3517 1463 in

1929 1482 2077 1535 nobis
2129 1480 2333 1551 (Iacob.
2361 1502 2414 1553 ι,
2456 1488 2538 1556 l7)
2569 1504 2585 1543 :
2613 1488 2629 1540 i
2670 1499 2725 1545 et
2751 1490 2910 1559 hujus
2936 1494 3221 1549 sententiae
3247 1498 3518 1556 soliditate

1930 1576 2112 1629 omnia
2143 1576 2421 1632 hostilium
2447 1581 2797 1651 reliquiarum
2830 1586 3269 1645 machinamenta
3297 1592 3517 1649 conire-

1928 1683 2108 1739 geras.
2161 1670 2269 1726 Cur
2328 1674 2664 1742 professione
2708 1688 2949 1750 mutata,
3004 1682 3147 1751 quod
3196 1682 3517 1741 destruxisti

1929 1764 2189 1827 tcdilicas,
2218 1768 2360 1833 quod
2387 1768 2624 1825 tuebaris
2664 1770 2983 1841 impugnas?
3004 1773 3115 1828 Cur
3146 1774 3517 1833 invictissime

243 1849 328 1905 Dei
356 1853 513 1905 solius
529 1853 711 1923 fuisset
733 1853 899 1922 gratia
919 1863 1210 1925 protegente
1227 1869 1609 1925 congressus,et
1632 1860 1821 1928 absque
1851 1858 1899 1920 Β
1925 1859 2169 1913 veritatis
2218 1857 2243 1897 ἰ
2297 1872 2424 1916 arce
2473 1862 2689 1918 deserta
2715 1904 2731 1927 ,
2790 1864 3058 1933 gradatim
3113 1866 3179 1921 ad
3220 1868 3517 1938 praecipitia

244 1945 339 1998 ulla
360 1944 588 1999 virtuteb
618 1945 878 2015 patienda
904 1962 1033 2010 sure,
1062 1948 1237 2001 divina
1265 1958 1462 2002 tantum
1488 1949 1825 2021 apitulutione

244 2037 485 2105 summus,
519 2040 833 2110 multiplices
864 2037 986 2093 illas
1014 2056 1075 2095 ac
1123 2050 1227 2095 tota
1278 2042 1473 2094 inimici
1516 2043 1822 2099 crudelitate

242 2134 461 2203 quantas
490 2134 835 2187 tentationum
860 2134 1018 2188 moles
1062 2141 1112 2189 et
1153 2134 1307 2188 exitia
1335 2133 1654 2205 pertulisset,
1694 2154 1820 2203 qua-

242 2223 380 2277 modo
422 2240 523 2278 non
552 2224 699 2278 illam
745 2224 1123 2283 calumniosum
1168 2227 1406 2281 diabolus
1433 2271 1447 2295 ,
1478 2246 1637 2300 quam
1673 2233 1819 2302 prius

244 2318 461 2373 emiserat
487 2334 680 2381 uocem,
708 2317 957 2373 adversus
996 2336 1113 2373 eum
1133 2321 1332 2391 justius
1366 2322 1615 2391 iterasset,
1651 2324 1817 2379 Num-

241 2413 357 2484 quid
375 2410 469 2466 Job
496 2414 659 2485 gratis
690 2423 711 2452 ε
744 2413 868 2468 colit
896 2412 1104 2468 Deum?
1131 2413 1184 2468 N
1190 2432 1321 2471 anne
1349 2425 1405 2469 tu
1443 2416 1648 2471 vallasti
1676 2436 1813 2488 eum,

242 2500 270 2542 ἀ
295 2522 351 2559 ac
380 2506 579 2560 damum
624 2508 757 2578 ejus,
790 2516 837 2560 et
867 2507 1157 2563 universam
1202 2508 1538 2563 substantiam
1566 2514 1682 2583 ejus
1728 2528 1818 2581 per

246 2599 544 2653 circuitum?
574 2599 679 2656 Sed
704 2600 857 2669 aufer
884 2616 1093 2654 manum
1117 2610 1278 2659 tuam.
1310 2601 1408 2656 hoc
1437 2612 1531 2667 est,
1564 2605 1677 2657 sine
1703 2621 1816 2658 eum

250 2690 351 2745 suis
400 2706 581 2745 mecum
619 2692 802 2747 uiribus
850 2693 1134 2758 decertare,
1165 2693 1327 2765 355
1358 2696 1456 2748 nisi
1496 2705 1520 2733 ο
1550 2696 1602 2748 in
1630 2697 1815 2766 [aciem

257 2795 389 2840 tuam
440 2784 733 2843 benedixerit
774 2786 863 2841 tibi
909 2786 1060 2858 (Job.
1093 2802 1133 2854 ι,
1166 2789 1257 2859 9).
1306 2787 1413 2844 Sed
1456 2806 1571 2843 cum
1616 2791 1815 2845 nullam

260 2876 597 2951 hujuscemodi
646 2881 1021 2949 querimoniam
1083 2882 1429 2936 calumniosus
1486 2884 1645 2937 hostis
1702 2893 1815 2953 post

251 2972 523 3041 con/licium
548 2971 729 3025 audeat
757 2974 946 3027 iterare
963 3014 979 3040 ,
1009 2990 1112 3029 non
1138 2974 1250 3037 lJei,
1274 2974 1364 3028 sed
1394 2973 1539 3028 illius
1557 2992 1608 3029 se
1630 2977 1813 3031 uictum

245 3064 423 3119 oinbus
451 3066 740 3133 conﬁtetur.
768 3065 908 3121 Licet
932 3068 1084 3122 etiam
1121 3070 1287 3138 gratia
1317 3066 1415 3123 Dei
1443 3086 1544 3124 non
1568 3070 1621 3124 in
1650 3080 1814 3125 totum

239 3158 312 3212 illi
349 3159 566 3231 defuisse
595 3160 851 3215 credenda
881 3161 968 3226 sit,
995 3178 1107 3231 qua;
1145 3171 1340 3216 tantant
1371 3165 1609 3217 tcntatori
1642 3164 1815 3218 tribuit

1929 1949 2213 2019 Pelagiana
2271 1951 2553 2008 decurris?
2602 1954 2703 2022 Qui
2760 1956 2906 2011 enim
2956 1957 3290 2025 delinieras,
3347 1977 3519 2031 neque

1926 2053 2243 2097 Sanctarum
2270 2044 2689 2115 cogitationum,
2720 2063 2895 2118 neque
2923 2050 3130 2117 piarum
3153 2051 3483 2107 voluntatum
3501 2094 3515 2115 .
3538 2078 3553 2092 ο

1925 2149 2099 2201 neque
2132 2134 2400 2190 bonorum
2429 2146 2645 2192 actuum
2676 2154 2740 2195 ex
2775 2140 2929 2195 nobis
2958 2155 3080 2197 esse
3105 2143 3396 2211 principia;
3421 2145 3515 2199 sed

1924 2228 2277 2296 insliiratione
2304 2229 2396 2284 Dei
2426 2232 2723 2302 gratiaque
2750 2231 2871 2301 ejus
2891 2234 3097 2290 auxilio
3121 2234 3261 2290 bona
3285 2234 3337 2290 in
3362 2236 3516 2292 nubis

1922 2330 2115 2378 cuncta
2148 2325 2430 2394 generari,
2462 2331 2517 2378 et
2558 2323 2628 2379 ad
2674 2324 2974 2394 profectum
3014 2326 3514 2398 perfectionemque

1922 2414 2145 2483 perduci
2178 2431 2193 2468 :
2225 2415 2386 2485 paulo
2420 2425 2542 2485 post
2571 2418 2783 2488 cmpisti
2812 2418 2971 2473 donis
3006 2422 3200 2488 gratias
3226 2420 3381 2475 liberi
3427 2436 3515 2476 ar-

1921 2505 2068 2561 bitrii
2095 2522 2313 2575 sequare
2334 2517 2592 2575 Conatus;
2619 2517 2679 2562 ut
2701 2510 2964 2580 principia
2996 2526 3117 2580 quae
3143 2513 3250 2566 Deo
3272 2514 3514 2583 assigna-

1920 2616 2119 2666 veras,
2167 2615 2328 2671 posse
2386 2601 2661 2656 hominem
2710 2605 3057 2671 asemetipso
3100 2605 3303 2659 habere
3353 2620 3510 2660 mou-

1919 2707 2151 2760 strares,
2200 2695 2431 2753 dicendo
2454 2696 2675 2767 (Supra,
2707 2712 2755 2749 c.
2788 2698 2849 2761 3,
2901 2712 3047 2753 num.
3082 2698 3158 2764 5),
3194 2698 3330 2763 Quia
3355 2699 3510 2753 etiam

1918 2790 2024 2842 suis
2050 2787 2310 2841 interdum
2341 2787 2558 2841 motibus
2581 2788 2734 2841 homo
2764 2787 2927 2860 3&6
2954 2790 3022 2840 ad
3043 2790 3285 2842 virtutum
3315 2792 3513 2861 appeti.-

1921 2891 2003 2935 tus
2040 2883 2058 2923 ι
2100 2881 2260 2953 possit
2294 2880 2500 2934 extendi
2522 2920 2535 2942 .
2572 2897 2772 2948 semper
2792 2898 2907 2935 vero
2955 2897 2989 2934 α
3021 2879 3244 2935 Domino
3281 2884 3510 2955 indigeat

1917 2973 2160 3044 adjuvari
2187 2988 2205 3025 :
2253 2979 2310 3027 et
2344 2972 2537 3026 iterum
2568 2972 2797 3027 dicendo
2827 2970 3047 3044 (Supra,
3071 2990 3120 3029 c.
3151 2973 3222 3040 4,
3257 2991 3401 3029 num.
3426 2974 3508 3043 9.),

1918 3064 2095 3119 Etiam
2116 3082 2205 3138 per
2228 3076 2429 3121 naturte
2456 3065 2639 3118 bonum
2657 3106 2670 3127 .
2719 3067 2856 3136 quod
2886 3067 3132 3137 beneﬁcio
3152 3065 3404 3122 Creatoris
3429 3069 3514 3123 in-

1920 3160 2124 3214 dultum
2154 3168 2247 3225 est,
2277 3176 2666 3225 nonnumquam
2690 3158 2938 3213 bonarum
2962 3160 3277 3215 voluntatum
3306 3162 3513 3234 prodire

236 3264 540 3322 potestatem,
581 3265 825 3325 quantant
849 3264 897 3309 et
928 3253 1079 3313 illum
1110 3255 1375 3309 resistendi
1406 3267 1612 3311 noverat
1634 3256 1819 3312 habere
1844 3254 1891 3321 C
1922 3252 2178 3324 principia
2212 3268 2229 3306 :
2260 3268 2375 3321 quae
2402 3262 2571 3307 tamen
2598 3252 2699 3305 nisi
2724 3268 2758 3305 a
2790 3248 3012 3306 Domino
3037 3252 3351 3327 dirigantur,
3377 3262 3415 3290 ιη
3445 3255 3511 3307 ad

234 3346 457 3402 uirtutem
479 3365 497 3403 :
522 3365 625 3403 non
647 3365 764 3403 eum
786 3350 848 3403 ab
863 3349 1009 3405 illius
1026 3347 1411 3421 impugnatione
1431 3350 1504 3404 sic
1521 3358 1809 3421 protegens,

234 3446 284 3491 ut
322 3438 516 3494 nullum
542 3442 717 3494 uirtuti
756 3439 1002 3497 humana:
1029 3442 1335 3509 relinqueret
1366 3442 1569 3506 locum;
1600 3444 1689 3497 sed
1719 3442 1815 3498 hoc

233 3541 414 3587 tantum
452 3550 767 3607 procurans,
800 3550 862 3588 ne
896 3535 1292 3589 uiolentissimus
1321 3535 1560 3590 inimicus
1586 3537 1813 3591 animam

231 3628 328 3700 ejus
348 3640 599 3683 amentem
629 3628 826 3698 faciens
877 3624 894 3665 τ
927 3636 973 3681 et
1013 3629 1256 3699 impotem
1278 3645 1461 3690 sensu,
1486 3630 1670 3701 impari
1694 3647 1810 3685 eum

230 3731 365 3794 atque
393 3724 573 3793 iniquo
598 3722 888 3775 certaminis
916 3721 1142 3791 pondere
1168 3729 1532 3791 pra'grararet.

292 3812 449 3885 [Alias
473 3814 615 3869 Car.
649 3812 914 3885 XXXIU.|
945 3812 1002 3868 9..
1031 3814 1161 3881 Quis
1182 3813 1299 3870 bzcc
1326 3812 1604 3882 pra-dicari
1626 3824 1651 3863 ε
1671 3829 1701 3868 a
1724 3830 1808 3871 cae

228 3903 425 3961 tholieis
450 3907 598 3960 inter
613 3904 918 3960 catholicos
940 3904 1212 3971 crederet,
1242 3905 1344 3958 nisi
1360 3920 1478 3974 qua:
1502 3905 1553 3959 in
1575 3906 1815 3962 collocu-

230 3996 449 4053 tionibus
470 3996 796 4053 domesticis
820 4011 967 4065 stupe
990 3996 1210 4052 defensa
1240 4006 1387 4059 sunt.
1418 3997 1583 4052 etiam
1612 4001 1810 4069 scripta

226 4086 546 4159 legerentur?
560 4088 716 4145 Itane
737 4089 791 4144 in
815 4088 1072 4143 omnibus
1099 4089 1410 4145 hominibus
1444 4092 1812 4161 intelligetth

223 4184 399 4253 caligat
426 4185 659 4239 obtutus
683 4223 699 4249 ,
731 4192 785 4238 et
811 4196 843 4241 a
890 4184 1104 4237 cunctis
1145 4182 1403 4239 Ecclesia:
1435 4184 1559 4237 liliis
1588 4186 1810 4252 spiritus

223 4278 443 4333 scientia:
492 4287 554 4335 es
602 4277 822 4347 pictatis
861 4275 1122 4333 abscessit
1150 4316 1165 4340 ,
1197 4287 1258 4331 ut
1288 4292 1393 4331 non
1424 4273 1450 4311 ιι
1482 4279 1811 4335 erubescant

223 4368 449 4443 ingerere
470 4388 533 4432 se
554 4372 781 4443 iudiciis
806 4372 1099 4442 legentium
1136 4380 1245 4427 tam
1282 4370 1568 4429 inhonesta
1589 4376 1810 4431 menda-

220 4551 503 4606 apposuere
533 4536 769 4597 Lovan.,
794 4534 961 4589 Dnac.
1004 4542 1059 4589 et
1096 4532 1283 4606 Colon.
1319 4534 1510 4606 Postea
1538 4534 1802 4603 Mogunt.,

219 4605 307 4662 vult
332 4611 420 4665 illa
461 4610 640 4663 unire.
692 4606 860 4669 γεω,
886 4606 1078 4660 venire.
1117 4605 1316 4659 Deinde
1360 4605 1519 4659 iidem
1564 4609 1802 4671 codices,

220 4684 398 4735 arbitrii
439 4683 683 4734 libertate
705 4694 723 4731 :
751 4678 839 4731 ubi
872 4676 1040 4747 Lugd.
1071 4686 1123 4732 et
1156 4678 1503 4744 posteriores,
1553 4695 1641 4747 per
1668 4680 1804 4732 arbi-

219 4754 293 4807 trii
316 4754 630 4808 libertatem.
664 4749 792 4805 Mss.
823 4760 953 4811 tres,
984 4765 1048 4802 ea:
1076 4749 1278 4802 arbitrii
1310 4748 1564 4802 libertate.

278 4833 301 4861 ⁸
329 4825 506 4880 Editio
542 4824 796 4891 Lugdun.
827 4832 880 4875 et
905 4820 1253 4887 posteriores,
1288 4821 1597 4885 operaturis.

274 4892 300 4932 δ
325 4894 463 4951 Edit.
499 4897 747 4962 Mogunt.
776 4900 832 4947 et
852 4891 1064 4953 Venet..
1095 4892 1365 4960 sapientia:
1388 4907 1611 4946 sua"...
1640 4901 1687 4947 et
1707 4894 1807 4948 exi-

214 4965 323 5020 tium
352 4968 671 5032 pertulisset.

279 5049 298 5109 ?
329 5038 584 5109 Lugdnn.
621 5046 673 5090 et
700 5034 1214 5109 recentiores,‘colet
1242 5032 1431 5109 Deum.

274 5107 297 5145 ά
326 5106 452 5165 Haec
476 5109 671 5168 verba.
698 5123 760 5161 ac
786 5106 993 5162 domum
1021 5106 1154 5174 ejus,
1181 5122 1289 5159 non
1316 5106 1545 5175 legimus
1584 5106 1637 5161 in
1668 5121 1801 5164 mss.

212 5175 519 5249 Remigiano
547 5190 607 5235 et
638 5178 890 5240 Jnliensi,
925 5191 1023 5230 nec
1049 5179 1099 5230 in
1130 5178 1295 5246 Lugd.

278 5263 299 5289 ο
328 5248 423 5309 ills.
470 5253 616 5315 Joh,
660 5252 717 5304 in
745 5250 929 5316 faciem
950 5289 965 5313 ,
995 5250 1199 5319 absque
1243 5248 1563 5319 pronomine
1590 5294 1605 5316 ,
1638 5258 1800 5305 tuam.

212 5318 333 5378 Ven.
359 5326 557 5387 editio,
584 5322 911 5377 maledixerit
938 5320 1050 5372 tibi.

276 5394 294 5433 ί
325 5396 421 5451 bis.
457 5396 726 5457 Julii-usis
744 5436 758 5459 ,
786 5402 841 5445 et
861 5392 1103 5461 impotem
1130 5407 1331 5445 sensus.

272 5476 295 5514 8
321 5468 466 5523 Edit.
499 5468 744 5536 lingunt.
772 5473 828 5521 et
864 5464 1022 5536 Ven,
1070 5464 1361 5536 catholicis,
1391 5462 1511 5536 sine
1536 5467 1802 5530 pruinosi.-

208 5538 343 5595 tione
366 5557 401 5595 a
434 5557 453 5596 :
482 5549 540 5593 et
573 5533 721 5593 intra
746 5550 845 5605 pro
863 5535 1313 5598 collocutionibus,
1343 5533 1508 5605 Lugd.
1535 5544 1589 5589 et
1610 5551 1797 5591 reuen-

204 5608 357 5737 iiolres
389 5613 485 5668 illo
510 5610 739 5675 habent,
764 5606 1248 5673 colluctationibus;
1290 5621 1389 5661 nec
1410 5606 1659 5661 dissentit
1691 5624 1793 5663 ms.

232 5693 263 5737 0
285 5686 469 5737 tensis.

232 5682 469 5741 cliensis.

268 5754 291 5791 θ·
318 5755 579 5826 Lngdun.
632 5761 689 5808 et
721 5750 1041 5826 Lovan.._ut
1083 5766 1186 5803 non
1234 5749 1534 5826 erubesth
1558 5750 1796 5826 ingerere

198 5821 729 5900 iudiciis'legeutium
761 5833 863 5881 tam
888 5821 1153 5900 inhonesto
1174 5823 1463 5900 mendacio.
1498 5821 1603 5900 βίῃ
1625 5862 1651 5900 ._
1680 5822 1791 5900 Mo-

200 5894 323 5969 iuut
369 5909 427 5958 et
460 5894 689 5965 Venet"
724 5903 782 5949 ut
812 5909 916 5948 non
940 5894 1201 5949 erubescat
1234 5896 1463 5968 ingerere
1480 5894 1685 5965 judicio
1712 5895 1788 5953 le-

1831 4951 1887 5012 D

1920 3346 2414 3400 consummationem
2455 3346 2699 3399 uirtutum
2741 3346 3001 3415 peruenire
3032 3362 3133 3400 non
3171 3347 3389 3416 possint.
3447 3347 3512 3402 Et

1918 3448 2047 3511 post
2076 3439 2226 3505 haec,
2267 3447 2326 3492 ut
2357 3437 2618 3506 quosdam
2666 3438 2953 3506 prmveniri
2981 3446 3010 3476 ιι
3039 3453 3070 3491 a
3113 3440 3285 3509 gratia
3330 3453 3513 3495 osten-

1918 3530 2122 3598 dercs,
2172 3531 2226 3585 in
2268 3533 2629 3598 quorumdam
2671 3540 2850 3585 autem
2902 3532 3267 3601 praeeuntibus
3303 3533 3513 3589 meritis

1916 3638 2139 3681 causam
2223 3621 2586 3693 percipiendae
2654 3624 2841 3689 gratiae
2912 3623 3257 3689 collocares,
3326 3623 3509 3680 dixisti

1921 3717 2145 3788 (Supra,
2175 3734 2221 3771 c.
2248 3718 2301 3782 5,
2337 3734 2479 3771 num.
2503 3718 2583 3783 1),
2619 3717 2755 3783 Quid
2784 3734 2848 3770 ea:
2874 3734 2973 3787 quo
3004 3720 3221 3785 pendeat
3250 3719 3509 3774 dubitari:

1914 3810 1971 3864 id
2009 3820 2104 3874 est,
2135 3820 2335 3870 utrum,
2362 3811 2486 3879 quia
2522 3810 2725 3863 initium
2754 3809 2900 3863 bona.-
2927 3809 3204 3865 voluntatis
3234 3813 3509 3882 pra'bucri-

1916 3921 2061 3972 mus,
2096 3904 2401 3957 misereatur
2429 3902 2590 3956 nostri
2625 3901 2793 3964 Deus;
2824 3919 2892 3956 an
2941 3905 3065 3973 quia
3092 3902 3233 3959 Deus
3269 3906 3507 3960 miserea-

1914 4006 2026 4063 tur,
2068 4010 2437 4066 consequamur
2466 3996 2610 4048 bona:
2641 3995 2913 4048 toluntatis
2942 3996 3166 4050 initium.
3200 3998 3347 4065 Quas
3374 3998 3507 4054 duas

1913 4092 2133 4163 regulas
2185 4106 2252 4146 ne
2308 4092 2360 4144 in
2409 4089 2666 4159 ambiguo
2717 4090 3090 4161 relinqueres,
3150 4100 3177 4129 ο
3225 4102 3507 4163 utramque

1917 4185 2202 4256 exemplis,
2228 4195 2287 4239 ut
2320 4183 2415 4237 tibi
2448 4184 2620 4238 visum
2644 4193 2728 4237 est
2756 4183 2995 4249 idoneis,
3024 4186 3234 4241 munire
3272 4188 3504 4253 curasti;

1917 4278 2207 4335 uuam.de
2260 4276 2409 4332 Pauli
2453 4284 2508 4331 et
2562 4276 2797 4331 Mattltmi
2849 4278 3101 4334 coactitia
3149 4278 3507 4334 conversione

1918 4376 2283 4437 conﬁrmans,
2316 4383 2343 4423 ι’
2374 4370 2534 4426 aliam
2560 4370 2628 4425 de
2657 4370 2904 4427 Zacchaei
2947 4381 3000 4427 et
3042 4372 3271 4427 latronis
3319 4374 3508 4429 volun-

1912 4536 2138 4609 gentium
2166 4546 2270 4609 tam
2310 4534 2489 4609 inanes
2516 4530 2745 4609 fabula.
2797 4541 2898 4585 tam
2927 4533 3197 4609 inhonesta
3239 4534 3507 4590 mendacia

1912 4602 1987 4660 uir
2032 4608 2219 4677 gravis.
2255 4614 2359 4657 etc.
2394 4605 2483 4677 Me,
2522 4602 2652 4677 ξομ,
2704 4610 2758 4655 ut
2797 4620 2908 4677 non,
2938 4602 3354 4677 erubescant”...
3401 4616 3504 4659 tam

1910 4674 2087 4731 inanes
2108 4676 2317 4745 fabula,
2348 4687 2450 4727 tam
2466 4675 2735 4727 inhonesta
2758 4674 3053 4727 mendacia?
3072 4674 3163 4728 Vir
3184 4677 3375 4745 granis,
3395 4686 3499 4731 t-tc.

1914 4749 1971 4803 In
1996 4766 2088 4803 ora
2124 4750 2289 4802 Duae.
2323 4757 2375 4799 et
2406 4745 2623 4805 Colon.,
2654 4747 2745 4813 qui
2777 4747 2957 4814 legunt
2986 4755 3041 4799 ut
3082 4748 3223 4815 Mog.
3252 4757 3307 4800 et
3341 4746 3498 4813 Ven.,

1912 4830 2037 4891 post
2065 4830 2168 4873 tam
2211 4820 2481 4872 inhonesta
2522 4816 2821 4885 mendacia,
2855 4821 3102 4888 apposito
3126 4831 3337 4873 comate
3360 4861 3375 4886 ,
3412 4816 3504 4871 Vir

1947 4894 2101 4953 ναυξκ.
2134 4901 2239 4946 etc.

1910 4911 2101 4965 gratus,
2134 4911 2239 4946 etc.

1988 4964 2003 5002 ί
2038 4964 2116 5017 Ita
2148 4978 2277 5017 mss.
2307 4962 2472 5018 Corb.
2506 4972 2559 5017 et
2615 4960 2827 5030 Remig.
2857 4975 2979 5014 cum
3003 4959 3132 5015 edit.
3161 4959 3399 5028 lingunt.
3448 4970 3503 5014 et

1912 5035 2050 5092 Ven.
2087 5038 2157 5088 At
2184 5034 2426 5103 Lngdun.
2461 5045 2514 5089 et
2540 5034 2633 5088 illo
2663 5034 2996 5087 recentiores
3022 5032 3313 5103 editiones,
3342 5030 3496 5103 ﬁdem

1910 5101 2302 5171 Christianam,
2360 5122 2479 5159 voce
2509 5107 2868 5159 ecclesiastica.
2912 5103 3011 5157 Ms.
3044 5102 3333 5167 Jolicnsis,
3396 5101 3498 5170 ﬁde

1909 5178 2221 5237 Christiana.
2246 5193 2366 5231 vace
2388 5178 2746 5231 ecclesiastica.

1980 5252 1995 5321 l
2030 5252 2126 5305 Ms.
2157 5249 2415 5311 Joliens”
2439 5248 2594 5321 ltujus
2624 5250 2781 5301 enim.

1977 5318 2005 5361 ι
2038 5322 2134 5377 Ms.
2170 5320 2443 5383 Juliensis,
2476 5318 2593 5373 arae
2612 5322 2889 5372 destructa.

1979 5390 1999 5431 ι
2036 5393 2279 5463 Lugtlun.
2329 5402 2383 5448 et
2429 5392 2761 5459 posteriores
2787 5432 2805 5463 ,Α
2832 5394 2998 5458 posset
3028 5383 3260 5451 extendi,
3297 5402 3497 5459 semper

1906 5479 2023 5517 uero
2044 5483 2077 5517 a
2110 5460 2329 5542 Domino
2350 5465 2545 5542 indiget
2568 5460 2826 5542 adjuvari.
2952 5528 2983 5542 Δ.
3384 5532 3395 5542 ·

1977 5545 2016 5572 ω
2048 5538 2147 5590 Ms.
2183 5535 2469 5595 Joliensis,
2521 5536 2590 5586 ad
2643 5535 3134 5585 consummationem
3192 5535 3491 5599 pervenire,

1903 5608 2101 5665 omissa
2129 5607 2229 5661 hac
2256 5622 2407 5671 V008,
2437 5608 2700 5659 uirtutum.

1972 5688 2003 5716 η
2034 5681 2133 5736 Ms.
2171 5681 2323 5732 Rern.
2358 5689 2409 5730 et
2440 5677 2568 5730 edit.
2604 5672 2874 5749 Lugdun.,
2908 5674 2977 5725 ad
3006 5673 3245 5749 gratiam.

1974 5760 1999 5787 °
2031 5751 2317 5805 Editiones
2337 5750 2574 5813 Mttgttttt.
2604 5757 2658 5798 et
2684 5744 2839 5804 Ven..
2866 5744 3155 5814 utrumque.

1970 5833 1997 5872 ιι
2029 5824 2128 5879 Ms.
2162 5822 2292 5901 Jol.,
2317 5821 2483 5891 Lugd.
2507 5818 2639 5874 edit.
2682 5825 2739 5873 et
2764 5822 3118 5883 posteriores,
3139 5817 3381 5901 alteram;
