4028 6352
475 369 586 428 255
1402 330 1413 338 ”
1714 352 1777 411 s.
1814 346 2156 408 pnospsnt
2192 348 2520 420 scurram:
3655 337 3767 399 sse

480 487 618 545 taria
649 483 758 542 fide
802 480 1098 544 roborans;
1130 487 1363 547 quorum
1393 468 1722 527 desiderium
1758 478 1787 507 ι
1825 478 1931 525 tam
1956 468 2073 524 vio-
2099 468 2155 532 Α
2178 478 2447 539 nequeat,
2482 467 2653 524 sancti
2680 465 2783 524 Job
2825 465 3111 523 constituis
3136 463 3443 536 exemplum
3472 506 3487 533 ,
3542 462 3636 535 qui
3672 463 3765 520 ad-

481 582 691 639 lentum
713 577 851 634 dicis
875 572 1042 629 fuisse
1081 570 1299 643 (Supra,
1332 583 1376 621 c.
1410 566 1466 634 7,
1495 581 1633 619 num.
1664 564 1743 633 ί),
1774 572 1831 619 ut
1885 564 1954 617 ad
1997 564 2079 617 in-
2181 575 2370 616 versus
2393 560 2541 616 illam
2560 560 2824 631 insignem
2843 559 3127 616 diabolica:
3147 556 3765 614 smvititecrudelitatem

479 674 770 732 vadendum
807 682 1022 742 regnum
1048 666 1294 719 caelorum
1324 659 1571 733 specialia
1594 658 1874 713 vocationis
1897 654 1925 695 ιι
1962 672 2079 709 mo-
2182 653 2302 709 sine
2331 654 2424 709 Dei
2462 653 2713 724 praesidio
2744 653 3040 709 decertarit
3071 670 3083 704 :
3116 662 3170 708 et
3192 660 3512 722 argumento
3541 651 3769 720 probare

482 768 595 822 nita
626 762 984 836 prcevenirent.
1018 755 1226 812 Deinde
1254 766 1548 823 progressu
1570 749 1989 821 disputationis,
2023 757 2082 803 ut
2185 746 2379 802 niteris
2402 786 2415 812 ,
2449 746 2593 817 quod
2628 746 2741 815 ipse
2770 744 3187 801 cruentissimus
3210 742 3465 800 inimicus
3490 742 3770 799 confessus

480 856 910 916 incolumitatem
955 848 1233 906 interioris
1250 846 1485 903 hominis
1529 844 1828 916 patefacias
1857 842 2079 915 (Supra,
2182 838 2272 904 sit,
2326 853 2433 892 non
2465 837 2677 893 Domini
2705 879 2721 904 ,
2759 838 2856 894 sed
2881 837 2983 893 Job
3010 853 3070 893 se
3100 837 3303 892 virtute
3333 846 3647 907 superatum
3674 878 3687 902 ,
3716 836 3769 891 in

481 967 531 1005 c.
562 949 618 1019 9,
648 964 790 1003 num.
818 946 899 1017 2);
940 943 1120 1014 ipsum
1148 940 1315 996 Adam
1358 939 1650 1008 concepisse
1679 937 1903 1008 quidem,
1930 951 2083 1006 quam
2184 946 2251 987 eo
2276 930 2421 1002 quod
2451 930 2553 987 sibi
2583 932 2635 986 in
2665 931 2916 1000 graviore
2938 929 3191 986 conﬂictu
3221 929 3447 1000 gratiam
3478 928 3579 983 Dei
3605 927 3775 984 obsti-

481 1062 585 1100 non
640 1042 890 1107 habebat,
944 1048 969 1078 ε
1014 1037 1281 1092 scientiam
1307 1033 1476 1099 mali;
1515 1032 1605 1087 sed
1633 1046 1787 1101 quam
1818 1037 2085 1100 acceperat
2186 1024 2318 1078 tisse
2343 1038 2452 1078 non
2477 1022 2614 1078 dixit
2642 1040 2656 1078 :
2691 1023 2842 1094 quasi
2874 1022 2959 1077 vir
2984 1022 3078 1078 ille
3104 1022 3159 1076 in
3185 1020 3398 1078 damnis
3440 1028 3605 1092 atque
3630 1020 3774 1076 orbi-

487 1137 606 1191 boni
638 1134 929 1199 scientiam,
961 1146 1065 1185 non
1093 1128 1325 1183 amisisse
1352 1124 1670 1181 confirmas.
1697 1121 1940 1193 Cumque
1982 1121 2087 1177 hoc
2184 1116 2383 1172 tatibus
2420 1115 2672 1171 debuerit
2720 1130 2955 1185 superna
2985 1114 3325 1186 protectione
3358 1112 3699 1184 circnmtegi,
3724 1113 3775 1168 in

485 1230 648 1287 etiam
670 1201 740 1284 ex
764 1226 1169 1296 comparatione
1198 1222 1485 1294 impiorum
1518 1218 1753 1290 probare
1780 1218 2048 1272 voluisses
2068 1260 2081 1283 ,
2186 1210 2367 1265 carnis
2398 1220 2578 1265 autem
2629 1224 2741 1263 sua:
2771 1209 3074 1278 animaeque
3103 1206 3391 1263 tormentis
3420 1221 3526 1261 non
3568 1204 3778 1276 eguerit

483 1322 538 1377 in
572 1320 624 1376 id
652 1334 821 1389 usque
851 1317 1138 1389 prolapsus
1166 1329 1255 1381 es,
1286 1321 1343 1367 ut
1377 1312 1747 1383 proclamares
1775 1310 2001 1379 (Supra,
2035 1325 2083 1363 c.
2188 1302 2451 1373 adjuvari.
2504 1303 2563 1358 Si
2603 1317 2735 1374 ergo
2764 1301 2867 1358 hac
2898 1300 3272 1373 magnitudine
3306 1300 3510 1367 animi,
3564 1301 3580 1337 ί
3615 1315 3776 1370 quam

486 1416 575 1483 il,
603 1430 744 1469 num.
776 1412 857 1484 '2),
893 1408 1186 1467 Cavendum
1238 1406 1383 1461 nobis
1410 1422 1546 1473 esse,
1587 1422 1649 1460 ne
1687 1405 1762 1458 ita
1792 1404 1858 1457 ad
1907 1400 2077 1455 Deum
2188 1394 2333 1449 illata
2358 1409 2455 1464 per
2476 1393 2719 1465 singulos
2742 1408 3043 1463 omnesque
3067 1400 3215 1446 artus
3234 1400 3316 1446 tot
3342 1390 3600 1446 mortium
3624 1406 3779 1459 poena

486 1507 663 1563 omnia
692 1513 988 1560 sanctorum
1014 1500 1199 1555 merita
1238 1499 1542 1570 referamus,
1576 1506 1633 1551 ut
1661 1496 1791 1549 nihil
1823 1495 1921 1549 nisi
1948 1494 2084 1565 quod
2189 1500 2299 1541 non
2328 1495 2582 1555 superat,
2616 1484 2630 1535 i
2666 1484 2798 1540 nihil
2823 1485 2964 1540 inter
2994 1492 3306 1539 sanctorum
3336 1484 3545 1553 palmas
3576 1497 3780 1538 memo-

486 1600 681 1654 malum
716 1605 788 1652 est
815 1596 1056 1649 humana!
1104 1593 1419 1649 ascribamus
1459 1601 1677 1646 natura.
1724 1590 1791 1646 Et
1830 1605 1897 1645 ne
1948 1591 2089 1647 hanc
2189 1578 2435 1644 rabilius,
2471 1576 2608 1632 nihil
2633 1577 2909 1631 invenitur
2946 1576 3253 1641 illustrius,
3280 1573 3307 1612 ι
3330 1590 3557 1645 eamque
3580 1573 3784 1629 asseris

490 1692 518 1731 τι
550 1700 798 1747 naturam
836 1690 975 1745 uuas
1014 1690 1066 1743 in
1099 1686 1548 1757 pravaricaiionc
1579 1684 1709 1738 Αάπ
1735 1683 2088 1738 crederemus
2190 1686 2255 1726 ex
2280 1670 2517 1725 humana
2548 1678 2752 1725 tantum
2779 1668 2978 1724 virtute
3006 1669 3307 1724 subsistere
3338 1686 3350 1721 :
3379 1667 3507 1739 quid
3532 1669 3644 1723 erit
3669 1668 3783 1722 lau-

491 1787 741 1843 amlsisse
766 1764 995 1840 virtutes
1016 1825 1031 1849 ,
1074 1779 1313 1837 deﬁnisti
1352 1789 1461 1834 tam
1495 1778 1803 1834 incolumes
1825 1794 1946 1834 esse
1972 1793 2082 1832 om-

2190 1764 2274 1818 dis
2302 1778 2365 1819 ac
2414 1764 2615 1832 meriti,
2643 1763 2786 1833 quod
2811 1762 2952 1817 inter
2977 1762 3153 1817 studia
3187 1761 3385 1833 quietis
3413 1771 3469 1817 et
3497 1762 3644 1832 pacis
3679 1776 3777 1817 ne-

492 1880 643 1936 nium
676 1877 958 1933 hominum
986 1874 1198 1929 animas
1228 1872 1574 1937 naturaliter,
1606 1886 1768 1941 quam
1800 1870 1900 1924 fuit
1925 1870 2086 1940 primi
2116 1862 2165 1924 B
2191 1866 2352 1927 queal
2385 1857 2596 1911 arbil'ii
2646 1855 2895 1911 οδιίηετθ
2922 1855 3144 1911 liberm
3169 1895 3182 1919 ν
3220 1869 3379 1924 quam
3412 1853 3465 1908 ίη
3499 1854 3635 1908 um“
3678 1854 3785 1909 ῧηο

494 1964 2089 2040 hominisantepeccatum,dicendo(Supra,c.13,num.l),
2193 1948 2509 2005 οθτῐθῐηίηίε
2537 1949 2604 2003 de
2633 1947 2746 2003 δυίδ
2777 1946 2979 2003 Viribus
3015 1945 3326 2040 οοιξοηδειίῗ

432 2075 460 2099 ⁸
499 2064 742 2120 Dubitari
770 2037 896 2135 ergd
920 2078 1023 2116 non
1052 2070 1245 2134 potest,
1276 2064 1439 2115 inesse
1468 2059 1607 2113 omni
1629 2058 1816 2112 anima:
1841 2068 2023 2112 natura

2262 2042 2317 2095 2.
2348 2042 2543 2107 Quaero
2574 2041 2737 2111 igitur
2784 2040 2879 2093 abs
2908 2048 2993 2104 te,
3021 2038 3340 2094 videaturne
3391 2037 3487 2093 tibi
3516 2037 3600 2092 vir
3633 2038 3739 2094 iste
3771 2082 3782 2104 ,

496 2171 570 2216 ter
590 2159 831 2213 virtutum
861 2155 1079 2222 semina,
1100 2154 1343 2224 beneﬁcio
1373 2152 1628 2209 Creatoris
1659 2152 1873 2206 inserta.
1899 2149 2087 2206 Consi-

2197 2147 2315 2188 cum
2361 2132 2471 2187 illis
2519 2148 2637 2201 quae
2686 2131 2911 2202 legimus
2958 2130 3238 2201 suppliciis
3282 2129 3637 2200 probaretur,
3691 2130 3788 2185 ha-

493 2250 699 2308 deratis
740 2265 868 2319 ergo
908 2248 993 2303 his
1021 2222 1433 2303 definitionibus
1463 2244 1572 2299 tuis
1595 2290 1609 2314 ,
1642 2259 1748 2299 non
1780 2253 1865 2300 est
1907 2244 2084 2299 occul-

2195 2225 2376 2281 buisse
2406 2224 2428 2262 ι
2462 2225 2518 2279 in
2548 2240 2607 2280 se
2629 2224 2891 2294 Spiritum
2918 2224 3206 2278 sanctum?
3237 2223 3294 2278 Si
3325 2222 3580 2278 habuisse
3612 2222 3785 2289 dicis,

494 2352 631 2408 tum,
662 2314 924 2413 quanlum
950 2341 1018 2395 ab
1044 2340 1188 2394 illius
1208 2337 1493 2394 sententia:
1520 2337 1752 2412 sanitate
1772 2336 2085 2405 desciveris,

2196 2331 2402 2376 certum
2442 2328 2531 2375 est
2576 2318 2703 2389 quia
2733 2318 2876 2373 Deus
2906 2332 3066 2387 quem
3110 2330 3217 2371 non
3248 2314 3519 2382 deseruit,
3559 2314 3787 2384 adjuvit.

494 2439 548 2492 in
587 2408 695 2506 qua
724 2434 866 2505 quod
906 2431 1253 2488 tribuendum
1285 2441 1403 2485 erat
1433 2430 1623 2501 gratiae
1650 2408 1918 2484 fallaciter
1956 2445 2085 2499 pra:-

2198 2415 2250 2469 Si
2294 2421 2473 2470 autem
2503 2412 2791 2468 recessisse
2820 2410 2889 2465 ab
2927 2426 2995 2467 eo
3024 2410 3285 2480 Spiritum
3316 2408 3482 2483 348
3540 2418 3789 2464 sanctum

492 2527 730 2584 dicando
748 2567 762 2593 ,
787 2525 1187 2582 catholicarum
1212 2522 1306 2578 tibi
1332 2522 1541 2579 aurium
1572 2522 1776 2592 judicia
1803 2524 2083 2579 conciliare

2200 2506 2427 2573 dixeris;
2474 2505 2825 2577 propheticus
2867 2514 2921 2560 te
2964 2504 3210 2575 ejusdem
3241 2518 3424 2558 sermo
3476 2503 3791 2567 convincit,

492 2620 744 2685 voluisti,
788 2619 985 2689 quibus
1034 2617 1105 2673 de
1130 2627 1155 2654 υ
1184 2616 1482 2687 praemissa:
1519 2615 1875 2685 prolessionis
1915 2614 2083 2672 fronte

2204 2599 2454 2663 dicentis,
2490 2597 2612 2653 Scio
2644 2597 2777 2651 enim
2803 2596 2941 2667 quod
2971 2595 3300 2666 Redemptor
3322 2610 3464 2649 meus
3484 2603 3524 2631 ω
3555 2595 3710 2659 vivat,
3746 2604 3795 2649 et

494 2712 705 2769 securis
728 2754 744 2779 ,
786 2711 949 2768 lacile
977 2709 1268 2781 sequentia
1298 2710 1635 2778 irreperent,
1672 2707 1717 2762 si
1757 2708 1929 2778 prima
1975 2709 2092 2779 pla-
2195 2692 2250 2745 in
2279 2690 2551 2745 novissimo
2579 2690 2665 2750 die
2710 2689 2775 2742 de
2810 2698 2945 2742 terra
2982 2697 3307 2742 surrecturus
3343 2688 3442 2742 sim
3464 2727 3481 2753 ,
3529 2698 3576 2742 et
3613 2704 3795 2742 rursus

494 2804 760 2860 coissent.

2198 2784 2555 2838 circumdabor
2582 2782 2716 2851 pelle
2739 2799 2873 2848 mea,
2906 2792 2953 2837 et
2976 2784 3030 2838 in
3050 2799 3205 2838 carne
3226 2797 3337 2837 mea
3358 2782 3538 2837 videbo
3558 2791 3586 2819 ιι
3600 2780 3788 2851 Deum,

997 2893 1157 2965 347
1197 2889 1431 2947 CAPUT
1470 2889 1587 2945 XV,
2198 2893 2348 2948 quem
2393 2877 2589 2930 visurus
2617 2892 2731 2930 sum
2758 2892 2850 2946 ego
2885 2876 3023 2945 ipse,
3070 2884 3119 2930 et
3154 2874 3292 2929 oculi
3334 2875 3433 2928 mei
3469 2876 3797 2942 conspecturi

499 2989 682 3044 Libero
710 2988 925 3041 arbitrio
950 2996 1170 3056 quantas
1198 2985 1327 3037 vires
1366 2982 1557 3036 tribuat
1584 2980 1885 3037 Cassianus.
1913 2980 2012 3036 Job
2040 2983 2097 3036 in
2197 2979 2322 3026 ηιηε
2342 3012 2357 3035 ο
2410 2979 2460 3023 ετ
2480 2986 2583 3023 ηοη
2612 2968 2746 3022 alius
2778 2984 2794 3022 -'
2821 2968 3048 3040 τεροδὶια
3075 2976 3147 3023 εει
3179 2969 3289 3023 ha“
3315 2984 3435 3037 εροδ
3458 2984 3572 3022 πιθα
3592 2968 3647 3020 in
3678 2968 3797 3022 δίηκ

569 3060 810 3135 φημίσαι
835 3055 1184 3135 σημηίάὶαροιρ
1206 3071 1301 3135 ‘3“!
1323 3056 1485 3123 ίρδίυε
1511 3056 1695 3135 ﬁrmi"
1714 3055 1895 3135 ρὶεξζξεᾳ
1924 3064 2093 3135 ruta!-
2199 3081 2311 3119 sneo
2342 3062 2484 3135 (Joh.
2516 3078 2629 3128 xu,
2659 3060 2779 3132 25).
2804 3060 2959 3129 Quod
2997 3063 3041 3116 si
3081 3060 3148 3117 de
3176 3060 3556 3116 incarnatione
3582 3060 3800 3116 Domini

570 3124 765 3186 Contra
794 3128 1040 3199 probatur
1069 3126 1170 3181 Job
1198 3125 1377 3179 vicisse
1405 3126 1603 3179 auxilio
1627 3124 1745 3179 Dei.
1790 3124 2099 3180 Tolerantia:

574 3204 825 3273 fortitudo
867 3215 971 3273 non
1028 3198 1125 3273 nisi
1160 3213 1242 3273 _ea_:
1290 3196 1458 3273 gratia
1495 3195 1613 3273 pei.
1653 3196 2095 3273 Cassianierror,
2125 3246 2161 3273 ﬂ

2211 3161 2372 3215 nostri
2424 3157 2551 3213 Jesu
2588 3155 2841 3222 Christi,
2885 3171 2948 3211 ac
2985 3156 3389 3212 resurrectione
3420 3154 3539 3225 ejus
3577 3154 3669 3225 qui
3716 3163 3802 3209 est

2211 3249 2455 3273 .._.!--:n!...
2490 3248 2872 3273 A-_m:-..a:.._
2932 3254 2981 3273 Α.
3018 3247 3083 3273 ,1,-
3112 3261 3205 3273 ιιηι.
3234 3246 3629 3273 -ΑΑΑ-υι-ιιζιιιιζι.
3678 3262 3799 3273 ι...-

573 3239 807 3326 ίήνιιιιειη
843 3268 1111 3323 resistendi
1150 3239 1389 3321 habuisse
1417 3264 1520 3320 Job
1559 3283 1622 3321 ex
1657 3267 1818 3322 libero
1840 3267 2053 3321 arbitrio
2078 3239 2095 3336 ξ
2124 3246 2164 3315 C

2208 3249 2457 3322 primitiae
2488 3248 2899 3313 dormientium,
2929 3254 2986 3303 et.
3012 3247 3084 3321 de
3111 3261 3207 3316 spe
3234 3246 3653 3317 redemptionis,
3676 3262 3799 3316 qua:

574 3359 677 3397 non
712 3358 774 3396 ea:
801 3343 992 3413 gratia.
2205 3344 2262 3400 in
2286 3344 2403 3414 ipso
2422 3343 2653 3414 reposita
2676 3349 2762 3398 est
2781 3340 3035 3397 omnibus
3058 3341 3284 3411 sanctis,
3307 3352 3457 3397 recte
3481 3340 3804 3410 intelligitur

573 3434 741 3510 [Alias
769 3433 902 3489 Car.
930 3429 1197 3504 XXXIVJ
1222 3432 1274 3487 l.
1315 3430 1423 3488 Sed
1449 3430 1709 3486 hactenus
1730 3445 1800 3487 ne
1829 3430 1882 3486 in
1922 3440 2096 3487 totum
2207 3435 2621 3507 prophetatum;
2676 3433 2960 3489 manifeste
3002 3442 3227 3504 apparet
3263 3448 3367 3487 non
3401 3432 3727 3490 discessisse
3772 3446 3804 3488 a

502 3527 772 3584 videreris
800 3541 830 3580 a
864 3524 1081 3596 praeﬁxa
1128 3523 1311 3595 regula
1351 3523 1700 3593 discrepare,
1734 3522 1807 3577 ita
1838 3524 2097 3578 virtutum
2205 3529 2407 3597 templo
2438 3544 2537 3584 suo
2565 3528 2794 3599 gratiam
2846 3527 2973 3593 Dei,
3004 3538 3059 3583 et
3083 3528 3277 3583 fecisse
3305 3527 3416 3599 jam
3456 3538 3584 3584 tunc
3614 3528 3808 3584 Domi-

502 3621 932 3688 meritorumque
955 3613 1254 3687 principial
1280 3616 1500 3671 alibero
1523 3613 1755 3671 arbitrio
1775 3613 1844 3670 ad
1867 3615 2097 3686 gratiam
2205 3636 2333 3676 num
2364 3628 2388 3655 ο
2420 3622 2475 3675 in
2521 3621 2625 3675 hoc
2671 3629 2860 3674 sancto
2893 3633 3016 3683 suo,
3051 3619 3194 3689 quod
3225 3632 3413 3690 postea
3454 3622 3507 3673 in
3538 3621 3808 3689 apostolis

502 3714 849 3781 transtulisti,
882 3721 907 3760 σ
931 3720 991 3767 ιιι
1012 3712 1162 3782 ipsos
1188 3711 1451 3767 bonorum
1479 3708 1880 3766 desideriorum
1910 3710 2099 3765 volun-
2206 3712 2607 3785 etmartyribns
2628 3713 2741 3768 suis
2766 3711 3069 3782 spondebat
3088 3726 3210 3768 esse
3233 3712 3565 3778 faciendum,
3587 3712 3806 3782 dicens,

503 3810 671 3866 tarios
720 3815 898 3862 motus
932 3806 1052 3861 sine
1082 3804 1286 3860 auxilio
1314 3804 1406 3859 Dei
1449 3818 1551 3858 nec
1594 3804 1820 3874 provehi
1851 3805 2103 3860 fatereris
2204 3805 2335 3862 Cum
2369 3815 2540 3860 autem
2570 3807 2772 3860 tradent
2799 3822 2906 3871 vos,
2955 3806 3117 3862 nolite
3152 3808 3378 3878 cogitare
3422 3807 3681 3873 quomodo
3713 3817 3809 3862 aut

503 3917 699 3975 posse,
728 3916 830 3956 nec
856 3897 1048 3970 perfici
1087 3914 1104 3955 :
1131 3912 1276 3953 nunc
1301 3911 1433 3951 vero
1462 3905 1677 3951 remoto
1719 3896 1929 3966 longius
1956 3898 2099 3967 Deo,
2203 3898 2331 3970 quid
2361 3897 2643 3968 loquamini
2672 3915 2690 3953 :
2722 3898 2929 3953 dabitur
2963 3900 3100 3953 enim
3125 3900 3262 3954 vobis
3290 3901 3343 3954 in
3371 3900 3467 3953 illa
3502 3901 3633 3955 hara
3676 3901 3810 3971 quid

507 4002 564 4049 et
601 4010 630 4047 a
660 3991 1064 4048 sustentatione
1106 3989 1341 4044 hominis
1370 3998 1655 4059 separato,
1698 3999 1897 4043 tantam
1933 3990 2102 4047 libero
2207 3992 2494 4062 loquamini
2540 4007 2558 4045 :
2612 4008 2713 4046 non
2766 3992 2903 4046 enim
2947 4008 3034 4046 vos
3083 3993 3202 4047 estis
3235 3994 3325 4063 qui
3369 3994 3672 4063 loquimini,
3715 3996 3813 4049 sed

507 4086 736 4141 arbitrio
764 4082 794 4124 ιι
826 4082 1122 4154 potentiam
1149 4082 1373 4148 tribuis,
1411 4092 1469 4136 ut
1499 4098 1608 4137 non
1638 4082 1816 4137 solum
1855 4083 2103 4139 amissio-
2208 4084 2443 4155 Spiritus
2470 4082 2649 4137 Patris
2672 4084 2843 4149 vestri,
2872 4084 2961 4154 qui
2986 4085 3214 4155 loquitur
3239 4087 3293 4139 in
3320 4086 3457 4140 vobis
3479 4085 3698 4156 (Matth.
3741 4104 3775 4144 ι
3795 4132 3810 4156 ,

508 4194 631 4235 nem
657 4177 1036 4248 multiplicium
1067 4174 1405 4242 facultatum,
1435 4184 1485 4229 et
1514 4174 1678 4230 totius
1696 4174 1854 4229 simul
1886 4175 2100 4232 familiae
2205 4177 2319 4248 l9).
2347 4175 2488 4243 Quid
2514 4192 2639 4230 eum
2669 4176 2812 4231 idem
2857 4186 3076 4231 sanctus
3123 4178 3815 4248 ineptisconsolatorihus

508 4287 573 4327 ac
616 4267 1079 4325 necessitudinum
1125 4264 1539 4322 acerbissimum
1581 4267 1741 4321 finem
1788 4277 2102 4326 constanter
2202 4268 2588 4339 responderet,
2615 4278 2642 4317 Ρ
2672 4282 2854 4324 nonne
2893 4268 2950 4323 in
2972 4268 3068 4323 Dei
3101 4269 3298 4324 fidebat
3324 4270 3562 4337 auxilio,
3592 4273 3815 4339 dicens,

507 4359 993 4433 aequanimiterque
1019 4358 1315 4428 suscipiat;
1338 4356 1435 4413 sed
1472 4357 1641 4428 ipsius
1670 4373 1883 4429 quoque
1906 4376 2101 4430 corpoo
2209 4362 2313 4430 Qui
2335 4361 2601 4415 deridetur
2625 4359 2690 4414 ab
2717 4361 2885 4415 amico
2924 4377 3040 4428 suo,
3080 4361 3213 4415 sicut
3239 4378 3354 4433 ego,
3397 4363 3656 4418 invocabit
3699 4364 3816 4419 Do-

509 4458 586 4510 ris
615 4454 823 4525 proprii
850 4452 1150 4508 inefl'abiles
1195 4451 1469 4508 cruciatus
1500 4451 1783 4521 proposito
1819 4452 1977 4508 nudae
2007 4469 2108 4511 vo-
2204 4456 2426 4521 minum,
2453 4464 2499 4508 et
2530 4455 2771 4509 exaudiet
2799 4456 3073 4527 eum(.lob.
3094 4472 3187 4520 xu,
3208 4455 3306 4526 4)?
3334 4455 3443 4511 Aut
3472 4458 3761 4515 nesciebat
3786 4470 3815 4511 ς

508 4548 734 4604 lnntatis
775 4546 1007 4601 evincat.
1052 4544 1119 4600 Et
1158 4552 1217 4599 ut
1242 4542 1479 4599 dubitari
1519 4542 1651 4599 hinc
1691 4543 2001 4616 disputante
2048 4558 2101 4606 te
2206 4565 2273 4605 cx
2302 4548 2398 4604 illo
2427 4562 2487 4604 se
2536 4546 2737 4603 habere
2770 4547 2914 4619 quod
2950 4548 3223 4615 habebat,
3254 4548 3323 4605 de
3352 4564 3462 4619 quo
3494 4551 3603 4616 ait,
3647 4553 3817 4623 Apud

585 4742 610 4806 ξι
633 4732 911 4806 Editiones
937 4730 1259 4806 Mogunl._el
1286 4727 1445 4797 γαπ..
1478 4737 1582 4783 tam
1610 4728 1801 4785 volens.
2122 4740 2178 4801 Ι)
2202 4743 2378 4806 gunt.,
2409 4749 2513 4804 qua
2541 4732 2709 4787 illata.
2742 4732 2906 4799 Ven.,
2936 4748 3039 4804 qua
3067 4733 3388 4790 illatam”...
3418 4732 3665 4787 mortium
3698 4753 3821 4806 ρω-

582 4802 609 4843 δ
632 4804 731 4860 ills.
763 4801 1044 4871 Joliensis,
1069 4801 1269 4873 merita.
1332 4872 1335 4873 7
2204 4801 2329 4860 nam
2351 4801 2577 4873 superat.

587 4888 609 4915 c
637 4875 818 4952 Εάῑιξο
843 4875 1038 4952 Lugd”
1063 4872 1427 4952 conscientiam
1456 4873 1582 4952 mali
1593 4889 1617 4952 7;
1646 4872 1735 4928 sed
1776 4873 1915 4944 quod
1956 4891 2103 4930 acce-
2221 4951 2229 4952 7
2286 4878 2297 4927 i
2340 4872 2468 4930 Mss.
2499 4874 2660 4931 Corb.
2688 4884 2743 4930 et
2783 4875 3019 4952 Remig.,
3068 4875 3201 4929 nihil
3242 4874 3361 4946 plus
3391 4876 3528 4929 intra
3564 4875 3822 4952 (Remig.

514 4960 683 5021 perat.
710 4945 1014 5021 7etiam_boni
1040 4944 1306 4999 scientiam
1327 4946 1705 5021 nonamisisse.
1774 5018 1821 5021 μ
2212 4951 2371 5021 inter)
2400 4956 2697 4999 sanctorum
2727 4944 3083 5015 palmas,'etc.

585 5018 612 5058 ἀ
646 5018 824 5075 Editio
870 5016 1066 5087 Lugd.,
1090 5025 1311 5089 naturas
1359 5015 1518 5089 ullus.
1573 5015 1719 5071 Edit.
1772 5018 2012 5089 Mogunl.
2047 5027 2104 5075 et
2284 5018 2312 5056 ιι
2344 5018 2753 5089 Edit.7Mngunt.
2780 5029 2835 5073 et
2861 5019 3022 5083 Ven.,
3052 5034 3290 5089 cumque.
3322 5016 3517 5088 Lugd.,
3551 5034 3741 5087 caque.

515 5093 679 5156 \’en.,
707 5106 802 5160 pro
827 5086 1051 5163 animus,
1089 5086 1287 5163 habent
1311 5088 1562 5163 animos._
1776 5159 1819 5163 __
1864 5086 1884 5089 ⁷
2244 5162 2251 5163 7
2292 5089 2308 5127 ι
2348 5090 2449 5145 Ms.
2482 5086 2737 5163 .loliensis
2766 5099 2913 5145 caret
2935 5090 3049 5156 his,
3077 5091 3132 5143 in
3152 5086 3206 5144 se
3234 5104 3253 5142 :
3311 5086 3425 5143 tum
3452 5105 3581 5145 vero
3611 5095 3830 5163 dicens,

592 5174 614 5200 ε
648 5157 774 5218 Mss.
806 5162 969 5217 (ἔστι).
1014 5170 1070 5232 et
1100 5158 1337 5228 Remig.,
1358 5157 1490 5213 edit.
1516 5158 1657 5229 Mog.
1690 5167 1746 5214 et
1775 5159 1937 5225 Ven.,
1971 5178 2107 5231 praz-
2216 5162 2339 5217 Scio
2365 5162 2523 5232 quod.

516 5236 685 5289 missa:
711 5231 1079 5305 promissionis.
1115 5300 1150 5305 _
1257 5301 1268 5305 _
1421 5302 1443 5305 _
1485 5302 1496 5305 _
1764 5302 1796 5305 _7
1866 5302 1912 5305 η
2284 5243 2327 5271 ω
2356 5233 2498 5287 Edit.
2527 5231 2765 5302 Mogunt.
2802 5243 2856 5290 et
2889 5233 3054 5298 Ven.,
3096 5232 3243 5299 vivit,
3266 5242 3316 5287 et
3352 5232 3407 5286 in
3430 5234 3713 5291 novissimo
3768 5240 3838 5292 de

596 5305 612 5344 ί
651 5300 725 5359 ns
755 5318 884 5359 mss.
909 5300 1327 5371 Corb.,Remig.
1343 5310 1399 5355 et
1415 5302 1547 5370 Jol.,
1571 5317 1694 5360 cum
1713 5302 1845 5358 edit.
1865 5302 2107 5372 Mogunt.
2214 5316 2351 5360 terra
2372 5300 2694 5358 surrecturus
2719 5322 2856 5359 sum.

520 5388 575 5451 et
608 5378 739 5451 ἵκεο.
773 5374 1020 5451 Lugdun.
1065 5388 1194 5427 vero
1224 5384 1279 5451 et
1308 5373 1657 5451 posteriores,
1688 5375 1757 5427 ad
1787 5374 2005 5429 liberum
2026 5391 2114 5428 ar-
2286 5385 2314 5413 ιι
2341 5376 2443 5431 Ms.
2466 5375 2745 5451 Joliensis,
2776 5377 2943 5432 Deum
2966 5374 3274 5451 salvatorem
3297 5392 3563 5432 meum....
3591 5380 3843 5451 reposita

523 5448 733 5501 bitrium
762 5463 800 5519 a_
820 5444 987 5519 gratia
1013 5444 1349 5519 transtulisti,
1380 5453 1437 5519 ut
1461 5446 1622 5514 ipsos,
1658 5455 1765 5500 etc.
1906 5516 1915 5519 7
2216 5455 2290 5502 est
2318 5464 2442 5519 spes
2459 5463 2591 5513 mea,
2618 5448 2821 5502 omisso
2847 5447 3169 5519 pronomine
3208 5448 3339 5502 haec.

600 5464 733 5501 rium
762 5464 792 5498 a
820 5464 987 5526 grana
1013 5464 1349 5509 transtuusu,
1380 5464 1437 5497 ut
1461 5464 1622 5514 ipsos,
1658 5464 1765 5500 etc.
2216 5464 2290 5502 est
2318 5464 2343 5499 s
2382 5464 2433 5500 es
2459 5464 2591 5513 mea,
2618 5464 2821 5502 omtsso
2847 5464 3169 5519 pronomine
3208 5464 3339 5502 hac.

598 5527 624 5564 s
658 5519 753 5569 Ms.
778 5516 1027 5582 Joltens.,
1051 5527 1106 5570 ut
1130 5516 1364 5583 ipsorum
1390 5515 1639 5571 bonarum
1661 5516 1974 5571 voluntarios
2003 5533 2114 5572 mo~
2291 5526 2316 5554 ο
2346 5464 2490 5573 ﬁdit.
2526 5519 2766 5587 Moguut.
2795 5528 2851 5576 et
2881 5520 3040 5587 Ven.,
3068 5520 3119 5571 in
3148 5529 3331 5574 sancto
3359 5537 3471 5576 suo.

525 5588 1024 5663 tus,omi'ssa_7voce,
1040 5587 1434 5663 desideriorum.
1452 5587 1793 5663 Posteriores
1817 5588 2112 5663 editiones,
2222 5661 2265 5663 _7
2292 5599 2319 5639 ρ
2345 5589 2487 5644 Edit.
2542 5590 2765 5663 Co_l_on.,
2823 5608 2925 5645 non
2967 5594 3022 5643 in
3062 5590 3189 5663 Dei.
3235 5600 3291 5645 et
3320 5604 3445 5663 post
3484 5607 3652 5663 pauca
3683 5595 3843 5653 edit.

522 5657 954 5739 Lugd._et7aliae,
972 5658 1142 5739 paulo
1163 5670 1304 5727 post,
1325 5660 1573 5739 patereris
1601 5659 1833 5739 habent,
1865 5659 1955 5715 ubi
1983 5674 2113 5716 mss.
2222 5661 2460 5739 hlogunt.
2512 5670 2567 5739 et
2607 5657 2768 5728 Ven.,
2820 5663 3070 5718 invocabit
3114 5661 3300 5716 Deum.
3320 5657 3433 5719 'Ms.
3480 5657 3727 5739 Remig.,
3781 5679 3846 5724 et

525 5740 587 5791 et
605 5728 943 5804 antiquiores
972 5729 1212 5804 Mogunt.
1242 5739 1299 5804 et
1325 5728 1485 5795 Ven.,
1520 5732 1770 5802 fatereris.
2216 5728 2336 5804 ipse
2353 5732 2614 5804 exaudiet.

598 5801 633 5885 ξ
650 5802 759 5885 ἐς.
784 5799 1064 5885 ξοξὶθιιεὶι,
1084 5803 1366 5885 pptentiam
1395 5799 1641 5885 tribuisti.
1722 5883 1730 5885 7
1819 5877 1862 5885 _
1994 5877 2045 5885 __
2239 5799 2248 5804 ⁷
2287 5813 2315 5855 «ι
2344 5802 2446 5865 Ms.
2479 5804 2771 5879 Joliensis,
2801 5807 2865 5863 ab
2901 5806 2996 5863 illo
3030 5806 3281 5876 :cteteri,
3305 5822 3370 5864 ea:
3393 5806 3511 5866 illo.

589 5869 755 5940 ,ι-ιι.
786 5870 918 5941 101.,
947 5887 1051 5943 qua
1078 5869 1256 5945 illata,
1284 5885 1415 5945 εις..
1454 5883 1516 5933 ut
1538 5875 1593 5935 in
1622 5883 1794 5934 textu.
1819 5877 1966 5937 Edit.
1993 5877 2106 5936 Mo-
