4028 6352
237 341 330 402 287

1364 332 1565 393 LIBER
1600 332 1879 393 CONTRA
1915 331 2402 394 COLLATOREM.

3408 332 3518 394 258

232 461 398 532 ipsum
418 464 447 494 ι
478 453 741 523 sapientia
773 461 824 510 et
853 454 1125 528 fortitudo,
1155 453 1265 527 ipse
1290 453 1439 507 habet
1468 455 1741 508 comitium
1770 462 1820 509 et
1846 454 1903 518 Α
1926 453 2202 525 postulavit
2232 450 2252 491 ι
2294 460 2353 507 ut
2378 455 2607 506 cerneret
2649 464 2736 505 nos
2765 448 2900 506 velut
2929 449 3199 520 triticum';
3224 465 3319 523 ego
3347 459 3519 507 autem

240 547 635 622 intelligentiam
662 544 939 618 (Jobmn,
958 548 1017 619 3)
1039 544 1098 601 εδ
1130 544 1267 615 etde
1286 544 1645 616 quodicit,1n
1673 548 1825 619 cujus

238 658 387 699 manu
410 641 591 694 anima
615 639 784 695 omnis
810 638 1016 693 viventis
1046 647 1098 693 et
1128 638 1344 707 spiritus
1374 638 1623 693 universa
1654 639 1826 694 carnis

240 734 457 791 hominis
472 731 646 804 (Ibid.
659 776 675 801 ,
703 730 814 803 l0):
831 738 887 787 et
903 731 1119 799 iterum,
1136 728 1421 801 Exspecto,
1442 730 1636 801 inquit,
1664 730 1824 786 donec

239 830 402 884 veniat
422 824 716 881 immutatio
740 840 854 880 mea
884 840 901 879 :
931 822 1132 878 vocabis
1158 832 1205 877 et
1226 838 1319 895 ego
1339 820 1659 893 respondebo
1686 822 1779 876 tibi
1806 836 1825 875 :

240 923 375 995 operi
405 936 663 975 manuum
697 929 904 973 tuarum
935 917 1169 988 porriges
1195 917 1459 971 dexteram
1490 932 1509 971 :
1542 925 1597 969 tu
1620 914 1827 986 quidem

238 1036 435 1094 gressus
465 1033 607 1071 meos
638 1014 1005 1081 dinumerasti,
1042 1023 1064 1051 ε
1088 1013 1177 1066 sed
1206 1012 1377 1082 parcis
1416 1012 1633 1084 peccatis
1657 1010 1783 1065 meis
1807 1026 1827 1065 :

237 1112 449 1187 signasti
474 1110 627 1183 quasi
656 1110 713 1164 in
738 1106 945 1162 sacculo
975 1106 1165 1159 delicta
1194 1121 1336 1171 mea,
1384 1103 1475 1158 sed
1503 1103 1697 1157 curasti
1724 1102 1827 1156 ini-

239 1206 478 1275 quitatem
527 1218 718 1257 meam.
764 1200 883 1255 Non
942 1213 1073 1269 ergo
1127 1194 1154 1234 ἀ
1203 1196 1522 1253 deseruerat
1568 1193 1829 1252 Dominus

243 1313 389 1369 quem
420 1294 689 1351 curabat:
728 1306 904 1363 neque
932 1306 1089 1359 opem
1122 1303 1275 1344 suam
1319 1288 1619 1344 abstulerat
1653 1286 1724 1341 ab
1761 1300 1829 1343 eo

241 1388 317 1444 cui
346 1384 731 1457 puriticatoria
762 1382 1021 1452 remedia,
1049 1381 1250 1453 quibus
1276 1380 1477 1437 clarius
1502 1380 1826 1448 nitesceret,

241 1479 581 1536 admovebat.

305 1569 476 1644 [Alias
505 1566 639 1624 Car.
666 1564 912 1638 XXXV.)
952 1567 1008 1621 '5.
1050 1565 1131 1621 Ad
1170 1566 1311 1622 hanc
1345 1575 1368 1603 ο
1400 1563 1711 1635 passionum
1751 1572 1833 1619 to-

244 1663 533 1720 lerantiam
564 1702 582 1727 ,
636 1661 691 1715 in
721 1676 825 1731 qua
866 1660 954 1714 hic
997 1670 1218 1715 sanctus
1242 1658 1498 1725 emicuit,
1539 1657 1701 1713 etiam
1740 1656 1833 1712 ille

245 1764 353 1810 erat
382 1762 727 1825 preparatus
754 1766 785 1806 a
829 1750 1061 1806 Domino
1084 1793 1097 1817 ,
1129 1751 1219 1822 qui
1265 1750 1518 1817 dicebat,
1552 1748 1695 1805 Nam
1739 1747 1833 1803 etsi

1929 546 2106 618 rogavi
2136 561 2229 617 pro
2274 555 2343 611 te,
2373 541 2554 607 Petre.
2586 560 2650 598 ne
2691 543 2897 615 deﬁciat
2938 544 3067 613 ﬁdes
3113 554 3221 599 tua.
3267 542 3524 615 Quisquis

1929 639 2093 709 igitur
2114 647 2154 675 ιιι
2183 638 2238 693 in
2261 635 2705 693 tribulationibus
2728 652 2834 692 non
2862 635 3067 702 delicit,
3096 637 3164 692 ab
3193 637 3290 693 illo
3329 652 3389 694 se
3414 652 3523 695 non

1929 728 2143 785 dubitet
2190 728 2433 798 adjuvari
2468 728 2537 783 ad
2565 744 2728 799 quem
2763 728 3009 799 quotidie
3035 728 3201 784 corda
3238 730 3525 788 universo-

1930 838 2048 880 rum
2070 821 2309 877 lidelium
2331 822 2591 887 clamant,
2614 829 2641 857 η
2668 821 2719 875 N
2724 838 2749 875 e
2762 822 2955 892 inferas
2978 839 3070 877 nos
3092 823 3147 877 in
3166 824 3521 890 tentationem,

1929 916 2020 970 sed
2048 914 2212 969 libera
2240 929 2333 968 nos
2362 931 2394 967 a
2419 913 2555 967 malo
2578 911 2799 984 (Matth.
2830 929 2906 981 vi,
2937 915 3055 984 15):
3088 916 3348 985 quoniam
3369 924 3395 952 ο
3420 916 3526 970 Cu-

1930 1008 2091 1063 stodit
2137 1006 2393 1062 Dominus
2444 1007 2643 1060 animas
2674 1016 2970 1061 sanctorum
2996 1026 3239 1076 suorum,
3268 1009 3333 1065 de
3370 1026 3528 1065 manu.

1931 1110 2255 1172 peccatorum
2287 1098 2523 1153 liberabit
2549 1114 2637 1153 eos
2668 1097 2843 1171 (Psal.
2870 1115 3023 1169 xcv't,
3054 1101 3167 1173 10).

2002 1192 2057 1247 4.
2091 1192 2244 1260 Quod
2273 1198 2453 1247 autem
2484 1190 2619 1245 dicis
2652 1209 2665 1243 :
2697 1188 2933 1245 Gratiam
2978 1192 3075 1246 Dei
3111 1193 3173 1248 ab
3214 1194 3315 1248 Job
3356 1210 3421 1249 ea:
3465 1210 3527 1249 eo

1934 1300 1962 1340 P
1991 1288 2381 1361 intelligendum
2410 1303 2514 1341 non
2544 1286 2746 1356 penitus
2772 1288 3063 1355 recessisse,
3111 1289 3247 1358 quod
3290 1293 3530 1344 tentatori

1934 1385 2047 1450 ejus
2068 1390 2267 1435 tantam
2296 1378 2440 1435 Deus
2472 1389 2501 1429 τι
2524 1379 2757 1433 tentandi
2786 1378 2987 1435 dederit
3015 1389 3335 1449 potestatem,
3364 1399 3532 1453 quan-

1936 1486 2040 1531 tam
2060 1485 2108 1531 et
2128 1474 2280 1530 illum
2302 1472 2577 1528 resistendi
2604 1480 2813 1526 noverat
2838 1470 3025 1526 habere
3051 1473 3317 1528 virtutem:
3345 1489 3527 1530 nonne

1934 1569 2137 1625 rectius
2154 1566 2506 1637 veraciusque
2524 1565 2851 1634 loquereris,
2867 1565 2912 1619 si
2938 1564 3027 1620 ubi
3043 1564 3248 1633 dixisti,
3278 1564 3535 1632 Quantam

1936 1671 1985 1718 et
2016 1664 2165 1717 illum
2208 1662 2479 1717 resistendi
2522 1669 2731 1715 noverat
2759 1660 2944 1715 habere
2968 1660 3247 1728 virtutem;
3278 1670 3298 1697 π
3324 1661 3539 1717 diceres

1938 1757 2137 1825 potius,
2162 1764 2421 1826 quantam
2452 1762 2507 1810 et
2536 1753 2611 1808 illi
2662 1752 2956 1809 resistendi
2986 1761 3213 1808 noverat
3238 1766 3298 1808 se
3323 1750 3539 1807 dedisse

245 1848 501 1901 ambulem
527 1847 583 1900 in
612 1845 783 1899 medio
808 1843 1003 1899 umbra:
1032 1845 1211 1897 mortis
1231 1886 1245 1910 ,
1278 1860 1380 1897 non
1423 1842 1605 1897 timebo
1656 1842 1796 1897 mala
1815 1883 1831 1910 ,
1866 1852 1916 1914 Β
1944 1848 2240 1904 virtutem?
2268 1854 2288 1883 ι
2332 1846 2388 1903 In
2421 1845 2541 1917 ejus
2571 1846 2716 1902 enim
2763 1845 2918 1902 verbi
2972 1846 3335 1910 correctione,
3368 1852 3540 1900 totam

246 1941 483 2011 quoniam
505 1949 560 1992 tu
582 1955 783 1993 meeum
810 1956 861 1993 es
889 1937 1061 2009 (Psal.
1096 1953 1229 1999 xm.
1260 1938 1320 2009 4)
1354 1956 1369 1990 :
1406 1947 1461 1993 et
1487 1937 1640 2005 illud,
1671 1936 1691 1975 ἲ
1738 1936 1839 1993 Sa-

249 2035 323 2087 lus
338 2034 607 2103 iustorum
628 2047 662 2084 a
690 2028 939 2097 Domino,
972 2039 1019 2083 et
1048 2038 1301 2101 protector
1324 2046 1501 2085 eorum
1529 2040 1603 2085 est
1624 2030 1680 2083 in
1713 2038 1841 2083 tem-

248 2139 364 2193 pore
388 2121 743 2177 tribulationis
775 2120 948 2191 (Psal.
978 2136 1174 2187 simi,
1197 2120 1310 2192 39).
1335 2121 1416 2177 Ad
1441 2122 1577 2177 hanc
1600 2122 1839 2177 toleran-

252 2216 375 2271 tiam
404 2215 570 2270 etiam
600 2214 693 2269 ille
720 2222 745 2261 ι
783 2222 900 2269 erat
928 2222 1267 2284 praeparatus
1296 2229 1323 2266 a
1358 2213 1617 2280 Domino,
1652 2214 1742 2285 qui
1786 2222 1843 2269 et

250 2309 468 2366 credere
491 2310 544 2364 in
573 2308 878 2375 Christum,
905 2318 959 2362 et
986 2323 1085 2378 pro
1114 2305 1331 2363 Christo
1350 2308 1463 2378 pati
1488 2306 1840 2363 referebatad

251 2402 545 2474 Christum,
576 2402 798 2458 dicens:
822 2401 1105 2471 Justiﬁcati
1134 2401 1295 2472 igitur
1316 2416 1379 2455 ex
1402 2400 1527 2471 ﬁde.
1553 2417 1728 2470 pacem
1750 2401 1843 2456 Ita-

256 2497 452 2551 beamus
475 2498 542 2551 ad
572 2495 739 2550 Deum
769 2512 856 2565 per
878 2494 1159 2547 Dominum
1191 2491 1357 2565 35.9
1390 2501 1625 2547 nostrum
1660 2491 1843 2546 Jesum

260 2586 541 2655 Christum;
578 2604 666 2659 per
685 2603 839 2658 quem
866 2596 912 2640 et
939 2602 1201 2639 accessum
1237 2585 1478 2638 habemus
1504 2582 1531 2621 ¹ι
1562 2601 1656 2657 per
1686 2582 1844 2653 ﬁdem

264 2683 319 2736 in
349 2684 566 2753 gratiam
600 2684 767 2746 istam,
795 2682 850 2735 in
878 2698 984 2752 qua
1013 2690 1207 2735 stamus
1226 2720 1241 2743 ,
1266 2688 1316 2733 et
1354 2678 1642 2751 gloriamur
1670 2680 1723 2734 in
1757 2696 1846 2750 spe

272 2777 448 2846 gloria:
475 2774 698 2844 ﬁliorum
725 2774 816 2829 Dei
838 2791 855 2828 :
885 2791 990 2829 non
1022 2776 1188 2829 solum
1216 2783 1418 2839 autem,
1462 2771 1554 2827 sed
1580 2780 1626 2825 et
1653 2771 1847 2843 gloria-

274 2882 388 2919 mur
418 2868 465 2920 in
493 2866 918 2930 tribulationibus,
948 2866 1169 2920 scientes
1199 2865 1336 2935 quod
1364 2864 1627 2918 tribulatio
1648 2864 1848 2935 patien-

268 2962 392 3014 tiam
424 2968 677 3029 operatur,
716 2959 967 3029 patientia
989 2968 1165 3013 autem
1192 2957 1546 3029 probationem
1568 2998 1584 3024 ,
1609 2956 1847 3026 probatio

261 3069 376 3106 vero
405 3069 539 3121 spem
562 3098 577 3122 ,
610 3068 724 3118 spes
755 3063 925 3107 autem
956 3068 1057 3105 non
1097 3050 1371 3123 confundit
1404 3064 1422 3104 :
1454 3051 1574 3120 quia
1619 3048 1848 3103 charitas

258 3142 357 3199 Dei
386 3143 579 3211 diﬂ'usa
605 3152 678 3199 est
717 3146 771 3198 in
800 3144 1039 3198 cordibus
1061 3144 1251 3197 nostris
1306 3160 1398 3215 per
1435 3142 1699 3212 Spiritum
1727 3159 1848 3195 san-

1942 1943 2100 1997 istam
2130 1941 2357 2012 gloriam
2387 1955 2548 2011 quam
2606 1939 2858 1995 humanis
2903 1937 3110 1994 viribus
3136 1938 3418 2009 assignare
3445 1951 3542 1993 vo-

1944 2033 2115 2100 luisti,
2146 2032 2445 2089 sobrietate
2466 2031 2645 2103 aliqua
2677 2040 3079 2102 temperasses:
3107 2039 3169 2085 ut
3196 2030 3283 2085 illa
3313 2027 3541 2085 mirabi-

1944 2126 2011 2181 lis
2041 2126 2097 2180 in
2128 2132 2277 2179 tanta
2309 2122 2607 2179 afﬂictione
2638 2120 2919 2193 patientia,
2954 2122 2974 2158 ί
3009 2130 3066 2178 et
3120 2120 3221 2178 Dei
3268 2119 3542 2191 adiutorio

1944 2226 2000 2275 et
2029 2219 2213 2275 libero.
2228 2218 2463 2274 hominis
2487 2216 2854 2273 ascriberetur
2901 2215 3149 2272 arbitrio.
3193 2214 3301 2273 Sed
3332 2214 3542 2271 veritus

1946 2326 2005 2367 es
2035 2320 2240 2368 naturae
2270 2311 2520 2367 humana:
2558 2310 2805 2366 minuere
2835 2309 3075 2377 laudem,
3104 2307 3151 2364 si
3184 2308 3236 2364 ei
3261 2308 3543 2378 proﬁtere-

1945 2408 2022 2463 ris
2045 2423 2075 2462 a
2106 2406 2217 2463 Deo
2229 2406 2410 2462 datam
2428 2420 2555 2463 esse
2581 2403 3051 2464 virtutem.“ldeo
3081 2401 3366 2458 conﬂictus
3396 2400 3544 2456 illius

1943 2509 2106 2570 atque
2156 2498 2396 2554 victoria:
2443 2514 2553 2553 non
2598 2498 2681 2553 vis
2732 2496 2881 2553 credi
2912 2506 3327 2568 cooperatorem
3373 2496 3544 2551 Deum

1947 2591 2137 2659 fuisse,
2170 2591 2265 2648 sed
2299 2590 2672 2647 tantummodo
2700 2598 3067 2661 spectatorem
3098 2608 3113 2645 :
3151 2600 3211 2646 ut
3239 2592 3325 2646 cui
3358 2600 3386 2630 ν
3418 2604 3546 2659 per-

1948 2683 2179 2740 suadere
2211 2683 2417 2754 poteris
2450 2699 2545 2753 per
2577 2683 2876 2739 naturalem
2904 2683 3063 2739 liberi
3104 2682 3316 2738 arbitrii
3371 2681 3543 2737 lacul-

1951 2786 2114 2833 tatem
2142 2786 2251 2832 tam
2263 2777 2493 2833 arduum
2512 2784 2789 2834 certamen
2811 2775 3047 2833 evictum
3070 2818 3086 2843 ,
3110 2775 3275 2850 350
3295 2775 3546 2831 dubitare

1951 2886 2060 2926 non
2088 2870 2290 2926 audeat
2310 2869 2365 2925 in
2399 2868 2695 2926 levioribus
2723 2870 2902 2925 causis
2924 2869 3096 2924 multo
3118 2867 3400 2923 liberiores
3422 2881 3547 2923 esse

1950 2964 2107 3020 home
2139 2963 2435 3018 voluntatis
2488 2961 2711 3018 eﬂectus
2732 3002 2748 3028 ,
2782 2971 2948 3032 atque
2980 2961 3053 3015 ita
3085 2968 3111 2997 ι
3139 2960 3192 3015 in
3224 2959 3369 3016 illius
3402 2963 3548 3017 'lam-

1954 3062 2093 3109 nata:
2120 3054 2410 3110 sententiae
2440 3052 2652 3109 foveam
2684 3052 2863 3119 cadat,
2886 3067 2992 3123 qua
3022 3051 3222 3107 dicitur
3244 3051 3363 3107 ideo
3392 3050 3549 3107 nobis

1952 3148 2179 3217 gratiam
2204 3146 2609 3218 justilicationis
2640 3145 2782 3211 dari.
2815 3145 3039 3217 utquod
3090 3146 3266 3203 facere
3301 3160 3396 3218 per
3417 3146 3549 3201 lme-

257 3247 415 3306 ctum,
437 3238 525 3309 qui
548 3237 789 3311 datusﬁest
818 3238 962 3293 nobis
983 3236 1164 3310 (Rom.
1186 3236 1335 3307 v,l).
1367 3237 1431 3292 Et
1455 3235 1847 3306 iterum(Rom.
1878 3244 1926 3310 ο
1960 3254 2078 3295 rum
2105 3239 2360 3310 jubemur
2388 3238 2695 3308 arbitrium,
2728 3237 2943 3295 facilius
2991 3238 3264 3308 possimus
3319 3237 3546 3308 implere

254 3346 369 3398 vm,
399 3332 515 3403 55),
551 3329 679 3396 Quis
702 3347 793 3385 nos
820 3330 1075 3398 separabit
1104 3346 1136 3383 a
1157 3328 1410 3384 charitate
1437 3327 1663 3383 Christi?
1688 3329 1851 3382 tribu-

254 3425 421 3479 latio?
440 3442 510 3479 an
542 3425 818 3497 angustia?
839 3442 905 3478 an
934 3425 1253 3496 persecutio?
1282 3441 1349 3479 an
1372 3425 1571 3495 fames?
1598 3440 1668 3477 an
1699 3425 1849 3478 nudi-

252 3520 370 3573 tas.’
415 3535 485 3573 an
513 3518 844 3591 periculum?
869 3535 936 3573 an
984 3518 1233 3590 gladius?
1268 3517 1418 3574 Sicut
1446 3518 1694 3587 scriptum
1740 3528 1847 3585 est,

222 3682 223 3685 η
256 3609 635 3682 Quiapropter
655 3621 704 3665 te
749 3611 1125 3681 mortificamur
1152 3619 1259 3665 tota
1280 3610 1385 3674 die,
1432 3610 1451 3648 ί
1485 3610 1725 3665 (estimati
1760 3626 1850 3664 su-

250 3716 364 3755 mus
391 3712 450 3756 ut
473 3717 593 3757 oves
621 3701 904 3756 occasionis
931 3700 1104 3773 (Psal.
1136 3717 1287 3767 ιιιιι,
1316 3699 1409 3769 22)
1440 3718 1454 3756 :
1500 3700 1515 3751 ι
1553 3702 1644 3755 sed
1671 3701 1729 3756 in
1771 3700 1853 3755 his

250 3795 488 3849 omnibus
532 3810 842 3865 superamus
876 3809 968 3866 per
1008 3810 1124 3847 eum
1167 3794 1255 3865 qui
1293 3792 1479 3847 dilexit
1520 3810 1633 3848 nos.
1684 3792 1857 3863 Hujus

252 3886 565 3942 tolerantia:
618 3884 883 3942 fortitudo
939 3885 963 3924 ι
1017 3886 1163 3942 unde
1210 3885 1601 3952 descenderit,
1662 3885 1857 3942 beatus

250 3977 479 4049 Petrus,
518 3990 577 4036 et
629 3980 682 4034 in
722 3980 818 4035 illo
860 3982 1039 4036 omnis
1074 3981 1346 4047 Ecclesia,
1382 3979 1640 4037 Veritatis
1684 3980 1856 4049 ipsius

250 4088 374 4131 voce
396 4072 681 4141 discebat,
706 4073 936 4131 dicentis
957 4073 1112 4145 (Luc.
1145 4088 1279 4145 xm,
1308 4075 1398 4144 51)
1426 4091 1439 4129 :
1465 4073 1602 4129 Ecce
1626 4072 1858 4129 Satanas

312 4310 340 4339 ι
369 4300 504 4356 Ms.’
521 4299 764 4371 Remig.,
794 4299 1041 4369 fortitudo
1068 4307 1117 4353 et
1146 4298 1425 4371 sapientia.

314 4371 343 4410 δ
372 4368 1002 4444 Lugd._etposte_riores
1029 4370 1181 4436 editi,
1201 4368 1269 4444 get
1293 4370 1433 4440 quod
1459 4368 1607 4444 dicit.

318 4454 339 4482 ε
366 4439 510 4499 Mss.
546 4439 711 4498 (ἔοι-5.
737 4451 792 4495 et
811 4441 1020 4511 Remig.
1050 4457 1177 4497 cum
1198 4439 1437 4512 Mogunt.
1466 4449 1523 4497 et
1554 4439 1712 4508 Ven.,
1736 4457 1860 4512 par-

249 4531 382 4570 cens.
420 4515 544 4584 Ms.
569 4512 844 4579 Joliensis,
870 4530 1064 4584 parces.

316 4584 344 4623 ἀ
372 4586 481 4641 Ms.
509 4583 800 4647 Joliensis.
832 4582 1129 4639 deseruerat
1160 4582 1318 4638 Deus.

317 4657 670 4713 “Editiones
713 4655 952 4713 Moeunt.
998 4665 1053 4710 et
1084 4655 1217 4709 Ven.
1262 4670 1369 4710 non
1424 4654 1626 4713 habent
1669 4672 1859 4713 vocem

250 4728 386 4785 hanc
428 4728 767 4800 passionum.

248 4801 326 4855 hic
348 4798 585 4855 spiritus
612 4798 838 4852 emicuit.

323 4872 342 4912 τ
372 4868 482 4929 Ms.
512 4870 803 4941 Joliensis,
832 4868 992 4924 Salus
1015 4878 1193 4941 autem
1207 4872 1496 4941 justorum.

319 4947 343 5012 ε
377 4943 596 5012 Lugd..
633 4939 863 5003 Lovan..
899 4942 1063 4996 Duae.
1088 4950 1143 4995 et
1166 4939 1387 5005 Colum,
1414 4950 1523 4995 erat
1552 4951 1792 5011 paratus.

317 5011 346 5051 ιλ
375 5011 488 5071 Hic
510 5014 790 5070 editiones
818 5014 1059 5082 Mogunt.
1090 5021 1148 5067 et
1176 5012 1306 5067 Ven.
1332 5012 1537 5067 addunt
1585 5015 1719 5078 haec,
1778 5030 1867 5083 per

252 5088 411 5155 (idem
444 5103 463 5139 :
492 5100 625 5156 quae
659 5084 925 5156 habentur
950 5085 1080 5138 etin
1114 5092 1256 5156 testu
1299 5085 1561 5156 Apostoli.
1617 5084 1863 5152 Lugdun.

251 5152 301 5211 ut
334 5152 711 5225 posteriores,
734 5155 787 5209 in
816 5156 986 5226 gratia
1015 5156 1133 5209 ista.
1158 5152 1375 5221 Colum,
1400 5157 1455 5209 in
1481 5154 1647 5226 gloria
1672 5158 1789 5211 ista.

330 5229 341 5267 ί
377 5228 578 5300 Ιλιιεάἒ
608 5235 666 5300 et
692 5229 1042 5300 recentiores,
1076 5226 1366 5300 existimati
1387 5243 1581 5300 sumus.

325 5304 340 5351 i
406 5296 520 5355 Ms.
554 5296 833 5366 Joliensis,
874 5306 921 5352 et
948 5300 1003 5353 in
1034 5296 1287 5352 omnibus.
1319 5297 1399 5352 Ms
1449 5297 1683 5369 Remig.,
1739 5309 1786 5353 et
1815 5301 1869 5354 in

255 5372 329 5427 liis
369 5371 650 5427 omnibus.

322 5445 349 5483 ι
382 5442 581 5513 Lugd.
610 5450 667 5497 et
694 5441 1047 5513 posteriores,
1078 5440 1578 5513 undedescenderet.

330 5514 349 5554 ι
384 5510 538 5570 Mss.
577 5510 787 5583 llemig.
817 5522 872 5567 et
896 5510 1027 5577 10L,
1050 5522 1104 5564 ut
1132 5511 1375 5583 cribraret
1406 5528 1512 5566 vos.

322 5597 365 5625 ω
401 5584 595 5655 Lugd.
621 5592 675 5638 et
696 5584 1050 5655 recentiores,
1076 5585 1130 5637 in
1160 5582 1507 5638 tribulatione.

324 5668 355 5696 ιι
387 5654 535 5714 Mss)
569 5655 779 5727 Remig.
804 5663 860 5710 et
887 5654 1019 5721 Jol.,
1044 5670 1168 5709 cum
1198 5655 1324 5709 edit.
1362 5656 1602 5726 Mogunt.
1624 5664 1679 5714 et
1711 5654 1872 5725 νειμ,

262 5730 342 5791 Ne
364 5746 469 5783 nos
500 5726 748 5781 inducas.

329 5812 356 5839 ο
391 5800 560 5869 Edit.
591 5796 763 5869 Lugd.
789 5813 909 5853 cum
935 5797 1355 5865 posterioribus,
1379 5802 1598 5857 custodit
1642 5799 1803 5857 Deus.

331 5883 363 5928 ν
391 5868 591 5944 Lugd.
622 5868 1047 5944 etposteriores.
1075 5886 1197 5929 cum
1220 5887 1353 5931 mss.
1378 5872 1540 5932 Corb.
1568 5885 1621 5937 et
1644 5876 1877 5945 Remig.,

856 4726 1057 4797 ugdun.
1085 4726 1249 4781 editio
1293 4726 1455 4798 paulo
1485 4741 1637 4798 post,
1678 4731 1733 4783 in
1757 4712 1861 4801 qua
1886 4712 1940 4773 '

1953 3348 2051 3405 per
2074 3334 2339 3403 gratiam;
2374 3343 2649 3404 tamquam
2675 3330 2777 3387 etsi
2808 3331 2981 3402 gratia
3020 3345 3128 3386 non
3157 3330 3403 3399 daretur,
3436 3345 3547 3385 non

1954 3426 2176 3496 quidem
2205 3426 2385 3495 facile,
2416 3426 2513 3481 sed
2544 3437 2722 3481 tamen
2754 3438 3063 3494 possemus,
3091 3423 3254 3479 etiam
3289 3422 3407 3478 sine
3436 3422 3548 3491 illa,

1954 3519 2184 3589 implere
2207 3518 2389 3574 divina
2411 3517 2683 3573 mandata.
2709 3516 2864 3585 Quod
2896 3516 3022 3587 quia
3050 3515 3306 3571 catholici
3335 3516 3551 3585 pontiﬁ-

1957 3624 2051 3666 ces
2080 3609 2299 3680 dignum
2328 3608 2672 3664 anathemate
2715 3616 3079 3674 censuerunt;
3108 3608 3371 3663 utendum
3397 3606 3553 3664 nobis

1958 3711 2046 3759 est
2074 3718 2139 3759 eo
2170 3718 2277 3774 quo
2302 3703 2386 3758 usi
2414 3710 2546 3758 sunt
2586 3701 2923 3770 testimonio,
2976 3700 3222 3757 dicentes
3278 3700 3555 3774 (Carthag.

1958 3813 2109 3851 conc.
2138 3812 2253 3850 can.
2286 3796 2319 3851 5
2341 3811 2433 3850 seu
2473 3797 2541 3862 6;
2569 3796 2674 3851 vid.
2719 3794 2947 3864 append.
2980 3811 3036 3863 p.
3066 3792 3197 3863 272)
3230 3809 3245 3850 :
3284 3812 3303 3846 ι
3336 3793 3413 3849 De
3444 3793 3557 3849 fru-

1958 3890 2139 3946 ctibus
2168 3889 2312 3945 enim
2356 3888 2737 3944 mandatorum
2765 3886 3028 3943 Dominus
3074 3886 3417 3957 loquebatur,
3463 3884 3556 3941 ubi

1958 3998 2066 4040 non
2098 3983 2196 4049 ait,
2218 3992 2248 4033 γ
2278 3982 2410 4039 Sine
2433 3997 2521 4039 me
2546 3982 2821 4038 difﬁcilius
2844 3980 3072 4052 potestis
3098 3980 3310 4047 facere;
3342 3978 3440 4036 sed
3461 3978 3556 4048 ait,

1960 4074 2089 4133 Sine
2112 4092 2192 4131 me
2212 4075 2342 4132 nihil
2366 4078 2578 4149 potestis
2598 4076 2766 4149 facere
2790 4074 2974 4149 (Joan.
3002 4091 3100 4144 xv,
3129 4074 3242 4147 57).
3282 4091 3302 4127 ι

1964 4301 2368 4374 intelligendam.

2038 4383 2065 4423 ιι
2091 4372 2229 4429 Edit.
2259 4372 2528 4445 Lugd.ret
2556 4376 2915 4442 recentiores,
2947 4384 3145 4430 tantam
3197 4373 3338 4432 Deus
3388 4376 3565 4431 tribuit

1964 4454 2290 4516 potestatem.
2312 4444 2695 4514 Lugd.omittit
2718 4461 2910 4503 vocem
2936 4445 3286 4516 hanc,Deus;
3305 4460 3406 4503 ms.
3431 4447 3562 4513 Jol..

1970 4518 2293 4587 particulam
2327 4526 2374 4570 et
2402 4525 2527 4571 ante
2574 4517 2747 4571 illum.

2040 4598 2064 4625 ι’
2094 4589 2194 4643 Ms.
2227 4588 2361 4654 10L,
2390 4588 2562 4658 potius
2592 4588 2895 4658 affirmaret.

2040 4666 2062 4693 ³
2089 4659 2165 4714 lta
2196 4675 2326 4717 mss.
2364 4658 2553 4721 Corb.,
2586 4658 2799 4727 Remig.
2843 4670 2899 4715 et
2918 4661 3050 4726 Jol.,
3091 4677 3214 4718 cum
3261 4661 3420 4718 editis
3451 4663 3567 4718 Mo-

1965 4738 2117 4800 gunt.
2159 4740 2215 4786 et
2244 4731 2377 4785 Ven.
2416 4729 2587 4799 Lugd.
2613 4740 2670 4785 et
2712 4731 2906 4800 reliqui
2948 4734 3185 4802 codiccs,
3229 4735 3382 4788 unius
3428 4737 3566 4790 enim

1969 4802 2109 4855 verbi
2137 4803 2483 4856 correctio....
2512 4810 2866 4869 temperasset.

1970 4874 2069 4998 Di.
2116 4872 2216 4927 Ms.
2262 4874 2474 4943 Remig.
2523 4874 2725 4928 omittit
2768 4876 3087 4944 particulam
3115 4886 3164 4931 et
3212 4885 3338 4931 ante
3380 4890 3566 4931 vocem

2025 4960 2087 4998 ei.

2025 4960 2087 5001 ει.

2046 5023 2076 5051 ιι
2102 5015 2200 5071 Ms.
2226 5016 2332 5073 Jol.
2353 5031 2475 5072 cum
2496 5015 2669 5088 Lugd.
2696 5024 2750 5073 et
2771 5017 3187 5088 posterioribus,
3211 5017 3394 5087 Itaque
3411 5016 3567 5071 idem.

1971 5086 2073 5145 Ms.
2105 5088 2235 5155 Jo|.,
2272 5090 2497 5143 credere.

2048 5168 2077 5198 ν
2106 5158 2250 5214 Edit.
2280 5158 2457 5231 Lugd.
2481 5168 2536 5216 et
2566 5161 2916 5231 posteriores.
2951 5158 3567 5231 persuadere_poterit....

1976 5232 2215 5286 evictum.
2243 5229 2483 5302 Mogunt.
2500 5229 2736 5298 εἶναι..
2753 5242 2856 5286 tam
2883 5229 3049 5285 arduo
3070 5229 3343 5283 certamine
3358 5231 3569 5302 victum.

1975 5303 2180 5358 Eadem
2208 5299 2380 5373 Lugd.
2409 5313 2464 5359 et
2491 5306 2825 5360 recentiores
2876 5303 3133 5358 omittunt
3182 5314 3371 5355 vocem
3422 5299 3573 5357 liberi

1975 5386 2103 5430 ante
2137 5375 2356 5429 arbitrii.
2625 5402 2635 5414 -

2049 5454 2074 5482 ³
2118 5446 2358 5512 Mogunt.
2391 5453 2448 5501 et
2470 5445 2632 5509 νειμ,
2660 5447 2714 5499 in
2741 5444 2884 5499 illius
2927 5445 3228 5497 damnatam
3263 5445 3573 5500 sententiam

1976 5517 2151 5571 cadat.
2186 5516 2282 5572 Ms.
2316 5518 2447 5582 Jo|.,
2475 5519 2529 5571 in
2551 5518 2643 5586 jus
2675 5518 2934 5570 damnata:
2963 5517 3229 5571 sententia:
3257 5518 3427 5572 cadat.

2108 5589 2209 5644 Hic
2235 5589 2503 5643 editiones
2529 5588 2768 5657 Mogunt.
2793 5594 2848 5641 et
2876 5586 3013 5642 Ven.
3055 5587 3186 5641 solm
3218 5587 3391 5654 primo
3432 5589 3577 5642 inse-

1978 5669 2107 5716 runt
2136 5660 2280 5715 hunc
2309 5658 2586 5729 Evangelii
2619 5660 2794 5713 locum
2818 5674 2833 5711 :
2862 5658 2988 5713 Sine
3009 5674 3091 5712 me
3106 5659 3239 5712 nihil
3266 5659 3473 5727 potestis
3493 5658 3575 5726 fa-

1981 5748 2115 5797 cere,
2142 5747 2303 5802 quem
2334 5739 2455 5802 post
2476 5742 2645 5800 pauca
2670 5743 2792 5785 cum
2826 5730 3039 5788 caeteris
3065 5730 3346 5787 codicibus
3379 5729 3572 5786 iterum

1980 5813 2257 5878 repetunt.
