4028 6352
369 448 375 453 ’
988 455 1214 514 CAPUT
1244 455 1384 511 XVI.

384 554 546 623 Quae
574 566 734 619 supra
756 552 1000 605 docuerat
1029 550 1311 605 Cassianus
1352 550 1669 603 centurionis
1708 550 1987 623 evangelici

462 624 699 695 exentplo
721 624 1029 695 confirmare
1057 625 1270 685 nititur;
1292 625 1438 684 cuius
1452 623 1685 689 deﬁnitio
1714 624 1985 695 underima

462 694 540 750 est
574 712 592 749 :
614 694 835 748 Nullius
866 694 1037 747 laudis
1067 709 1126 745 ac
1158 695 1323 745 tttertli
1350 711 1478 756 esse,
1511 695 1551 745 si
1583 695 1636 763 td
1664 696 1714 747 in
1753 712 1813 749 eo
1835 694 1987 763 Chri-

458 778 569 820 stus
599 768 733 832 quod
762 766 870 832 ipse
897 767 1173 817 donurerat
1200 768 1527 831 pra'tulisset.
1577 762 1769 817 Contra
1804 772 1986 833 probat

460 836 524 891 S.
573 834 822 899 Prosper,
846 835 981 905 quod
1016 835 1127 888 laus
1166 845 1212 887 et
1259 837 1491 887 meritum
1521 851 1613 905 per
1632 839 1849 906 gratiam
1882 852 1985 890 non

370 922 377 927 ’
460 908 759 973 auferatur;
789 906 911 972 ﬁdei
938 924 1137 973 quoque
1164 918 1207 959 et
1240 908 1382 959 bonis
1407 909 1647 971 operibus
1689 908 1896 962 laudent
1924 923 1984 961 ac

460 980 694 1032 meritum
724 978 877 1030 tribui
898 978 1007 1031 sine
1037 979 1347 1050 pra'judicio
1371 979 1572 1048 gratiae.

461 1114 627 1190 [Alias
668 1112 799 1170 CAP.
832 1111 1103 1186 XXXVI]
1136 1116 1190 1172 1.
1222 1114 1316 1169 liis
1362 1122 1542 1169 aufem
1575 1113 1983 1193 deﬁnitionibus

382 1208 516 1267 suis.
578 1220 712 1277 quas
770 1207 1052 1262 credidisti
1104 1207 1300 1262 idonea
1353 1206 1676 1265 auctoritate
1725 1208 1983 1275 munitas,

384 1312 666 1371 tamquam
689 1301 758 1356 de
792 1315 1061 1356 consensu
1104 1301 1396 1371 legentium
1428 1315 1679 1369 securus,
1709 1302 1980 1372 adiungis,

382 1392 576 1451 Snlere
604 1394 874 1449 interdum
898 1394 1068 1449 Deum
1097 1393 1164 1447 ad
1195 1394 1352 1447 ﬁdem
1374 1402 1615 1448 nostram
1645 1393 1980 1463 probandam

384 1488 507 1558 plus
546 1489 744 1543 nti'erre
774 1502 933 1558 quam
968 1486 1188 1549 sulﬁcit,
1224 1496 1283 1540 ut
1312 1496 1337 1523 ει
1365 1502 1524 1556 qttam
1560 1487 1709 1541 ﬁrma
1765 1487 1836 1541 sit
1864 1501 1983 1541 cre-

382 1576 629 1633 dentium
659 1578 793 1632 lides
824 1578 993 1647 possit
1018 1577 1259 1649 agnosci.
1311 1578 1376 1633 Et
1414 1578 1520 1634 hoc
1550 1579 1801 1646 exemplo
1835 1578 1980 1632 illius

382 1671 719 1726 centuriOnis
767 1670 1031 1738 ostendis,
1084 1672 1174 1742 qui
1205 1687 1326 1726 cum
1362 1672 1514 1739 pueri
1546 1674 1629 1727 sui
1674 1673 1701 1711 δ
1735 1682 1981 1743 posceret

381 1765 746 1829 curationem,
770 1764 1139 1835 Dominusque
1164 1781 1222 1821 se
1251 1766 1317 1819 ad
1348 1764 1572 1820 deruunt
1612 1765 1730 1833 ejus
1780 1767 1977 1819 iturum

1600 332 1671 397 ’8.
1706 331 2052 394 PROSPERI
2090 330 2423 405 MNITANI

2010 460 2059 524 Α
2090 463 2241 533 ejus;
2272 468 2325 513 et
2357 458 2504 512 illum
2534 457 2625 528 qui
2656 457 2733 514 ait
2759 457 2930 525 (Peril.
2952 472 3086 526 xm,
3110 456 3191 527 1),
3224 455 3456 530 Diliqam
3485 468 3553 525 te,
3588 455 3693 513 Do-

3572 326 3692 398 9'60

2086 554 2245 618 "mine,
2272 555 2430 606 virtus
2458 568 2607 617 mea;
2632 561 2686 607 et
2707 550 2878 622 (Psal.
2911 556 3101 619 nam,
3119 544 3203 623 Β),
3228 552 3295 606 ’ln
3323 549 3546 607 Domino
3574 552 3689 608 latt-

2080 648 2297 701 stabitur
2326 651 2499 700 anima
2526 650 2712 713 mea;t
2752 655 2805 701 et
2828 646 3009 717 (Psal.
3046 656 3215 711 CXV",
3252 646 3363 719 Η),
3397 642 3683 705 Fortitudo

2084 748 2199 794 'tn'ea
2236 749 2285 792 et
2334 739 2569 792 laudatio
2598 754 2707 793 mea
2754 738 3031 795 Dominus.
3064 737 3094 777 ’ί
3128 738 3197 796 Ut
3232 736 3687 798 manifestissime

2084 832 2420 898 noverimus,
2445 847 2547 886 nec
2574 832 2785 886 laudem
2821 846 2914 887 eos
2945 832 3105 886 ullam
3132 830 3353 897 habere,
3387 846 3487 888 nec
3518 833 3690 889 meri-

2082 932 2223 991 tum,
2264 922 2279 961 ι
2310 924 2361 978 in
2389 924 2581 995 auibus
2614 940 2717 979 non
2742 925 3091 981 inveniuntur
3115 940 3257 996 quae,
3285 924 3393 982 nisi
3418 925 3687 984 Dominus

2083 1017 2318 1084 'dederit,
2350 1034 2459 1073 non
2501 1019 2786 1074 habentur.

2152 1113 2215 1165 2.
2245 1112 2337 1168 Sic
2364 1123 2543 1168 autem
2580 1114 2776 1182 putasti
2807 1113 2873 1167 de
2920 1113 3230 1168 testimonio
3270 1112 3501 1169 laudata
3548 1114 3680 1172 ﬁdei

2082 1207 2457 1277 praeiudicium
2508 1208 2665 1261 donis
2706 1208 2891 1278 gratiae
2935 1222 3093 1277 posse.
3114 1208 3359 1278 generari
3384 1225 3398 1275 ;
3426 1211 3578 1280 (ιιιλεὶ
3614 1211 3679 1264 ll-

2086 1300 2206 1365 dcs,
2237 1300 2327 1353 ubi
2358 1300 2742 1355 ostenderetur
2793 1300 3029 1368 laudata,
3064 1316 3171 1353 non
3222 1300 3510 1357 doceretur
3559 1317 3685 1357 esse

2084 1392 2303 1449 donata.
2338 1392 2543 1448 Laudat
2576 1393 2867 1463 Apostolus
2888 1392 3253 1449 Romanorum
3287 1394 3469 1459 iidem,
3500 1404 3555 1449 et
3583 1409 3682 1465 pro

2086 1487 2189 1541 hoc
2227 1487 2368 1540 bono
2398 1496 2437 1522 ιιι
2464 1502 2651 1541 eorum
2681 1486 2792 1556 agit
2820 1490 3022 1556 gratias
3051 1487 3181 1553 Deo,
3212 1486 3399 1542 dicens
3428 1485 3610 1559 (Rom.
3639 1502 3680 1552 ι,

2083 1580 2161 1650 8),
2195 1577 2434 1633 Primum
2465 1580 2669 1649 quidem
2698 1582 2893 1650 gratias
2920 1595 3019 1651 ago
3062 1579 3171 1634 Deo
3200 1594 3309 1633 tneo
3356 1596 3447 1651 per
3499 1578 3684 1635 Iesum

2085 1671 2343 1728 Christum
2376 1690 2467 1739 pro
2499 1672 2733 1726 omnibus
2765 1673 2924 1739 vobis,
2957 1674 3079 1740 quia
3102 1673 3230 1743 ﬁdes
3256 1684 3427 1728 t'estra
3468 1689 3681 1728 annun-

2083 1767 2242 1819 tiatur
2263 1767 2313 1819 in
2338 1766 2569 1819 universo
2598 1766 2809 1819 mundo.
2842 1766 2918 1819 Ad
2941 1766 3186 1821 Corinthi
3210 1781 3251 1820 is
3274 1776 3486 1836 quoque
3513 1766 3684 1822 simili

382 1872 505 1915 esse
536 1860 898 1927 promitteret,
935 1872 957 1897 ε
990 1860 1358 1929 reapnnderit,
1405 1860 1525 1914 Non
1565 1877 1677 1914 sum
1708 1860 1895 1930 dignus
1924 1869 1980 1913 ut
2013 1860 2055 1919 Β
2086 1860 2269 1915 scribit
2299 1858 2515 1924 allecto,
2545 1858 2731 1913 dicens
2764 1859 2805 1927 (l
2851 1856 2972 1912 Cor.
3004 1874 3043 1923 ι,
3074 1859 3155 1929 ι),
3184 1857 3393 1913 Gratias
3425 1874 3521 1929 ago
3573 1860 3687 1913 Deo

379 1954 537 2007 intres
562 1955 655 2007 sub
682 1965 869 2008 tectum
898 1970 1088 2015 meum,
1106 1955 1193 2006 sed
1217 1955 1299 2006 dic
1329 1964 1530 2007 tantum
1552 1953 1721 2019 verba,
1746 1964 1792 2006 et
1820 1969 1978 2006 sana-

382 2047 515 2101 bitur
538 2064 664 2115 puer
693 2064 834 2102 meus
863 2046 1076 2119 (Matth.
1101 2063 1219 2117 vnt,
1246 2048 1324 2117 8).
1346 2048 1401 2102 In
1432 2062 1542 2117 quo
1569 2062 1691 2102 eum
1721 2048 1980 2102 Dominus

381 2141 474 2194 tuli
504 2140 865 2195 admiratione
897 2142 1217 2200 laudaVerit,
1264 2152 1321 2193 nt
1368 2142 1749 2210 pronuntiaret
1781 2156 1886 2193 non
1920 2153 1980 2194 se

381 2232 654 2287 invenisse
684 2242 889 2287 tantam
943 2233 1101 2287 fidem
1132 2232 1185 2286 in
1218 2232 1405 2287 lsrael.
1434 2229 1461 2268 ἀ
1496 2233 1561 2285 Et
1620 2232 1804 2301 exigua
1859 2246 1983 2286 con-

382 2324 625 2379 clusione
672 2338 811 2391 pene
846 2332 1015 2378 totum
1065 2322 1413 2393 Pelagianam
1446 2323 1639 2393 dogma
1667 2324 1977 2387 conﬁrmas,

380 2416 610 2471 dicendo
637 2417 851 2489 (Collat.
889 2417 958 2471 1⁸5
1008 2432 1053 2469 c.
1089 2416 1207 2487 η),
1247 2414 1463 2470 Nullius
1489 2418 1621 2470 enim
1656 2415 1822 2469 lattdis
1851 2423 1980 2470 esset

380 2522 440 2562 at:
464 2510 655 2574 meriti,
709 2509 753 2561 si
783 2508 837 2562 id
887 2510 939 2562 itt
967 2524 1028 2563 eo
1058 2516 1081 2546 ο
1110 2508 1347 2563 Christus
1376 2509 1516 2580 quod
1557 2511 1664 2581 ipse
1702 2509 1980 2563 donaverat

381 2602 709 2671 praetulisset.
745 2600 906 2655 Falso
931 2616 1062 2670 ergo
1109 2606 1366 2672 scriptum
1411 2613 1491 2655 est
1518 2602 1673 2673 (Sap.
1709 2617 1826 2666 vni,
1855 2602 1977 2670 2t),

382 2692 516 2759 Quia
542 2709 688 2747 nemo
722 2702 881 2760 potest
916 2708 1030 2748 esse
1062 2696 1351 2761 continens,
1389 2696 1485 2751 nisi
1514 2695 1653 2749 Deus
1684 2696 1789 2749 det.
1820 2694 1979 2750 Falso

381 2786 699 2856 praedicavit
725 2788 1039 2853 Apostolus,
1065 2803 1186 2841 cum
1211 2788 1277 2843 de
1307 2789 1495 2842 eadem
1546 2792 1746 2844 virtute
1788 2792 1981 2858 loque-

382 2889 549 2945 retur,
572 2880 733 2951 351
764 2881 948 2933 dicens
976 2880 1021 2951 (l
1050 2880 1172 2934 Cor.
1195 2878 1291 2947 v'tt,
1324 2882 1403 2950 7),
1424 2881 1560 2935 ονοιο
1593 2893 1767 2936 autem
1797 2899 1975 2938 omnes

383 2974 611 3029 homines
650 2989 759 3027 esse
804 2975 932 3026 sicut
961 2990 1037 3027 nte
1060 2976 1264 3039 ipsum;
1309 2976 1399 3027 sed
1452 2978 1807 3044 unusquisque
1859 2993 1981 3047 pro-

384 3070 553 3139 prium
578 3067 727 3122 habet
753 3067 947 3121 donum
977 3084 1007 3119 a
1036 3067 1168 3131 Deo,
1200 3069 1336 3121 alius
1365 3070 1458 3134 sic,
1497 3068 1514 3103 ί
1548 3068 1683 3122 alius
1715 3086 1833 3124 vero
1882 3072 1976 3123 sic.

384 3164 544 3221 Falso
574 3163 757 3218 docuit
784 3171 839 3216 et
862 3163 955 3217 ille
986 3163 1074 3232 qui
1108 3163 1241 3216 dixit
1272 3161 1411 3235 (Jac.
1443 3179 1479 3227 ι,
1512 3163 1589 3234 5),
1617 3164 1676 3219 Si
1704 3166 1815 3228 quis
1847 3164 1979 3217 indi-

2080 1968 2193 2008 meo
2224 1970 2418 2017 semper
2446 1970 2539 2023 pro
2567 1953 2727 2017 vobis,
2758 1953 2811 2007 in
2832 1955 3001 2024 gratia
3036 1952 3147 2018 Dei,
3178 1969 3294 2025 qua
3332 1956 3457 2007 data
3482 1962 3559 2008 est
3589 1969 3685 2007 tto-

2084 2047 2158 2101 bis
2188 2048 2240 2100 in
2269 2046 2475 2100 Christo
2504 2044 2665 2111 Jesu;
2695 2048 2814 2116 quia
2846 2046 2897 2099 in
2929 2047 3159 2100 omnibus
3191 2045 3368 2101 divites
3400 2046 3525 2117 facti
3556 2046 3681 2100 estis

2081 2141 2135 2194 in
2186 2139 2299 2205 illo,
2356 2142 2407 2192 in
2448 2140 2587 2192 omni
2636 2140 2783 2193 verba
2810 2148 2856 2192 et
2882 2141 2934 2193 iu
2980 2140 3119 2193 omni
3145 2140 3378 2194 scientia.
3408 2138 3684 2209 Numquid

2081 2233 2289 2305 agendo
2314 2232 2518 2301 gratias
2550 2230 2684 2296 Deo,
2737 2232 3082 2288 credentibus
3122 2240 3153 2268 τι
3182 2233 3401 2286 susmlit
3428 2232 3684 2287 laudem?

2082 2336 2174 2380 aut
2222 2327 2489 2379 laudando
2539 2327 2844 2395 cred-entes,
2894 2327 3071 2382 meriti
3118 2326 3338 2396 negavit
3363 2326 3687 2382 auctorem?

2081 2420 2160 2475 De
2192 2418 2551 2489 Ephe~inrum
2605 2419 2764 2473 eti-ain
2819 2419 2921 2474 ﬁde
2950 2418 3078 2488 quid
3124 2421 3322 2475 Sentiat
3369 2419 3681 2475 audiamus.

2083 2508 2389 2580 Pt-Opterea,
2422 2512 2593 2582 inquit
2625 2509 2840 2581 (Ep/tes.
2875 2526 2913 2577 Ι,
2948 2512 3060 2582 15),
3089 2522 3136 2567 et
3158 2526 3248 2584 ego
3274 2513 3491 2566 audims
3518 2513 3681 2579 ﬁdem

2080 2613 2322 2665 vestram,
2348 2617 2465 2673 qua:
2486 2612 2563 2656 est
2594 2603 2646 2655 in
2678 2612 2701 2638 ο
2727 2602 2948 2656 Domino
2977 2600 3127 2665 Iesu,
3160 2611 3207 2657 et
3255 2603 3582 2656 dilectionem
3623 2603 3685 2657 in

2084 2709 2258 2748 omnes
2283 2704 2505 2760 sanctos,
2538 2711 2641 2747 non
2672 2711 2812 2748 cesso
2834 2695 3029 2765 gratias
3052 2710 3211 2766 agens
3257 2711 3349 2763 pro
3376 2694 3534 2761 vobis,
3575 2712 3688 2749 me-

2081 2789 2300 2842 moriam
2323 2790 2473 2842 vestri
2504 2790 2699 2859 faciens
2730 2789 2781 2840 in
2813 2788 3128 2841 orationibus
3157 2788 3376 2855 meis,ttt
3408 2787 3547 2842 Deus
3573 2786 3685 2842 Do-

2082 2882 2211 2935 mini
2238 2882 2400 2934 nostri
2428 2879 2551 2935 Iesu
2584 2879 2778 2935 Christi
2812 2880 2968 2936 Pater
2997 2881 3197 2952 gloriar,
3230 2882 3310 2933 det
3339 2880 3477 2934 vobis
3507 2880 3685 2951 Spiri-

2085 2980 2191 3025 tum
2225 2972 2491 3039 sapientia:
2514 2981 2559 3025 et
2586 2972 2930 3034 reuelationis,
2962 2971 3013 3025 in
3044 2973 3307 3043 agnitione
3357 2973 3469 3042 ejus
3514 2971 3687 3045 352

2082 3062 2400 3117 illumittatos
2428 3065 2605 3118 oculos
2661 3064 2831 3117 cordis
2882 3065 3054 3118 vestri.
3103 3062 3384 3119 llabebant
3414 3080 3543 3135 ergo
3585 3065 3682 3120 isti

2084 3155 2265 3220 ﬁdem,
2300 3156 2569 3211 habebant
2597 3166 2650 3211 et
2690 3172 2853 3227 opera
2896 3157 3196 3223 charitatis,
3226 3172 3344 3225 qua:
3378 3171 3477 3213 nec
3508 3156 3676 3213 laude

385 3256 800 3329 getCsapietttia,
830 3256 1050 3321 postulet
1071 3253 1245 3313 aDeo.
1274 3268 1320 3309 et
1344 3256 1553 3308 dabitur
1575 3258 1640 3309 ei.
1659 3256 1765 3310 Nec
1787 3271 1978 3312 secun-
2004 3244 2051 3309 C
2084 3255 2331 3317 poterant
2361 3263 2569 3311 carere,
2599 3264 2698 3304 nec
2725 3250 2946 3313 merito;
2977 3248 3071 3303 sed
3123 3264 3217 3318 pro
3267 3249 3351 3302 his
3383 3250 3679 3303 virtutibus

386 3347 512 3403 dum
538 3348 821 3402 veritatem
856 3346 1057 3401 dictum
1085 3357 1167 3402 est
1198 3345 1387 3415 (Ibid.,
1422 3348 1532 3417 i7),
1578 3348 1742 3402 Omne
1802 3350 1978 3401 datum

386 3442 659 3515 optimum,
714 3448 763 3494 et
812 3455 961 3493 omne
990 3439 1181 3492 donum
1224 3442 1504 3511 perfectum
1555 3441 1829 3493 desursum
1881 3451 1974 3507 est,

388 3535 695 3590 descendens
722 3546 754 3587 a
786 3532 944 3587 Patre
972 3533 1223 3587 luminum
1242 3549 1261 3597 ;
1292 3540 1347 3587 et
1389 3531 1571 3604 (Joan.
1605 3548 1682 3595 tu,
1724 3534 1840 3602 27),
1871 3534 1979 3588 Nec

386 3642 471 3686 tuo
496 3639 656 3701 potest
685 3630 918 3698 accipere
942 3628 1238 3698 quidquam,
1269 3628 1372 3681 nisi
1402 3628 1448 3681 ei
1493 3627 1671 3681 datum
1701 3628 1861 3697 fuerit
1918 3630 1980 3682 de

384 3722 529 3778 calo.
564 3722 646 3777 An
674 3722 958 3776 dicendum
989 3730 1071 3776 est
1093 3735 1283 3776 omnes
1314 3721 1532 3789 quidem
1583 3722 1813 3778 virtutes
1840 3722 1980 3777 inter

387 3813 483 3871 Dei
509 3815 647 3868 dona
681 3814 1076 3876 numerandas;
1109 3814 1202 3868 sed
1230 3814 1283 3867 in
1312 3814 1419 3869 illis
1445 3816 1720 3870 hominem
1753 3832 1886 3887 quas
1913 3817 1980 3871 de

386 3906 605 3977 proprio
638 3907 889 3962 habuerit
917 3921 1039 3962 esse
1066 3906 1414 3971 laudabilem,
1449 3917 1502 3962 et
1534 3908 1609 3961 ibi
1633 3924 1755 3963 esse
1787 3912 1979 3963 merita

388 3997 480 4053 ubi
506 3996 600 4051 Dei
632 3999 771 4053 dona
806 4015 913 4051 non
945 3997 1173 4053 fuerint?
1209 4000 1376 4069 Igitur
1411 4002 1707 4054 secundum
1743 3982 1989 4072 regulam

389 4100 558 4154 tuam,
591 4090 784 4160 quibus
813 4092 1068 4145 donatum
1091 4102 1175 4146 est
1202 4102 1257 4145 ut
1286 4107 1393 4146 non
1420 4094 1595 4147 solum
1614 4094 1901 4149 crederent
1928 4098 1979 4149 in

390 4182 684 4251 Christum,
712 4184 805 4237 sed
836 4185 995 4238 etiam
1027 4195 1082 4237 ut
1114 4195 1428 4255 paterentur
1470 4203 1569 4257 pro
1614 4191 1755 4257 ipso,
1786 4199 1840 4243 et
1870 4190 1983 4245 lau-

391 4275 512 4331 dem
541 4289 591 4331 et
619 4278 874 4331 meritum
897 4277 1244 4346 perdiderunt
1270 4293 1284 4342 ;
1316 4293 1416 4332 nec
1442 4280 1639 4334 habent
1658 4296 1839 4335 veram
1868 4281 1984 4351 glo-

388 4368 524 4426 riam
555 4370 641 4433 qui
678 4383 782 4421 non
825 4368 982 4433 inse,
1012 4368 1105 4422 sed
1138 4368 1191 4421 in
1217 4369 1462 4434 Domino,
1506 4370 1822 4438 gloriantur.
1876 4372 1982 4427 Sed

388 4461 599 4518 rectius
624 4457 652 4496 ιι
674 4460 922 4514 audimus
966 4461 1284 4531 prophetam
1309 4461 1575 4517 dicentem
1601 4462 1813 4533 (Jerem.
1848 4480 1978 4535 xvn,

394 4552 474 4623 5),
504 4552 817 4606 Maledictus
846 4554 996 4606 homo
1020 4554 1108 4622 qui
1135 4569 1277 4624 spem
1305 4552 1454 4609 habet
1478 4556 1532 4609 in
1558 4554 1787 4624 homine,
1814 4568 1862 4611 et
1890 4557 1982 4627 [ir-

2080 3342 2375 3412 Apostolus
2424 3345 2623 3411 gratias
2673 3342 2782 3395 Deo
2832 3357 2997 3412 agere
3048 3358 3153 3395 non
3185 3352 3383 3405 cessat,
3436 3342 3614 3395 sciens
3647 3357 3680 3395 a

2082 3431 2241 3489 Patre
2291 3436 2554 3489 luminum
2604 3435 2719 3489 haec
2759 3434 2898 3489 dona
2948 3436 3194 3498 venisse;
3227 3450 3255 3486 a
3287 3450 3395 3502 quo
3424 3448 3482 3488 se
3512 3434 3682 3488 etiam

2082 3536 2269 3597 petere
2301 3537 2649 3595 protestatur,
2704 3538 2762 3581 ut
2789 3528 2983 3597 quibus
3028 3527 3176 3583 dedit
3221 3526 3403 3592 ﬁdem,
3433 3542 3551 3597 quae
3581 3543 3686 3596 per

2082 3621 2429 3677 dilectionem
2462 3632 2739 3691 operatur,
2765 3621 2858 3677 det
2888 3620 3147 3692 Sp‘ritum
3178 3618 3455 3691 sapientiae
3503 3630 3561 3676 et
3593 3622 3688 3676 in-

2084 3717 2331 3771 tellectus
2368 3732 2382 3770 :
2419 3727 2445 3766 ι»
2492 3726 2545 3771 et
2596 3715 2719 3771 inde
2750 3730 2809 3771 se
2851 3716 3069 3787 Ephe~ii
3098 3715 3354 3771 noverint
3404 3715 3693 3785 accepisic

2083 3812 2222 3881 quod
2260 3809 2511 3877 habeant,
2536 3826 2564 3865 a
2591 3828 2697 3881 quo
2727 3811 2941 3866 discunt
2983 3824 3207 3881 Sperate
3250 3808 3391 3880 Quod
3442 3825 3545 3864 no:i
3580 3811 3689 3864 ha-

2083 3903 2233 3959 bent.
2264 3903 2367 3959 Pro
2398 3905 2831 3976 Philippensibus
2863 3920 3079 3976 quoque
3104 3904 3309 3957 similes
3337 3904 3445 3957 Deo
3474 3902 3689 3971 gratias

2084 3998 2213 4069 agit,
2238 4009 2292 4053 et
2325 4002 2573 4053 meritum
2602 3999 2790 4054 'eorum
2827 3999 3147 4070 laudemque
3177 4007 3206 4048 ει
3229 4012 3333 4052 non
3366 3996 3689 4066 supprimit,

2084 4094 2271 4148 dicens
2295 4093 2519 4165 (Philip.
2551 4108 2591 4159 ι,
2641 4095 2715 4163 ‘5),
2759 4092 2969 4147 Gratias
3018 4110 3114 4163 ago
3170 4088 3279 4145 Deo
3310 4107 3418 4145 meo
3448 4090 3500 4143 in
3529 4092 3684 4144 omni

2086 4189 2329 4239 memoria
2350 4187 2523 4250 vestri,
2558 4202 2754 4253 semper
2786 4188 2839 4239 in
2869 4187 3065 4239 cunctis
3094 4183 3412 4237 orationibus
3436 4182 3559 4236 meis
3584 4198 3693 4253 pro

2086 4278 2320 4332 omnibus
2365 4279 2505 4332 vobis
2556 4294 2671 4332 cum
2722 4280 2915 4348 gaudio
2962 4278 3375 4346 deprecationem
3438 4276 3638 4343 faciens
3674 4320 3692 4344 ,

2089 4382 2111 4409 τ
2144 4390 2298 4440 super
2327 4373 2789 4426 communicatione
2815 4384 2981 4427 vestra
3010 4375 3061 4426 in
3098 4372 3395 4443 Evangelia,
3437 4387 3468 4425 α
3508 4371 3692 4437 prima

2086 4466 2172 4519 die
2194 4482 2349 4537 usque
2373 4483 2508 4520 nunc
2534 4483 2551 4521 :
2576 4468 2839 4537 conﬁdens
2882 4466 2977 4520 hoc
3024 4469 3215 4538 ipsum,
3267 4465 3388 4532 quia
3414 4464 3502 4534 qui
3532 4466 3695 4533 carpit

2085 4558 2141 4613 in
2164 4559 2301 4612 vobis
2330 4576 2455 4630 opus
2479 4560 2932 4629 bonum,perﬁciet
2954 4576 3116 4625 usque
3142 4562 3193 4613 in
3220 4558 3357 4613 diem
3382 4557 3508 4611 Jesu
3534 4556 3704 4611 Citri-

393 4656 498 4701 mat
548 4662 755 4700 carnem
788 4644 805 4683 ί
842 4646 1038 4701 brachii
1060 4649 1162 4713 sui,
1198 4657 1245 4701 et
1284 4664 1317 4700 a
1367 4645 1591 4704 Domino
1646 4651 1859 4706 discedit
1895 4669 1984 4707 cor
2010 4641 2061 4703 D
2086 4654 2177 4710 sti.
2211 4662 2232 4691 ³
2261 4652 2426 4724 Cujus
2453 4653 2544 4709 hic
2589 4654 2838 4709 humana:
2888 4654 3067 4709 laudis
3114 4668 3177 4709 ac
3234 4652 3413 4707 meriti
3444 4664 3590 4706 nunc
3631 4652 3701 4711 in

465 4812 493 4839 ι
526 4803 694 4873 Lugd.
729 4813 783 4857 et
813 4805 1259 4877 ea_posteriores,
1281 4823 1435 4877 quam
1451 4808 1661 4875 infirma
1686 4812 1773 4863 sit.
1803 4809 1980 4864 Casti-

388 4886 585 5001 glantur
607 4892 673 4931 ex
703 4890 834 4930 mss.
861 4874 1046 4941 Corb.,
1072 4874 1371 4946 Remigiet
1396 4879 1528 4945 J'ol.,
1560 4895 1661 4936 nec
1691 4897 1797 4937 non
1846 4882 1977 4937 edit.

447 4958 633 5001 otzttttt.
662 4959 716 5000 et
750 4945 882 5000 Ven.

521 4965 633 4998 lllll.
662 4965 716 4998 Cl
756 4965 882 4998 γεω.

447 4958 633 5015 agunt.
662 4959 716 5000 et
754 4958 882 5000 Ven.

468 5016 494 5056 δ
522 5018 620 5072 Ms.
652 5017 929 5083 Joliensis,
957 5026 1200 5088 quareret
1223 5020 1558 5075 curationem.

468 5099 489 5127 ε
523 5089 595 5142 ita
622 5103 752 5161 mss.
785 5088 951 5161 βαι-1),
978 5098 1033 5142 et
1060 5090 1291 5156 Remig.,
1326 5091 1561 5161 Mogunt.
1588 5102 1641 5146 et
1663 5092 1795 5147 Ven.
1824 5093 1978 5148 editi.

391 5159 756 5236 At‘ms.rloi.,
784 5160 961 5236 Lugd.
990 5162 1155 5216 editio
1172 5172 1237 5236 _et
1268 5159 1622 5226 recentiores,
1653 5167 1937 5236 respondit.

390 5292 399 5297 _
464 5229 492 5269 τι
525 5231 665 5287 Edit.
690 5231 862 5302 Lugd.
897 5243 951 5287 et
980 5234 1335 5302 posteriores,
1362 5236 1425 5287 At
1443 5236 1632 5307 exigua
1654 5229 1984 5292 conclusione

386 5320 521 5376 pene
545 5314 707 5376 totum
735 5315 821 5376 tu.

467 5384 491 5444 ἐ
518 5375 615 5428 Ms.
642 5374 918 5444 Joliensis,
957 5375 1229 5430 Dominus.
1326 5404 1333 5413 ·

469 5443 489 5484 ί
521 5446 699 5518 ginno
723 5443 979 5518 il.ugd.et
1003 5464 1125 5518 qua:
1157 5457 1275 5517 post
1296 5462 1441 5508 eam,
1473 5448 1608 5501 alius
1629 5460 1803 5502 autem
1832 5452 1928 5505 sic.

469 5525 495 5593 ξ
523 5514 926 5593 ζεῖ-ὠμμοειιηῑ.
952 5514 1193 5593 ειίνεηξ,
1217 5521 1519 5592 sapientiam
1542 5521 1765 5593 postulet
1790 5540 1821 5575 α
1847 5521 1982 5582 Deo.

466 5576 497 5625 δ
529 5586 627 5641 Ms.
664 5576 897 5657 lieniig"
920 5576 1232 5647 audivimus.

472 5657 490 5696 ί
524 5659 625 5714 Ms.
652 5658 922 5722 Joliensis,
950 5662 1213 5718 brachium
1238 5682 1410 5718 suum.

467 5731 485 5801 t
517 5731 639 5785 lla-c
673 5747 789 5800 qttte
813 5746 1110 5801 sequuntur
1138 5752 1242 5790 non
1267 5738 1490 5801 tegimus
1516 5736 1571 5792 in
1599 5750 1702 5793 ms.
1732 5734 1980 5794 Jolieasi.

465 5797 494 5877 ξ
518 5801 623 5877 Lis.
646 5797 920 5877 Jul‘ivnsis,
956 5814 1012 5857 ut
1041 5797 1644 5877 manifeste-noverimus.

471 5867 491 5915 ³
524 5871 671 5932 Edit.
694 5873 935 5945 legunt.
965 5890 1021 5935 et
1049 5867 1210 5947 Ven},
1238 5881 1295 5936 in
1331 5884 1513 5949 quibus
1534 5899 1595 5939 ea
1618 5883 1982 5943 inveniuntur.

2084 4811 2189 4866 Sed
2223 4811 2403 4865 minus
2432 4819 2601 4873 recte,
2642 4820 2700 4864 ut
2728 4811 2965 4866 videtur.

2158 4890 2198 4917 ιιι
2233 4882 2286 4933 In
2316 4882 2445 4935 edit.
2478 4880 2649 4951 Lugd.
2683 4890 2739 4936 et
2778 4881 3169 4950 posterioribus
3215 4879 3372 4934 deest
3396 4893 3591 4951 eorum.
3626 4876 3698 4934 In

2086 4967 2189 5077 lms.
2221 4952 2469 5077 ΙἋίμηςί,
2500 4948 2831 5023 π’Μοευιίι.
2857 4965 2911 5009 et
2962 4954 3122 5020 Veu.,
3186 4966 3294 5006 non
3341 4948 3542 5022 legitur
3570 4963 3694 5007 vox

2128 5039 2225 5077 rec.
2319 5042 2396 5077 eo.

2128 5039 2225 5083 (BC.
2268 5039 2396 5079 υευ.

2158 5102 2185 5131 ιι
2214 5095 2311 5149 Ms.
2345 5096 2621 5152 Joliensis.
2657 5094 2867 5151 abstulit
2900 5096 3125 5148 laudem.

2161 5176 2185 5202 ο
2215 5165 2313 5220 Ms.
2342 5166 2621 5237 Jolieusis,
2661 5168 2713 5220 in
2746 5168 2952 5221 Christo
2982 5164 3130 5220 Jesu.
3158 5165 3223 5220 Et.
3262 5164 3423 5228 infra,
3456 5163 3701 5237 iungitis-

2091 5238 2229 5292 tione
2253 5240 2366 5307 ejus
2395 5241 2549 5293 lia'het
2576 5235 2699 5294 cum
2734 5255 2866 5293 mss.
2896 5237 3060 5294 Corb.
3088 5249 3139 5292 et
3164 5237 3403 5308 Remig.,
3431 5236 3523 5289 ubi
3552 5235 3700 5294 editi

2088 5318 2299 5382 Omnes,
2327 5312 2381 5362 itt
2412 5312 2731 5382 agnitionem
2762 5314 2896 5378 eius.

2161 5391 2188 5430 ι)
2222 5381 2389 5447 Lugd.
2423 5378 2592 5435 editio
2613 5396 2735 5435 Cum
2762 5398 2824 5436 ea
2856 5380 3269 5446 recentioribus,
3303 5389 3360 5435 ut
3387 5378 3693 5435 tnde.......

2087 5452 2226 5523 quod
2249 5452 2498 5524 habebant
2528 5469 2558 5503 α
2580 5469 2680 5521 quo
2717 5453 2921 5506 discunt
2951 5463 2998 5505 et
3028 5468 3250 5524 sperare.

2161 5533 2188 5573 (1
2218 5523 2314 5576 Ms.
2346 5524 2632 5585 Jn’liensis,
2668 5541 2768 5578 non
2802 5525 3008 5578 omittit.

2164 5604 2187 5631 τ
2213 5594 2387 5663 Lugd.
2412 5606 2465 5651 et
2494 5598 2842 5663 posteriores,
2872 5612 3025 5667 super
3052 5595 3571 5649 communicationem
3604 5607 3703 5667 oa-

2087 5675 2271 5722 stram.
2307 5666 2543 5731 Magum.
2569 5679 2623 5722 et
2652 5667 2789 5723 Ven.
2818 5665 3151 5737 postpmca,
3178 5669 3262 5736 qui
3287 5667 3436 5737 cujpit
3463 5665 3700 5737 innubis

2090 5754 2238 5810 Opus,
2266 5737 2488 5805 perﬁciet
2506 5756 2663 5810 usque
2685 5742 2735 5793 in
2759 5742 2893 5793 diem
2911 5734 3117 5794 Domini
3145 5734 3306 5795 nostri
3327 5734 3452 5793 Iesu
3470 5736 3697 5793 Christi.

2160 5818 2188 5848 ⁸
2234 5810 2305 5864 Ita
2332 5825 2463 5865 mss.
2496 5813 2686 5866 Curh..
2720 5811 2930 5866 Remia.
2956 5819 3012 5866 et
3037 5808 3171 5866 .lnl..
3202 5826 3323 5865 cum
3355 5804 3595 5866 Hostum.
3628 5815 3705 5865 et

2332 5825 2463 5865 mss.
2496 5824 2686 5867 ιλιι-1)..
2721 5824 2930 5867 “emta.
2956 5824 3012 5866 et
3037 5824 3171 5867 Jul”
3202 5826 3323 5865 cum
3355 5824 3595 5867 nouunt.

2160 5824 2188 5848 -
2234 5824 2305 5864 Ita
2332 5825 2463 5865 mss.
2496 5824 2686 5877 bttt‘l).,
2721 5824 2930 5883 nemig.
2956 5824 3012 5866 et
3037 5824 3171 5877 .Iot.,
3202 5826 3323 5865 cum
3355 5824 3595 5880 alogum.
3628 5824 3705 5865 ex

2083 5878 2225 5944 Ven.
2247 5883 2383 5941 edit.
2407 5888 2479 5943 At
2502 5883 2785 5953 Lautum,
2803 5881 2975 5954 ιυνη
3004 5883 3169 5943 Duae.
3202 5895 3260 5942 et
3285 5880 3508 5953 (10100.,
3531 5880 3713 5950 Qui“.
