4028 6352
1769 369 1826 427 S.
1868 366 2206 427 PROSPERI
2243 362 2572 437 AQUITANI

3710 360 3811 425 εοι

537 498 701 561 atque
743 485 1052 560 expressius
1096 484 1227 558 quid
1255 483 1492 541 volueris
1524 483 1744 539 ﬁrmare
1785 482 2121 553 pronuntias,
2148 484 2203 545 Α
2229 481 2321 552 qui
2361 495 2466 536 non
2514 480 2679 537 dante
2725 479 2889 536 Patre
2932 477 2999 533 ad
3044 475 3240 535 Filium
3268 478 3453 536 venire
3485 485 3811 551 potuerunt;

540 582 724 641 dicens
763 599 779 637 :
821 580 924 637 Per
963 580 1074 636 hate
1099 580 1256 653 igitur
1284 575 1516 649 exemrila
1560 592 1675 647 quae
1716 574 1779 629 de
1808 573 2126 646 Evangelicis

539 674 844 746 protulimus
874 681 900 710 ι
922 670 1293 735 monumentis,
1324 667 1695 723 evidentissime
1731 666 2006 735 poterimus
2032 665 2127 718 ad-

532 774 741 831 vertere,
787 765 994 819 diversis
1042 771 1193 832 atque
1231 761 1512 816 innumeris
1555 758 1748 824 modis,
1780 768 1829 811 et
1872 758 2128 811 inscruta-

534 856 720 911 bilibus
784 858 920 924 viis,
975 855 1142 911 Deum
1185 855 1405 908 salutem
1462 852 1678 906 humani
1746 850 1941 921 generis
2009 865 2127 918 pro-

532 965 756 1017 curare;
800 957 848 1003 et
886 948 1223 1019 quorumdam
1268 944 1469 1016 quidem
1522 942 1801 997 volentium
1845 957 1907 997 ac
1952 940 2129 994 sitien-

537 1042 663 1095 tiunt
692 1056 896 1095 cursum
920 1040 989 1094 ad
1014 1039 1265 1109 majorem
1294 1035 1323 1075 ιι
1354 1036 1572 1090 incitare
1595 1032 1944 1105 flagrantiam,
1974 1046 2129 1101 quos-

533 1133 651 1186 dam
669 1148 783 1186 vero
805 1133 959 1186 etiam
979 1131 1207 1185 nolentes
1225 1129 1503 1197 invitosque
1529 1124 1832 1197 compellere
1863 1139 1881 1176 :
1919 1133 1967 1177 et
1994 1138 2128 1176 nunc

531 1224 755 1295 quidem,
792 1234 812 1261 ε
847 1232 904 1276 ut
932 1222 1240 1294 impleantur
1262 1236 1321 1273 ea
1341 1234 1458 1290 qua:
1479 1217 1673 1270 utiliter
1698 1232 1731 1269 a
1759 1213 1905 1269 nobis
1928 1213 2128 1269 deside-

533 1327 647 1370 rata
696 1315 1048 1387 conspexerit,
1097 1313 1382 1383 adjuvare;
1439 1325 1574 1364 nunc
1613 1323 1727 1362 vero
1772 1306 1924 1360 etiam
1965 1306 2127 1377 ipsius

532 1410 699 1464 sancti
728 1408 966 1463 desiderii
993 1406 1245 1475 inspirare
1267 1404 1517 1475 principia
1542 1418 1561 1468 ;
1598 1410 1647 1456 et
1675 1401 1752 1455 vel
1772 1401 1977 1454 initium
2009 1400 2127 1454 boni

534 1501 721 1575 operis,
753 1502 828 1556 vel
859 1500 1289 1574 perseverantiam
1318 1496 1346 1535 ά
1378 1498 1689 1551 condonare.
1720 1492 1855 1549 Inde
1877 1502 1951 1548 est
1991 1494 2127 1563 quod

533 1608 758 1662 orantes,
773 1613 873 1651 non
886 1595 1049 1650 solum
1062 1602 1391 1664 protectorem
1418 1601 1441 1628 ο
1455 1608 1513 1645 ac
1525 1590 1847 1655 salvatorem,
1865 1587 1953 1641 sed
1974 1587 2127 1641 etiam

532 1692 821 1761 adjutorem
847 1705 908 1743 ac
932 1694 1269 1755 susceptorem
1300 1683 1577 1738 Dominum
1603 1681 1998 1754 proclamamus.
2054 1677 2123 1730 In

532 1802 592 1840 eo
617 1786 775 1850 enim,
818 1783 955 1855 quod
982 1782 1125 1852 prior
1152 1780 1385 1845 advocat,
1423 1785 1471 1831 et
1494 1778 1786 1849 ignorantes
1816 1789 1909 1827 nos
1932 1812 1947 1838 ,
1978 1780 2127 1841 atque

530 1878 713 1931 invitos
740 1874 951 1931 attrahit
978 1874 1047 1928 ad
1073 1873 1289 1927 salutem
1314 1914 1329 1939 ,
1384 1879 1640 1941 protector
1666 1876 1820 1938 atque
1847 1864 2071 1919 salvator
2099 1860 2120 1900 τ

531 1978 607 2025 est
631 1985 651 2023 :
673 1970 728 2023 in
757 1984 815 2023 eo
845 1976 1016 2021 autem
1039 1964 1177 2037 quod
1216 1962 1556 2017 annitentibus
1582 1961 1744 2033 355
1782 1958 1925 2013 nobis
1975 1973 2122 2027 opem

536 2062 689 2132 ferre,
722 2069 747 2107 ε
778 2059 1180 2131 refugientesque
1208 2056 1463 2125 suscipere
1484 2071 1545 2108 ac
1571 2055 1769 2107 munire
1793 2093 1808 2118 ,
1841 2051 2119 2118 consuevit,

534 2160 801 2222 susceptor
823 2168 883 2205 ac
909 2150 1165 2221 refugium
1194 2149 1505 2203 nominatur.

605 2246 661 2299 2.
694 2245 804 2299 Hac
825 2258 954 2313 ergo
983 2238 1013 2279 ιι
1041 2239 1366 2296 discretione
1394 2236 1705 2307 praescripta
1734 2234 1865 2301 erit,
1906 2241 1967 2289 ut
1987 2233 2122 2289 deii-

538 2337 643 2406 nis,
678 2337 733 2392 in
765 2350 866 2390 una
900 2333 1141 2390 Ecclesia
1175 2332 1272 2385 ista
1301 2329 1623 2393 diversitas,
1653 2336 1711 2383 ut
1736 2326 1996 2381 Dominus
2027 2341 2124 2380 no-

536 2439 648 2484 ster
676 2427 834 2485 Jesus
868 2425 1141 2493 Christus,
1167 2424 1235 2479 de
1261 2437 1369 2494 quo
1386 2421 1589 2477 dictum
1611 2429 1694 2476 est
1714 2417 1926 2491 (Matth.
1952 2417 2119 2489 1,21),

536 2521 605 2575 Et
632 2520 831 2576 vocabis
857 2534 1040 2573 nomen
1070 2518 1182 2590 ejus
1207 2513 1387 2570 Iesum
1403 2531 1423 2581 ;
1450 2513 1560 2582 ipse
1584 2512 1719 2567 enim
1750 2512 1943 2565 salvum
1973 2511 2124 2581 faciet

537 2613 783 2682 populum
811 2627 960 2666 suum
1002 2626 1035 2663 a
1062 2608 1286 2681 peccatis
1311 2622 1529 2671 eorum;
1570 2615 1626 2660 et
1663 2605 1731 2660 de
1772 2619 1879 2675 quo
1916 2604 2120 2658 dictum

536 2713 621 2760 est
647 2703 797 2776 (Luc.
824 2719 867 2770 ι,
905 2702 1004 2768 52;
1032 2701 1149 2755 Act.
1176 2714 1257 2764 tv,
1292 2698 1407 2771 12),
1441 2697 1552 2753 Nec
1580 2698 1716 2753 enim
1743 2704 1816 2751 est
1855 2697 2002 2751 aliud
2030 2712 2123 2751 no-

534 2816 648 2854 men
678 2798 770 2853 sub
816 2795 940 2852 ctelo
984 2796 1161 2850 datum
1189 2791 1498 2859 hominibus,
1545 2792 1598 2844 in
1628 2807 1732 2862 quo
1779 2799 2007 2862 oporteat
2031 2805 2122 2843 nos

535 2891 705 2947 salvos
733 2890 888 2959 ﬁeri;
932 2868 1043 2943 non
1088 2886 1332 2942 omnium
1360 2883 1791 2940 Christianorum
1815 2923 1830 2949 ,
1864 2883 1960 2938 sed
1990 2898 2123 2952 quo-

536 2981 783 3039 rumdam
826 2980 1065 3036 salvator
1087 3021 1103 3048 ,
1143 2976 1496 3049 quorumdam
1526 2990 1657 3032 vero
1684 2983 1965 3046 susceptor
2005 2977 2077 3029 sit
2106 2994 2118 3027 :

538 3085 598 3131 ut
626 3075 682 3130 hi
706 3083 909 3130 tantum
941 3072 1149 3139 salvati,
1173 3086 1308 3142 quos
1332 3071 1398 3125 ad
1433 3068 1452 3107 ί
1478 3068 1876 3139 suscipiendam
1895 3069 2121 3140 gratiam

535 3167 678 3224 Deus
707 3181 927 3224 aversos
964 3166 1399 3234 reluctantesque
1433 3161 1795 3232 compulerit;
1846 3159 1903 3215 hi
1943 3169 2121 3217 autem

2230 588 2340 628 non
2364 572 2431 627 ad
2455 587 2649 629 omnes
2675 572 2939 643 pertineat
2961 571 3103 642 quod
3125 571 3201 626 ait
3230 572 3572 642 Evangelista
3611 572 3810 645 (ΠΜ,

2229 680 2270 729 ι,
2293 663 2371 735 9),
2404 662 2528 717 Erat
2557 662 2727 718 lumen
2754 680 2948 732 verum,
2970 661 3106 734 quod
3126 662 3389 718 illuminat
3415 680 3615 719 omnem
3656 665 3812 721 homi~

2229 772 2343 811 nem
2370 757 2649 810 venientem
2675 756 2727 809 in
2752 755 2888 809 hunc
2918 756 3165 809 mundum
3190 797 3205 821 ,
3250 753 3296 811 si
3335 766 3460 811 sunt
3501 758 3592 828 qui
3623 767 3716 813 aut
3741 757 3809 813 ita

2229 848 2282 903 in
2306 848 2446 904 hunc
2477 846 2734 903 mundum
2760 856 3022 904 venerunt
3045 889 3060 915 ,
3087 856 3145 904 ut
3171 862 3277 903 non
3312 858 3495 905 essent
3536 852 3809 918 tenebrae;

2229 949 2322 997 aut
2348 941 2419 997 ita
2451 941 2542 996 lux
2579 955 2703 997 esse
2733 949 3051 1012 cmperunt,
3083 952 3141 995 ut
3169 941 3558 999 illuminatione
3581 945 3697 1001 veri
3735 947 3813 1001 lu-

2229 1033 2388 1088 minis
2415 1040 2439 1069 °
2466 1048 2573 1088 non
2615 1042 2838 1103 egerent
2870 1050 2886 1089 :
2925 1048 3026 1089 nec
3053 1033 3123 1089 de
3150 1034 3401 1091 omnibus
3429 1036 3699 1106 adaptatis
3730 1053 3814 1094 ac-

2227 1126 2535 1197 cipiendum
2568 1127 2639 1182 sit
2683 1126 2828 1197 quod
2871 1127 2948 1181 ait
2989 1128 3281 1197 Apostolus
3319 1128 3340 1199 (
3362 1126 3559 1184 Coloss.
3592 1146 3633 1195 ι,
3672 1132 3811 1201 15),

2233 1217 2333 1284 Qui
2360 1218 2491 1271 eruit
2522 1233 2614 1271 nos
2641 1218 2704 1272 de
2731 1226 2981 1285 potestate
3009 1218 3329 1272 tenebrarum
3354 1262 3369 1285 ,
3403 1231 3449 1274 et
3478 1223 3740 1277 transtulit
3760 1224 3813 1278 in

2227 1326 2443 1382 regnum
2470 1307 2601 1364 Filii
2628 1308 2920 1363 dilectionis
2944 1325 3083 1375 stite;
3122 1310 3167 1364 si
3210 1310 3425 1381 quidem
3472 1312 3573 1381 ipsi
3600 1323 3628 1363 P
3671 1330 3814 1369 rum-

2230 1409 2359 1472 pant
2384 1400 2599 1456 vincula
2625 1414 2742 1465 sua,
2770 1408 2826 1455 et
2845 1442 2860 1466 ,
2888 1399 3017 1470 jugo
3044 1402 3244 1456 veteris
3270 1403 3597 1471 captivitatis
3623 1420 3813 1461 excus-

2230 1509 2311 1560 so,
2361 1508 2389 1547 a
2418 1492 2785 1548 dominatione
2809 1492 3011 1547 diaboli
3054 1493 3107 1547 in
3135 1508 3355 1564 regnum
3386 1494 3480 1551 Dei
3511 1494 3679 1552 libera
3702 1498 3812 1553 ala-

2226 1589 2416 1645 critate
2442 1602 2829 1647 transcurrant.
2862 1593 2989 1649 Haec
3017 1593 3062 1648 si
3095 1603 3320 1664 possunt
3350 1596 3487 1650 intra
3520 1611 3684 1651 unam
3716 1596 3814 1653 Ec-

2228 1682 2447 1738 clesiam
2474 1684 2779 1754 pradicari,
2821 1695 2883 1741 ut
2910 1696 3096 1741 neutra
3129 1688 3311 1758 opinio
3337 1690 3490 1745 alteri
3521 1690 3698 1758 cedat,
3722 1692 3815 1748 sed

2228 1775 2457 1831 invicem
2487 1776 2591 1831 sibi
2621 1785 2849 1847 utraque
2879 1779 3229 1845 succumbat,
3278 1790 3457 1850 potest
3493 1780 3609 1837 ﬁeri
3644 1792 3704 1837 ut
3727 1798 3816 1839 re-

2152 1860 2201 1922 B
2228 1866 2488 1936 cipiamus
2529 1868 2671 1939 quod
2701 1869 2972 1940 Pelagiani
3003 1879 3228 1938 tenent,
3273 1880 3329 1927 et
3371 1872 3643 1944 Pelagiani
3682 1877 3815 1931 reci-

2224 1958 2376 2030 piant
2403 1959 2543 2031 quod
2569 1969 2832 2017 tenemus.
2891 1959 2999 2017 Sed
3030 1962 3136 2018 hoc
3160 1962 3323 2018 modo
3350 1979 3455 2018 non
3484 1973 3594 2019 tam
3626 1966 3705 2021 illi
3726 1982 3814 2022 ca-

2226 2049 2413 2105 tholici
2446 2065 2605 2119 quam
2634 2066 2736 2107 nos
2765 2051 2966 2107 erimus
2998 2052 3163 2125 (quod
3185 2053 3345 2124 absit)
3369 2054 3663 2125 Pelagiani.
3683 2059 3813 2114 Con-

2225 2144 2514 2198 trariorum
2545 2144 2690 2201 enim
2725 2147 3014 2215 permixtio
3062 2148 3343 2204 meliorum
3379 2150 3544 2222 356
3584 2151 3815 2208 deiectio

2226 2244 2347 2298 est;
2378 2237 2499 2305 quia
2529 2252 2651 2293 Clllﬂ
2681 2240 2853 2294 virtus
2874 2240 3065 2295 vitium
3092 2241 3304 2312 recipit,
3330 2224 3443 2298 non
3480 2258 3510 2298 a
3536 2245 3687 2315 vitio,
3718 2247 3814 2303 sed

2224 2340 2254 2381 a
2280 2329 2484 2383 virtute
2512 2328 2829 2385 disceditur.

2296 2421 2347 2475 5.
2378 2419 2533 2476 ΝυΙΙο
2582 2422 2744 2491 igitur
2782 2424 2946 2479 modo
2988 2423 3284 2481 christiana
3312 2428 3477 2483 corda
3509 2431 3815 2500 suscipiunt

2223 2513 2363 2583 quod
2392 2515 2719 2585 persuadere
2738 2528 2963 2574 conatus
2999 2533 3079 2581 es.
3112 2534 3206 2576 eos
3232 2521 3324 2592 qui
3355 2522 3527 2593 gratia
3559 2523 3652 2579 Dei
3684 2538 3817 2582 sunt

2223 2606 2366 2677 quod
2393 2617 2533 2675 sunt,
2569 2624 2667 2665 nec
2702 2609 2917 2666 laudem
2945 2611 3105 2666 ullam
3136 2612 3357 2681 habere,
3385 2629 3486 2671 nec
3516 2617 3803 2683 meritum;

2224 2707 2279 2753 et
2325 2699 2393 2754 ab
2444 2715 2511 2755 eo
2555 2703 2648 2772 qui
2699 2702 2851 2758 venit
2891 2703 3102 2760 salvare
3137 2705 3279 2776 quod
3327 2708 3561 2778 perierat
3600 2719 3812 2780 partem

2224 2790 2650 2849 Christianorum
2689 2795 2973 2863 salvatam,
3027 2806 3232 2867 partem
3275 2813 3403 2855 vero
3450 2814 3570 2856 esse
3619 2816 3814 2857 susce-

2227 2897 2408 2955 ptam;
2437 2887 2689 2957 quoniam
2721 2888 2972 2960 discipuli
3015 2891 3342 2963 evangelica
3388 2894 3813 2966 apostolicaeque

2226 2978 2509 3047 doctrinae,
2538 2996 2646 3036 non
2674 2982 2783 3037 alta
2809 2985 3105 3052 sapientes,
3131 2985 3227 3041 sed
3253 2986 3549 3042 humilibus
3577 3003 3814 3044 consen-

2226 3071 2442 3143 tientes,
2476 3085 2504 3124 σι
2528 3073 2794 3131 insaniam
2827 3076 2987 3132 istam
3030 3079 3278 3149 superbas
3319 3080 3570 3136 elationis
3615 3081 3814 3140 horre-

2225 3175 2403 3220 scunt.
2448 3166 2506 3221 In
2552 3176 2666 3222 toto
2706 3168 2908 3240 quippe
2950 3167 3211 3226 Ecclesia:
3247 3185 3496 3241 corpore,
3547 3182 3713 3244 atque
3755 3174 3815 3232 in

535 3257 1367 3330 susceptisint,quivocationem
1388 3252 1887 3323 spontaneicursus
1910 3252 2123 3309 fervore
2148 3245 2198 3310 C
2226 3254 2447 3326 singulis
2485 3258 2767 3324 membris,
2815 3258 2959 3329 quod
3002 3270 3279 3316 mortuum
3323 3273 3440 3317 erat
3478 3262 3818 3320 viviﬁcaturn

541 3356 554 3403 1
597 3351 989 3424 przevenerint;
1035 3360 1090 3405 et
1120 3348 1225 3403 illis
1266 3347 1482 3418 quidem
1525 3344 1840 3401 conferatur
1869 3343 1895 3383 ι
1924 3346 2128 3416 gratui-

539 3452 651 3500 tum
668 3443 890 3510 donum,
908 3441 1023 3497 istis
1045 3454 1178 3496 vero
1196 3438 1436 3495 debitum
1461 3438 1740 3507 praemium
1767 3437 2122 3507 rependatur;

538 3537 616 3593 illi
645 3536 840 3591 nullius
881 3535 992 3590 sint
1030 3531 1202 3587 laudis
1244 3546 1308 3586 ac
1349 3530 1548 3597 meriti,
1585 3530 1677 3600 qui
1706 3530 1837 3584 nihil
1868 3530 1998 3585 boni
2031 3530 2127 3584 ha-

540 3630 722 3699 beant,
747 3625 999 3699 nisiquod
1013 3624 1351 3695 acceperint;
1371 3623 1460 3678 isti
1487 3631 1667 3679 autem
1689 3631 1745 3678 et
1760 3621 1931 3693 gloria
1955 3622 2125 3677 abun-

537 3721 689 3786 dent,
720 3728 775 3776 et
796 3717 1232 3775 remuneratione
1258 3715 1565 3784 ditescant,
1593 3714 1684 3785 qui
1713 3714 1928 3785 propria
1954 3715 2126 3770 iacul-

541 3822 649 3868 tate
673 3811 878 3874 devoti,
906 3808 1053 3880 quod
1080 3823 1189 3865 non
1218 3816 1539 3879 acceperant
1566 3806 1878 3863 obtulerunt
1906 3824 1919 3859 :
1964 3816 2127 3877 atque

541 3908 614 3963 ita
642 3906 801 3962 Jesus
829 3905 1080 3962 Christus
1117 3906 1253 3960 alios
1293 3900 1315 3941 ι
1362 3903 1618 3958 liberatos
1641 3901 1945 3969 invenerit,
1990 3902 2126 3957 alios

543 4001 822 4067 liberarii;
873 4008 930 4055 et
975 4014 1081 4055 non
1121 3998 1188 4053 ad
1236 4011 1425 4053 omnes
1464 3998 1729 4067 pertineat
1775 4006 1818 4034 ιιι
1863 3996 2005 4067 quod
2051 3999 2127 4054 ait

540 4092 964 4165 (Joun.xv,16),
986 4091 1111 4146 Non
1137 4106 1222 4145 vos
1251 4106 1330 4144 me
1352 4090 1596 4161 elegistis,
1625 4092 1713 4145 sed
1739 4107 1831 4161 ego
1860 4091 1989 4164 elegi
2016 4108 2123 4160 vos,

541 4189 589 4245 si
617 4198 742 4245 sunt
762 4205 791 4243 a
820 4187 1037 4258 quibus,
1070 4199 1190 4240 cum
1210 4198 1303 4240 eos
1330 4200 1437 4239 non
1466 4186 1745 4255 elegisset,
1771 4188 1977 4242 electus
2003 4197 2084 4244 est
2108 4204 2123 4254 ;

542 4296 647 4336 non
673 4278 741 4335 ad
768 4291 955 4334 omnes
983 4276 1271 4348 pertineat,
1295 4274 1508 4330 "Nemo
1534 4286 1697 4347 potest
1726 4280 1894 4332 venire
1924 4281 1991 4332 ad
2022 4296 2125 4347 me,

540 4373 639 4426 nisi
664 4373 841 4427 datum
867 4370 1018 4440 fuerit
1043 4370 1089 4424 ei
1119 4386 1152 4423 a
1175 4366 1333 4423 Patre
1357 4383 1467 4422 meo
1497 4366 1767 4440 (Ibid.,vt,
1793 4368 1906 4440 66).
1929 4372 1974 4427 si
2004 4378 2129 4427 sunt

613 4602 639 4633 ι
669 4593 768 4650 Ms.
797 4590 1074 4656 Joliensis,
1106 4591 1447 4646 monimentis.

610 4663 639 4704 δ
670 4665 769 4719 Ms.
797 4661 1069 4727 Joliensis,
1100 4662 1340 4716 excitare.

615 4746 637 4775 ε
666 4736 942 4791 Editiones
970 4731 1203 4803 Mogunt.
1244 4741 1297 4788 et
1332 4731 1468 4789 Ven.
1497 4732 1756 4789 omittunt
1783 4732 1920 4802 haec,
1948 4744 2004 4789 ut
2023 4737 2123 4791 im-

541 4808 797 4933 ριῗίωῧᾘί
825 4876 1172 4932 Corbeiensis
1201 4884 1257 4932 et
1286 4875 1523 4946 Remig.,
1551 4876 1787 4944 donare;
1819 4879 2002 4935 caeteri
2026 4894 2119 4935 co-

541 4951 709 5013 dices,
741 4948 1051 5002 condonare.

613 5031 635 5058 ο
669 5022 722 5074 In
752 5017 1224 5089 msssltemigiano
1249 5031 1313 5072 ac
1341 5019 1585 5084 Joliensi,
1620 5021 1747 5077 item
1781 5022 1833 5076 in
1866 5022 2119 5077 editioni-

538 5092 639 5147 bus
669 5091 829 5159 Mog,
858 5088 995 5145 Ven.
1026 5087 1299 5159 et'Lugd.,
1344 5106 1455 5145 non
1495 5092 1743 5159 leguntur
1773 5094 1888 5149 haec
1925 5094 2113 5162 verba,

539 5180 599 5217 ac
620 5164 950 5235 salvatorem,
981 5175 1153 5230 neque
1182 5163 1309 5235 ista,
1333 5162 1622 5235 adjutorem
1647 5180 1726 5219 ac.

614 5233 633 5272 ί
662 5232 887 5298 Lovan.,
922 5228 1089 5286 Duae.
1136 5240 1192 5287 et
1217 5228 1412 5288 Colon:
1439 5233 1645 5288 addunt
1688 5235 1778 5289 hic
1816 5248 2115 5305 pronomen

543 5317 782 5430 "agellis.
813 5372 1086 5440 Joliensis,
1130 5387 1252 5429 cum
1292 5356 1527 5445 Magum.
1557 5384 1613 5430 et
1644 5374 1803 5443 Ven.,
1841 5377 2122 5449 fugientes-

544 5461 795 5598 qugiiss.
827 5514 1036 5586 Remig.
1067 5524 1124 5571 et
1149 5515 1277 5584 10L,
1300 5516 1429 5572 edit.
1464 5517 1705 5589 Mogunt.
1733 5526 1787 5573 et
1806 5516 1968 5587 Ven.,
1991 5536 2123 5589 prte-

544 5594 833 5639 scriptione.

701 5602 716 5636 ι
821 5625 833 5638 .

540 5600 934 5731 ωνῖᾐιιδᾜὼιη.
983 5667 1037 5712 et
1086 5659 1412 5727 posteriores
1443 5706 1455 5729 ,
1506 5660 1574 5714 ad
1611 5661 2036 5731 percipiendam;
2067 5671 2121 5717 et

2230 3358 2333 3416 est,
2363 3349 2505 3419 quod
2534 3350 2805 3419 captivum
2830 3359 2947 3406 erat
2973 3351 3311 3421 redemptum
3339 3364 3444 3419 est,
3474 3355 3620 3424 quod
3644 3369 3821 3411 carea-

2231 3448 2344 3497 tum
2391 3451 2508 3497 erat
2543 3442 2903 3499 illuminatum
2944 3451 3051 3509 est,
3083 3444 3227 3515 quod
3259 3446 3492 3514 perierat
3528 3448 3821 3516 quaesitum

2229 3543 2334 3603 est,
2374 3545 2396 3572 ι·
2441 3534 2584 3606 quod
2633 3535 2850 3592 errabat
2886 3536 3159 3592 inventum
3201 3545 3305 3592 est.
3356 3536 3468 3593 Nec
3516 3538 3820 3595 secundum

2230 3642 2425 3683 novam
2460 3636 2482 3664 ι
2514 3626 2671 3682 istam
2716 3627 3082 3697 partitionem,
3126 3628 3355 3683 aliorum
3384 3628 3648 3695 salvator,
3684 3630 3822 3686 alio-

2232 3736 2353 3776 rum
2382 3729 2693 3790 susceptor;
2742 3719 2839 3776 sed
2878 3722 3118 3775 omnium
3160 3734 3542 3792 usquequaque
3574 3722 3821 3778 ﬁdelium

2233 3824 2287 3871 et
2306 3814 2543 3869 salvator
2563 3824 2617 3870 et
2644 3824 2927 3882 susceptor
2946 3823 3033 3871 est
3054 3812 3321 3870 Christus.
3349 3814 3460 3871 Nec
3486 3815 3687 3871 merito
3713 3819 3735 3855 ι
3758 3832 3824 3871 ac

2233 3907 2392 3963 laude
2436 3908 2719 3978 privantur
2764 3908 2855 3979 qui
2883 3907 3029 3965 unde
3081 3918 3289 3963 aeterna
3333 3907 3474 3963 bona
3506 3917 3827 3965 mereantur

2232 3999 2532 4070 accipiunt;
2575 4006 2835 4069 tantoque
2874 4000 3147 4055 beatiores
3175 3998 3328 4069 ﬁunt,
3359 4007 3562 4069 quanto
3589 3999 3828 4070 paucio-

2233 4108 2291 4148 ra
2335 4092 2623 4147 habuerint
2672 4106 2791 4161 qua:
2832 4091 3072 4161 ipsorum
3118 4100 3274 4158 sunt,
3322 4100 3378 4146 et
3413 4099 3615 4161 quanto
3665 4093 3829 4164 plura

2234 4201 2352 4256 qua:
2378 4186 2475 4241 Dei
2512 4194 2657 4240 sunt.
2690 4183 2810 4240 Non
2845 4185 2993 4240 enim
3032 4184 3326 4241 conturbat
3353 4199 3455 4239 nos
3496 4184 3829 4254 superbien-

2235 4279 2366 4333 tium
2414 4277 2597 4347 inepta
2642 4277 3013 4347 querimonia,
3044 4284 3075 4313 ιι
3102 4291 3206 4347 qua
3257 4275 3486 4332 liberum
3531 4276 3827 4332 arbitrium

2235 4382 2525 4427 causantur
2554 4368 2780 4438 auferri,
2830 4370 2877 4426 si
2920 4377 2974 4425 et
3012 4366 3299 4440 principia,
3329 4374 3385 4424 et
3419 4366 3722 4438 proiectus,
3765 4374 3830 4422 et

2152 4601 2206 4663 1)
2232 4604 2370 4650 runt.

2301 4664 2328 4703 κ
2351 4665 2494 4719 Edit.
2523 4665 2736 4731 Colon.,
2760 4666 3043 4735 gratiarum
3064 4665 3279 4720 donum.

2255 4736 2323 4820 Νι
2355 4737 2432 4791 Ita
2472 4751 2600 4794 mss.
2647 4736 2832 4804 Corb.,
2864 4736 3071 4806 Remig.
3100 4746 3155 4791 et
3179 4735 3285 4791 Jol.
3308 4736 3378 4792 At
3411 4736 3587 4809 Lugd.
3613 4737 3835 4799 habent

2227 4808 2641 4934 hbggditiones
2668 4878 2908 4947 lingunt.
2939 4886 2993 4934 et
3019 4876 3180 4944 Ven.,
3208 4879 3298 4947 qui
3324 4881 3417 4935 ait.

2298 4950 2455 5025 n__Sic
2500 4966 2632 5025 mss:
2664 4948 2851 5025 Corb.,
2898 4950 3105 5018 Remig.
3151 4960 3205 5025 et
3228 4950 3366 5025 Jol.,
3399 4965 3633 5025 net_:_non
3665 4953 3829 5025 Mog.

2224 5030 2276 5077 et
2316 5021 2452 5076 Ven.
2498 5021 2568 5076 At
2608 5019 2777 5092 Lugd.
2816 5035 2938 5076 cum
2992 5022 3415 5090 posterioribus,
3462 5021 3633 5078 Nemo
3677 5019 3839 5082 variis

2227 5093 2633 5218 ad°mlgditiones
2664 5161 2902 5232 Mogunt.
2933 5169 2987 5215 et
3018 5160 3180 5229 Ven.,
3209 5161 3332 5218 Non
3356 5172 3552 5234 egeant.

2358 5233 2530 5302 Lugd.
2561 5243 2612 5287 et
2644 5236 2991 5303 pOSteriores,
3020 5243 3263 5302 rumpunt
3293 5274 3307 5287 .
3343 5274 3357 5287 .
3391 5273 3405 5287 .
3431 5244 3835 5293 transcurrunt.

2231 5306 2330 5361 Ms.
2356 5305 2640 5369 'Joliensis,
2666 5312 2911 5376 ruperant
2937 5343 2950 5356 .
2977 5342 2992 5357 .
3016 5343 3030 5357 .
3061 5343 3076 5376 τ
3103 5342 3117 5356 .
3145 5343 3159 5357 .
3184 5311 3611 5360 transcurrerant.

2301 5388 2347 5463 εξ.
2377 5377 2522 5459 Egit.
2549 5373 2829 5463 ILugd.'let
2875 5373 3202 5463 posteriores
3228 5415 3242 5439 ,
3282 5376 3534 5429 insaniant
3575 5379 3843 5448 superba
3907 5444 3945 5463 ὸ

2228 5448 2482 5511 elationis,
2514 5444 2717 5513 absque
2747 5444 2846 5499 hac
2872 5459 3026 5509 voce,
3053 5447 3225 5498 istam.

2306 5528 2328 5556 τ
2354 5518 2524 5581 Lugd.
2549 5526 2603 5571 et
2632 5516 2984 5581 recentiores,
3015 5518 3150 5585 quod
3175 5524 3449 5569 moverat.

2306 5596 2327 5623 ³
2355 5588 2495 5643 Edit.
2526 5586 2694 5656 Lugd.
2719 5597 2775 5641 et
2802 5587 3128 5654 posteriores
3159 5602 3263 5639 non
3291 5588 3510 5651 habent,
3532 5587 3709 5644 istam.

2300 5660 2317 5695 ί
2346 5660 2444 5714 Ms.
2480 5656 3111 5727 Remigiano-Remensis
3140 5672 3231 5709 nec
3257 5657 3423 5711 laude.

540 5728 709 5802 paulo
725 5736 870 5802 post.
899 5743 997 5797 pro
1026 5744 1251 5802 aversos,
1282 5745 1410 5785 mss.
1442 5728 1625 5793 Corb.,
1660 5728 1869 5802 Remig.
1906 5743 1961 5787 et
1986 5731 2116 5802 10L,

539 5798 661 5858 sum
692 5799 929 5870 Magum.
960 5810 1014 5852 et
1037 5798 1202 5870 ,Ven.,
1236 5801 1433 5857 habent
1458 5804 1714 5857 adversos.

612 5870 630 5926 i
676 5868 802 5929 “si
824 5868 1078 5929 Joliensis
1114 5885 1243 5928 cum
1281 5873 1516 5944 Mogunt.
1560 5885 1614 5933 et
1644 5874 1782 5933 Ven.
1807 5916 1822 5938 .
1853 5890 2109 5936 vrtevene-

2292 5731 2442 5784 “Ms.
2486 5729 2708 5802 Joliens.
2739 5772 2754 5795 ,
2796 5743 2913 5799 qua:
2962 5727 3248 5802 liberum...
3297 5735 3540 5782 causatur
3588 5732 3847 5802 auferri.

2217 5800 2394 5930 fulgit.
2417 5810 2473 5859 et
2502 5798 2856 5873 posteriores,
2901 5799 3024 5870 quia
3061 5798 3344 5857 liberum...
3391 5798 3674 5857 causantur
3712 5820 3862 5864 au-

2240 5889 2365 5929 errr.
