4028 6352
521 347 629 411 ³67

1773 336 1829 392 8.
1870 333 2207 393 PROSPERI
2248 328 2582 400 AQUITANI

3712 315 3812 381 968

519 479 641 519 vero
670 479 701 516 a
736 460 955 516 Domino
987 467 1012 496 ι
1038 457 1264 528 indigeat
1287 453 1551 527 adjuvari.
1578 450 1687 507 Nec
1708 452 1845 506 enim
1876 468 1993 507 cum
2033 469 2122 507 vo-
2155 454 2199 513 A
2229 449 2602 515 subtrahentes,
2661 445 3016 502 ecclesiastica:
3089 440 3213 515 ﬁdei
3260 444 3492 516 regulam
3549 443 3816 499 excessisse

522 556 679 611 luerit
701 554 815 624 quis
835 554 1055 605 sanitate
1067 551 1366 620 perfruitur.
1392 556 1479 599 aut
1508 548 1570 600 de
1600 546 1921 617 aegritudinis
1948 543 2125 599 morbo

524 665 621 720 pro
644 646 844 701 arbitrii
868 646 947 697 sui
975 644 1231 697 desiderio
1261 640 1530 694 liberatur.

612 741 775 810 Quasi
802 739 1040 794 medicus
1069 747 1253 790 noster
1273 735 1296 772 δ
1332 751 1437 789 non
1466 734 1628 788 etiam
1661 734 1764 789 hoc
1794 732 1959 790 donet.
1982 745 2125 786 mor-

524 833 682 899 bidis,
713 841 769 895 ut
796 840 850 887 et
878 847 1057 885 verum
1089 828 1404 883 desiderent
1424 829 1736 879 sanitatem.

835 924 1061 993 Quaen
1088 934 1423 976 DRFtNITIONE
1446 933 1644 973 ιιιοτιιιι
1678 932 1775 972 es'r
1802 933 1817 971 :

608 1020 676 1078 Ut
704 1028 875 1077 autem
905 1018 1184 1077 evidentius
1231 1014 1615 1076 clareat,etiam
1662 1028 1750 1078 per
1790 1020 1988 1064 natura!
2038 1008 2126 1062 bo-

525 1132 671 1181 num,
704 1114 840 1186 quod
872 1111 1115 1179 beneﬁcio
1137 1109 1391 1162 Creatoris
1442 1106 1702 1159 indultum
1736 1115 1829 1167 est,
1862 1119 2125 1157 nonnum-

524 1223 677 1277 quam
706 1206 957 1260 bonarum
984 1202 1300 1256 voluntatum
1343 1198 1551 1271 prodire
1593 1196 1868 1268 principia,
1902 1210 2013 1261 qua:
2049 1204 2125 1246 ta-

522 1316 638 1369 men
667 1299 765 1351 nisi
795 1315 825 1367 a
860 1296 1079 1349 Domino
1125 1295 1447 1365 dirigantur,
1484 1299 1504 1326 ο
1538 1289 1607 1343 ad
1632 1288 2123 1343 cons-nuntiationem

522 1392 769 1444 virtutum
797 1388 1053 1460 pervenire
1086 1402 1188 1438 non
1244 1392 1487 1454 possunt,
1522 1381 1795 1451 Apostolus
1846 1381 1984 1433 testis
2023 1388 2119 1445 est,

524 1484 697 1537 dicens
728 1497 747 1534 :
785 1480 927 1541 Velle
953 1480 1087 1537 enim
1126 1476 1330 1549 adjacet
1353 1475 1497 1540 mihi,
1533 1474 1779 1544 perﬁcere
1826 1482 2001 1526 autem
2033 1471 2123 1525 bo-

522 1595 649 1638 num
674 1596 780 1640 non
810 1578 1013 1637 inuenio
1045 1574 1221 1646 (Rom.
1258 1570 1490 1641 vu,18}.

593 1669 757 1737 Quasi
788 1668 1073 1737 Aposmlus
1118 1683 1183 1721 es
1234 1663 1473 1719 naturali
1506 1662 1721 1728 affectu,
1784 1672 1839 1717 et
1892 1676 1998 1716 non
2053 1674 2123 1717 ex

522 1765 709 1834 gratiae
739 1763 884 1818 dono
912 1762 1107 1817 bonam
1150 1759 1347 1814 babeat
1385 1758 1745 1823 voluntatem,
1771 1756 1859 1825 qui
1898 1754 2121 1825 profite-

2232 544 2515 599 videamur.

2301 638 2461 704 Quasi
2497 639 2566 690 ita
2618 645 2907 705 utrumque
2950 632 3316 706 recipiendum
3366 632 3458 701 sit,
3515 640 3574 689 ut
3613 633 3667 690 in
3707 633 3818 691 aliis

2236 726 2252 781 ί
2291 729 2594 789 hominibus
2624 730 2876 784 voluntas
2899 728 3159 798 gratiam,
3196 727 3247 780 in
3275 725 3399 781 aliis
3425 726 3595 796 gratia
3624 740 3819 798 pr:er-

2229 823 2341 881 niat
2381 824 2829 883 voluntatemzet
2879 838 2985 877 non
3030 822 3102 876 ita
3136 821 3277 876 utin
3324 822 3578 875 omnibus
3642 822 3821 877 volun-

2229 923 2310 970 tas
2344 917 2568 985 gratiam
2601 916 2985 985 subsequatur.
3021 912 3285 979 Quoniam
3317 911 3615 969 secundum
3658 913 3818 984 ipsos,

2229 1008 2271 1063 si
2296 1007 2535 1063 aufertur
2566 1008 2794 1063 liberum
2849 1006 3134 1062 arbitrium
3192 1020 3313 1060 cum
3359 1007 3532 1076 gratia
3568 1006 3819 1073 pra-veni-

2230 1110 2351 1167 tur,
2410 1100 2651 1157 aufertur
2706 1100 2878 1173 gratia
2928 1113 3051 1154 cum
3120 1097 3292 1165 libero
3361 1097 3639 1154 arbitrioi
3698 1112 3816 1169 prae

2230 1196 2465 1263 venitur.

2520 1288 2762 1347 SEPTIIA
2788 1302 3130 1344 DEFINITIONE
3160 1301 3364 1345 ιιιετωι
3388 1300 3486 1344 εδι-
3512 1303 3525 1339 ε

2301 1383 2545 1454 Concepit
2597 1400 2716 1455 ergo
2777 1382 2944 1437 Adam
2986 1391 3099 1454 post
3144 1382 3641 1451 praevaricationem.
3672 1396 3819 1450 quam

2229 1493 2330 1533 non
2352 1478 2623 1545 habuerat,
2654 1477 2920 1533 scientiam
2944 1476 3070 1531 ntali
3102 1494 3120 1531 :
3156 1476 3275 1531 boni
3300 1492 3417 1531 vero
3438 1492 3593 1545 quam
3624 1491 3819 1547 accepe-

2228 1580 2330 1634 rat,
2364 1573 2630 1627 scientiam
2659 1588 2763 1626 non
2785 1571 2981 1625 amisit.

2299 1662 2431 1737 Cum
2467 1677 2758 1734 utrumque
2779 1665 2848 1719 sit
2875 1664 3064 1719 falsqu
3100 1681 3111 1717 :
3142 1664 3265 1734 quia
3298 1673 3354 1720 et
3380 1678 3421 1719 ea
3448 1670 3657 1734 quanto
3686 1662 3821 1725 malo

2227 1753 2452 1810 kAdam
2505 1769 2699 1811 cavere
2743 1755 2987 1822 deberet,
3041 1755 3152 1810 Deo
3181 1764 3437 1811 monente
3490 1756 3819 1824 praedidicit;

522 1866 611 1911 tur
641 1869 708 1921 es
743 1855 849 1909 Deo
869 1853 971 1908 sibi
1021 1866 1143 1913 esse
1194 1850 1574 1907 sufﬁcientiam
1634 1850 1796 1903 etiam
1851 1844 2123 1915 cogitandi
2153 1856 2283 1917 Bet
2313 1851 2366 1904 in
2408 1862 2609 1920 quanto
2658 1850 2801 1906 bono
2848 1863 2994 1907 esset
3026 1854 3374 1920 constitutus,
3428 1854 3559 1909 dum
3613 1852 3824 1913 diabolo

524 1948 587 2016 (ιι
616 1946 736 2007 Cor.
768 1961 845 2009 ιιι,
875 1945 955 2014 5).

838 2040 1047 2106 Qum“
1068 2051 1403 2094 DEIINITIONE
1437 2051 1628 2091 meum
1658 2051 1753 2089 ssr
1788 2051 1801 2086 :

592 2134 659 2187 Et
690 2135 764 2189 ita
810 2141 931 2187 sunt
968 2130 1076 2185 licet:
1114 2131 1338 2201 quodam
1368 2128 1517 2181 modo
1561 2129 1833 2181 indiscrete
1879 2124 2124 2194 permista

522 2238 676 2297 atque
694 2226 936 2295 confusa,
963 2233 1017 2277 ut
1048 2224 1173 2295 quid
1198 2239 1260 2276 ea:
1306 2240 1405 2292 quo
1463 2220 1701 2292 pendeat,
1764 2220 1895 2271 inter
1939 2217 2125 2271 multos

525 2335 717 2391 magna
743 2318 1024 2389 quaestione
1053 2314 1286 2369 volvatur
1312 2330 1330 2368 :
1359 2314 1411 2367 id
1439 2324 1533 2379 est,
1580 2323 1751 2366 utrum
1776 2312 1899 2380 quia
1923 2310 2121 2363 initiunt

524 2412 670 2467 bona:
737 2411 1020 2465 voluntatis
1076 2412 1462 2478 pratbuerimus,
1530 2408 1829 2461 misereatur
1907 2402 2123 2461 nostri“

520 2501 684 2563 Deus.
718 2520 785 2557 an
806 2502 927 2573 quia
953 2500 1089 2556 Deus
1123 2502 1413 2564 miseretur,
1461 2513 1832 2567 consequamur
1858 2496 2003 2550 bona:
2031 2512 2120 2548 vo—

522 2594 735 2649 luntatis
764 2595 987 2647 initium.
1040 2591 1198 2646 Multi
1249 2592 1386 2645 enim
1431 2590 1640 2661 singula
1694 2591 1803 2643 lucc
1839 2589 2119 2654 credentes,

520 2704 583 2744 ac
603 2693 750 2762 justo
779 2689 1001 2756 amplius
1043 2698 1355 2752 asserentes,
1401 2685 1557 2739 variis
1606 2681 2120 2756 sibique'contrariis

519 2783 927 2839 sunterraribus
980 2782 1213 2834 involuti.
1266 2780 1325 2835 Si
1374 2782 1509 2834 enim
1541 2779 1845 2845 dixerimus,
1892 2793 2121 2832 nostrum

520 2890 627 2928 esse
847 2876 990 2927 bona:
1032 2873 1349 2944 principium
1392 2873 1692 2938 voluntatis,
1735 2871 1861 2943 quid
1916 2874 2016 2943 fuit
2068 2874 2121 2925 in

521 2977 842 3037 persecutore
875 2964 1221 3034 Paulo?quid
1249 2965 1301 3017 in
1352 2964 1624 3034 publicano
1658 2965 1954 3019 Muttlttco?
1996 2980 2121 3034 quo-

521 3073 637 3112 rum
668 3073 798 3123 unus
834 3059 1003 3111 cruori
1026 3074 1088 3111 ac
1116 3058 1385 3128 suppliciis
1434 3060 1777 3123 innocentum,
1817 3059 1955 3114 alius
2016 3060 2121 3114 vio-

523 3149 698 3215 lentiis
725 3165 785 3213 uc
810 3149 1004 3214 rapinis
1037 3150 1254 3218 publicis
1278 3150 1528 3206 incubans
1562 3160 1584 3188 ο
1616 3153 1892 3206 attrahitur
1920 3153 1988 3208 ad
2029 3170 2119 3209 sa-

2234 1943 2484 2007 creilidit,
2515 1943 2715 1999 oblitus
2742 1953 2847 1999 est.
2898 1943 3052 1999 Sicut
3085 1954 3265 2001 autem
3322 1944 3552 2012 pessima
3604 1943 3824 2005 scientia

2229 2036 2356 2092 mali
2391 2045 2496 2101 est,
2529 2033 2550 2073 ι
2581 2037 2781 2093 malum
2808 2052 2968 2105 esse;
2998 2039 3071 2092 ita
3096 2039 3326 2109 pessima
3356 2039 3663 2109 ignorantia
3702 2036 3824 2094 boni

2229 2141 2332 2199 εει,
2352 2130 2551 2186 bonum
2587 2145 2696 2186 non
2727 2146 2871 2186 esse.

2536 2222 2758 2279 Ocnvs
2780 2238 3117 2280 nummos:
3139 2239 3338 2281 ntcwtt
3363 2239 3489 2280 sar:

2301 2311 2450 2369 Unde
2476 2317 2757 2370 cavendum
2793 2316 2939 2369 nobis
2979 2325 3074 2383 est,
3124 2333 3184 2371 ne
3228 2318 3300 2373 ita
3340 2317 3408 2371 ad
3448 2315 3614 2370 Deum
3647 2315 3818 2369 aninia

2226 2418 2523 2465 sanctarum
2539 2410 2716 2464 merita
2739 2413 3045 2479 referamus,
3076 2421 3130 2473 ut
3155 2411 3287 2467 nihil
3335 2410 3434 2467 nisi
3475 2410 3531 2465 id
3554 2411 3691 2481 quod
3714 2425 3825 2463 ata-

2227 2504 2333 2556 lum
2355 2514 2427 2557 est
2449 2501 2691 2557 Itumance
2712 2503 3035 2559 ascribamus
3058 2515 3278 2560 natum.

2296 2594 2463 2661 Quasi
2491 2605 2680 2651 natura
2731 2606 2856 2651 ante
2875 2600 3100 2666 gratiam
3133 2612 3240 2651 non
3267 2596 3334 2651 sit
3362 2596 3414 2651 in
3446 2594 3823 2664 dantuatioue,

2225 2704 2334 2755 non
2358 2693 2428 2744 sit
2450 2692 2501 2743 in
2523 2691 2783 2755 caecitate,
2817 2706 2924 2747 non
2950 2692 3017 2746 sit
3052 2694 3103 2746 in
3136 2694 3363 2750 vulnere
3396 2711 3409 2746 :
3436 2702 3526 2749 aut
3568 2708 3675 2748 non
3704 2707 3828 2764 grs-

2224 2785 2293 2840 tis
2313 2785 2593 2854 justificati
2622 2787 2749 2855 sint,
2782 2802 3009 2857 quorum
3036 2797 3076 2826 ω
3110 2789 3236 2845 inde
3277 2798 3404 2845 sunt
3432 2790 3647 2853 merita.
3685 2789 3827 2847 unde

2220 2880 2454 2950 justitia.

2570 2974 2720 3030 NONA
2752 2990 3091 3037 θεειιιιτιοιιιι
3123 2991 3323 3033 ιιιοτιιιι
3368 2991 3467 3032 εει·
3493 2992 3507 3032 :

2298 3066 2541 3126 Dubitari
2553 3087 2672 3143 ergo
2685 3088 2786 3127 non
2806 3074 3014 3142 potest,i
3020 3091 3159 3128 nesse
3172 3076 3311 3128 omni
3324 3075 3510 3129 animce
3523 3074 3829 3129 naturaliter

2229 3162 2392 3234 360
2416 3166 2660 3219 virtutum
2712 3168 2928 3230 semina,
2985 3166 3230 3236 beneﬁcio
3287 3165 3542 3222 Creatoris
3587 3168 3782 3222 inserta
3808 3182 3833 3222 :

526 3243 703 3299 lutem.
854 3259 970 3297 vero
1026 3242 1239 3317 gratia‘
1289 3244 1381 3298 Dei
1432 3262 1628 3317 semper
1682 3248 1929 3319 inspirari
1977 3248 2122 3303 ὺυηω
2149 3252 2194 3316 C
2226 3259 2315 3309 sed
2362 3258 2464 3310 ﬂigi
2492 3259 2601 3311 Ιιιεε
2641 3256 2979 3326 opitulatione
3150 3259 3343 3328 fuerin;
3384 3260 3626 3327 excitata,
3658 3260 3728 3313 σά
3752 3260 3833 3314 ξπ.

522 3336 800 3401 uoluntatis
829 3337 1083 3405 principia
1114 3338 1419 3401 dixerimus,
1452 3340 1576 3407 quid
1624 3340 1684 3393 de
1713 3339 1948 3395 ZaCCIllPi
1973 3342 2075 3411 ﬁde
2097 3343 2122 3395 7

523 3430 646 3500 quid
676 3428 739 3481 de
776 3428 917 3482 illius
952 3431 1005 3482 in
1031 3445 1178 3483 cruce
1201 3429 1448 3483 Latronis
1496 3433 1680 3499 pietate
1739 3434 1965 3488 dicemus
1987 3434 2012 3488 ?
2034 3436 2123 3506 qui

524 3523 779 3579 desiderio
809 3540 902 3577 suo
924 3525 1022 3577 vim
1046 3524 1325 3595 quamdam
1378 3528 1549 3595 regnis
1590 3527 1871 3582 caelestibus
1896 3530 2127 3599 inferen-

522 3622 617 3681 tes,
641 3616 882 3688 specialia
904 3617 1180 3671 vocationis
1203 3618 1396 3671 monita
1427 3630 1798 3688 praevenerunt.

600 3708 656 3763 In
690 3724 875 3763 errore
906 3724 1026 3764 esse
1064 3710 1262 3765 dicitur
1313 3721 1367 3765 et
1417 3714 1461 3767 is
1516 3716 1607 3784 qui
1651 3731 1718 3770 ex
1764 3718 1938 3786 gratia
1976 3720 2122 3773 nasci

522 3800 721 3857 bonam
753 3803 945 3856 asserit
984 3802 1339 3870 voluntatem,
1394 3812 1452 3859 et
1498 3806 1543 3859 is
1587 3808 1675 3876 qui
1729 3807 1857 3862 dicit
1899 3810 2125 3878 gratiam

526 3906 591 3950 ex
622 3891 761 3948 bona
792 3895 1069 3950 voluntate
1106 3897 1337 3964 pendere
1366 3912 1382 3951 :
1426 3906 1482 3952 et
1533 3910 1713 3955 tamen
1750 3912 1976 3971 utraque
2004 3920 2129 3958 son-

522 3988 687 4043 tentia
716 3989 1059 4058 suscipienda
1091 4000 1114 4037 8
1149 3991 1478 4058 decernitur,
1514 3992 1641 4048 dum
1680 3996 1840 4051 unius
1871 3998 1924 4053 in
1957 3978 2128 4054 Paulo

522 4088 580 4137 et
608 4080 880 4144 Mattbseo.
920 4083 1145 4139 alterius
1172 4084 1224 4138 in
1250 4084 1513 4140 Zacclweo
1553 4097 1609 4143 et
1659 4087 1894 4146 Latrone
1948 4094 2128 4149 forma

522 4176 840 4248 praeﬁgitur.

856 4268 1041 4326 Sex-rs
1069 4286 1410 4329 aerumnosa
1442 4291 1634 4332 mcwu
1665 4293 1795 4334 usr:

598 4360 727 4417 Htec
752 4380 869 4432 ergo
896 4364 1019 4426 duo,
1046 4365 1097 4417 id
1140 4376 1232 4429 est,
1268 4368 1436 4438 gratia
1482 4372 1558 4423 vel
1591 4373 1807 4427 liberant
1835 4377 2128 4447 arbitrium,

522 4455 617 4517 sibi
671 4458 875 4525 quidem
916 4458 1127 4513 invicem
1175 4459 1412 4515 videntur
1461 4463 1720 4531 adversa;
1775 4471 1864 4523 sed
1910 4482 2132 4543 utraque

524 4550 859 4614 concordant,
885 4560 932 4604 et
962 4547 985 4586 δ
1017 4562 1233 4616 utraque
1276 4572 1367 4609 nos
1420 4560 1616 4627 pariter
1658 4561 1841 4617 debere
1869 4568 2132 4638 suscipere

2226 3360 2537 3404 crementum
2566 3353 2895 3423 perfectionis
2925 3370 3027 3405 non
3064 3360 3303 3421 poterunt
3335 3356 3618 3420 pervenire.

2296 3441 2458 3510 Quasi
2481 3444 2549 3498 de
2592 3445 2924 3511 spiritalibus
2963 3452 2993 3480 ιι
3022 3444 3180 3500 bonis
3234 3445 3367 3499 nihil
3409 3446 3582 3501 Adam
3622 3459 3842 3515 praeva-

2226 3536 2451 3592 ricando
2480 3536 2808 3603 perdiderit;
2838 3550 2890 3593 et
2920 3538 3098 3593 virtus
3124 3554 3228 3594 non
3253 3550 3311 3595 ut
3338 3540 3604 3596 habeatur
3628 3541 3837 3608 danda,

2226 3628 2325 3683 sed
2359 3637 2384 3666 ο
2405 3638 2467 3685 ιιι
2496 3627 2713 3686 facilius
2735 3629 3127 3700 perfectionem
3149 3632 3542 3704 apprehendat,
3569 3633 3842 3690 hortanda

2228 3718 2323 3776 sit.

2540 3814 2749 3873 DEcnts
2774 3832 3113 3874 ιιιιινιιιιτιοιιε
3137 3834 3338 3875 ιιιοτιιιι
3368 3834 3467 3875 εετ
3492 3836 3507 3872 :

2307 3906 2459 3974 Quod
2483 3908 2638 3963 etiam
2671 3909 2727 3963 in
2773 3908 2876 3964 Job
2924 3911 3286 3983 probatissimo
3338 3913 3535 3965 athleta
3561 3926 3680 3972 suo.
3722 3926 3847 3967 ω

2229 4017 2345 4057 eum
2370 4002 2607 4057 diabolus
2652 4004 2945 4072 expetiisset
2992 4005 3059 4058 ad
3100 4003 3369 4075 singulare
3398 4016 3683 4072 certamen,
3718 4005 3851 4059 divi-

2232 4110 2354 4147 nam
2376 4096 2591 4165 legimus
2621 4096 2900 4163 providisse
2920 4099 3205 4168 justitiam.
3258 4098 3318 4154 Si
3346 4100 3481 4152 enim
3523 4106 3711 4153 contra
3740 4102 3853 4153 ini-

2236 4186 2452 4250 micum,
2487 4204 2591 4240 non
2614 4204 2708 4241 sua
2735 4190 2938 4255 virtute,
2963 4192 3052 4244 sed
3108 4191 3200 4244 Dei
3249 4191 3412 4246 solius
3466 4192 3651 4261 fuisset
3676 4194 3858 4263 gratia

2233 4290 2525 4353 protegente
2546 4298 2870 4353 congressus,
2899 4292 2945 4337 et
2988 4284 3179 4351 absque
3213 4286 3324 4340 ulla
3368 4287 3554 4339 virtute
3578 4288 3859 4357 patienti.

2232 4387 2359 4439 sine,
2390 4373 2564 4427 divina
2588 4383 2783 4427 tantum
2810 4376 3155 4445 opitulatione
3203 4375 3473 4445 suﬂ'ultus,
3524 4380 3859 4450 multiplices

2232 4462 2377 4530 illas,
2404 4483 2463 4519 ac
2491 4475 2599 4521 tota
2620 4467 2816 4520 inimici
2844 4468 3149 4523 crudelitate
3192 4471 3455 4538 qucsitas,
3499 4471 3858 4526 tentatiom

2234 4557 2395 4612 moles
2418 4570 2463 4611 et
2486 4560 2640 4612 exitia
2664 4561 2992 4631 pertulisset;
3032 4564 3291 4633 quomodo
3341 4579 3443 4617 non
3473 4560 3625 4616 illam
3647 4564 3861 4619 calum-

524 4630 726 4683 nietatis
760 4631 958 4684 ratione
994 4632 1285 4705 colligimus
1317 4652 1337 4689 :
1380 4652 1445 4691 ne
1491 4656 1651 4695 unum
1688 4642 1875 4699 lterum
1921 4630 2118 4703 homini
2143 4641 2197 4702 D
2224 4651 2427 4705 niosam
2448 4650 2710 4721 diabolus,
2734 4670 2890 4724 quant
2921 4652 3065 4724 prius
3089 4658 3327 4713 emiserat
3364 4672 3557 4721 vocem,
3591 4658 3862 4713 adversus

593 4863 619 4891 ι
647 4851 1096 4940 Ms..19_|iensis.,
1147 4858 1568 4940 cum__Mngunt_._
1618 4872 1674 4919 et
1714 4864 1941 4940 Venet”
1991 4872 2117 4940 quia

517 4926 737 5049 titiam...
768 4925 960 4995 indiget
983 4927 1236 4996 adjuvari.
1270 4925 1425 5001 Mog:
1442 4942 1495 4987 et
1530 4933 1689 5001 Ven.,
1714 4925 1941 5013 indigeat
1959 4925 2114 5011 aditi?

557 5013 657 5047 art.

594 5014 635 5047 Η
646 5036 657 5047 .

591 5066 615 5104 δ
645 5065 813 5147 Lugd.
842 5074 895 5147 ent
934 5070 1284 5147 posteriores,
1333 5090 1436 5147 rm_n
1481 5079 1602 5147 jam
1651 5081 1826 5134 etiam.
1864 5123 1901 5136 ..
1937 5095 1994 5138 ut
2024 5101 2111 5139 re—

515 5153 652 5221 rum.
693 5138 824 5221 Mss.-
850 5138 1036 5204 (ἔθνὴ,
1064 5141 1268 5221 Ιξιςιιιὶε.
1302 5158 1355 5198 et
1382 5138 1511 5211 Jolf,
1547 5149 1683 5221 Mog.
1720 5167 1776 5208 et
1806 5152 1938 5209 Ven.
1977 5158 2111 5213 edit.

517 5212 777 5265 Omittunt
798 5212 931 5279 jam,
959 5224 1007 5263 et
1031 5212 1238 5267 addunt
1272 5224 1339 5268 et.

593 5292 613 5318 ο
640 5282 733 5335 Me.
760 5281 1036 5362 inlicitus,
1081 5285 1148 5362 ad
1199 5290 1562 5362 perfectionem
1612 5294 1893 5362 virtutum;
1931 5296 2107 5353 idem-

512 5366 620 5437 que
645 5362 765 5437 post
789 5356 983 5419 aliqum
1019 5356 1203 5437 vet-ba,
1257 5357 1400 5412 Velle
1447 5364 1650 5437 adjuvet
1690 5368 1831 5437 mihi,
1867 5356 2110 5437 per/icere

512 5434 687 5509 autem
716 5425 897 5509 bonum
931 5442 1049 5480 non.
1099 5424 1219 5509 Ubi.
1258 5445 1388 5485 m~s.
1442 5424 1603 5489 (Σάι-ι).
1634 5446 1686 5489 et
1713 5424 1966 5509 notitiis”.
1996 5424 2109 5495 blo-

511 5502 677 5581 gout.
733 5505 786 5581 et
820 5496 1023 5581 .Vonet.
1094 5497 1221 5581 editi
1272 5518 1372 5555 non
1447 5521 1660 5581 passum
1719 5496 1957 5576 habent,
2013 5528 2110 5581 pro
2172 5550 2174 5555 ι

509 5579 643 5690 ἔξιτε
663 5565 881 5621 invenio.
915 5567 1079 5623 Iidem
1110 5570 1236 5626 editi
1262 5565 1517 5631 omittu'nt
1547 5578 1750 5647 pariter
1802 5565 1956 5636 enim,
1988 5565 2111 5655 prost

509 5704 879 5836 mf:
914 5719 967 5766 et
986 5714 1649 5791 recentiores,Dominus,
1684 5730 1775 5779 aut
1799 5725 1927 5785 auia
1964 5725 2105 5783 Deus

589 5861 611 5889 υ
632 5849 801 5919 Lugd.
832 5862 887 5907 et
916 5858 1265 5923 posteriores,
1302 5862 1525 5919 trahitur

2298 4872 2318 4912 ί
2350 4873 2467 4930 Vox
2486 4875 2605 4949 haec
2629 4876 2723 4932 Dei
2746 4878 2895 4933 ahest
2932 4895 2962 4934 a
2984 4880 3154 4949 Ludg.
3178 4880 3419 4934 editione
3450 4888 3503 4934 et
3528 4876 3619 4932 illa
3653 4888 3865 4948 poste-

2221 4946 2483 5021 rioribus;
2518 4948 2570 5021 ln
2602 4963 2706 5002 ms.
2736 4949 2925 5021 Remig
2955 4992 2969 5015 ,
3009 4946 3363 5021 per-gratiam.

2297 5019 2427 5089 filiis.
2457 5018 2716 5074 Joliensis
2764 5036 2863 5089 pro
2898 5018 3217 5083 decernitur.
3271 5020 3425 5075 habet
3464 5019 3576 5087 hic,
3625 5020 3863 5079 dicitur.

2298 5085 2323 5123 ¹³
2360 5089 2536 5175 Ειίἱιίς)
2566 5091 2735 5174 Lugii.
2764 5085 2820 5145 ὲι
2841 5097 3212 5175 ¹[ιφ-ξιονιοιδθςἸ
3233 5106 3542 5175 “utrumque.
3563 5085 3569 5087 ⁷
3593 5090 3703 5149 MS.
3739 5093 3863 5151 JOL

2222 5174 2407 5226 supra.
2442 5162 2521 5215 vel
2550 5164 2739 5230 gratia,
2771 5163 2851 5216 vel
2883 5165 3100 5218 liberum
3132 5164 3425 5217 arbitrium.

2304 5231 2318 5267 ι
2354 5233 2453 5287 Μς.
2486 5233 2747 5288 Joliensis
2771 5250 2916 5289 ειη-«ει
2953 5235 3055 5291 hac
3090 5252 3243 5298 voce,
3269 5231 3588 5290 hominibus.

2293 5303 2524 5425 lifbogd.
2553 5314 2609 5360 et
2639 5306 2996 5374 recentiores,
3031 5324 3062 5360 a
3098 5308 3308 5380 gratia;
3339 5318 3394 5362 et
3431 5307 3595 5372 infra,
3618 5321 3653 5358 a
3680 5305 3869 5361 libero

2225 5390 2288 5427 ar
2325 5387 2462 5428 tirio.

2296 5416 2736 5504 Joliensis
2760 5464 2864 5502 non
2882 5449 3062 5505 'babet
3100 5450 3241 5506 hanc
3278 5464 3467 5506 vocem
3500 5447 3696 5503 Adam.
3731 5447 3867 5504 Mo-

2222 5528 2374 5589 gunt.
2405 5528 2458 5573 et
2492 5518 2651 5588 Vin,
2688 5522 2813 5575 dum
2834 5521 3041 5577 diabolo
3075 5524 3257 5585 credit,
3295 5538 3389 5589 pro
3411 5522 3655 5576 credidit.

2302 5588 2319 5626 1
2356 5591 2448 5641 Ms.
2484 5589 2758 5657 Joliensis,
2785 5594 2977 5645 malum
3018 5605 3165 5662 atqu»;
3194 5588 3490 5661 peruersum
3519 5600 3616 5647 est.

2296 5662 2332 5681 "‘
2366 5662 2543 5714 I'Iditio
2574 5664 2744 5731 Ludg.
2776 5672 2832 5718 et
2856 5667 3207 5731 posteriores,
3242 5666 3363 5719 inde
3384 5668 3485 5718 sint
3514 5663 3732 5718 merita.

2294 5741 2322 5808 ἢ
2354 5733 2454 5808 llic
2483 5732 2631 5789 bonis
2679 5737 3021 5808 restituimus
3052 5753 3118 5792 ex
3160 5751 3287 5808 mss.
3319 5736 3505 5802 Corb.,
3536 5734 3768 5808 Remig.
3795 5742 3869 5793 οι

2219 5803 2466 5867 Joliensi,
2488 5820 2595 5876 nec
2626 5823 2731 5861 non
2760 5822 2828 5862 ex
2856 5807 3095 5876 Magum.
3125 5816 3178 5862 et
3203 5806 3337 5863 Ven.
3370 5808 3552 5864 editis.

2294 5884 2318 5913 ο
2345 5876 2444 5932 Ms.
2476 5875 2708 5934 Joliens.
2742 5889 2894 5935 caret
2923 5875 3026 5935 hoc
3053 5880 3342 5952 adverbio,
3372 5878 3603 5952 facilius.
