4028 6352
1024 306 1448 386 PSALMORUM
1486 310 1534 367 Α
1570 310 1611 366 C
1651 312 1744 367 AD
1782 313 1868 371 CL
1908 314 2291 377 EXPLSITIU.
2336 323 2533 382 PSAL.
2574 327 2658 385 Cl.

209 434 287 502 qui
318 428 666 485 tenebrarum
700 427 1034 483 illuminator
1061 434 1149 481 est
1170 469 1185 495 ,
1219 440 1317 495 per
1345 425 1667 496 Apostolum
1708 426 1791 481 di-
1818 431 1869 491 Λ
1894 429 2111 497 dicitur,
2157 434 2283 488 Cum
2323 449 2492 493 autem
2538 441 2677 495 renit
2718 442 2987 512 plenitudo
3025 450 3304 519 temporis,
3350 453 3489 510 misi:

208 528 308 589 cit,
358 521 558 577 Fuistis
600 522 881 592 aliquando
926 519 1174 582 tenebris,
1218 536 1352 573 nunc
1394 530 1563 573 autem
1606 520 1699 574 tua:
1736 522 1790 575 in

212 617 419 671 Domino
449 628 464 684 (
495 612 691 685 Ephes.
728 630 782 673 ν.
817 612 910 680 8).
954 611 1096 667 Idem
1126 624 1257 666 vero
1282 625 1312 664 a
1344 612 1610 676 tenebris,
1658 626 1793 680 quas

208 716 387 766 dite-sit
408 751 422 771 ,
450 712 669 765 occisus
695 707 974 774 vigilavit,
1008 705 1058 759 id
1090 713 1210 771 est,
1242 705 1478 759 surrexit
1501 722 1517 771 ;
1540 715 1595 759 et
1619 704 1791 760 locus

208 818 279 858 t-st
310 808 446 857 sirnt
482 818 671 873 passer
699 801 993 870 singularis
1023 801 1075 854 in
1108 809 1271 865 tecto,
1304 800 1355 853 id
1386 808 1506 863 est,
1543 800 1595 854 in
1626 801 1786 865 co-lo,

210 916 303 969 quo
332 899 506 951 adhuc
540 912 700 951 nemo
732 894 974 950 a~ceudit
996 936 1010 959 ,
1045 894 1147 949 nisi
1180 894 1270 965 qui
1297 892 1366 949 de
1393 894 1535 949 caelo
1563 895 1791 949 desueu-

211 996 280 1048 dit
317 991 511 1062 (Joan.
558 1006 653 1056 ιιι,
708 990 849 1062 15),
892 992 979 1059 qui
1022 998 1107 1044 est
1145 989 1389 1059 primitiis
1427 988 1789 1042 dormientium

214 1089 266 1162 (Ι
292 1086 406 1140 Cor.
435 1102 521 1147 xv,
557 1084 632 1139 20
657 1084 673 1153 )
698 1126 712 1147 ,
743 1095 795 1139 et
826 1081 1193 1153 primogenitus
1223 1096 1286 1135 ea:
1312 1081 1527 1135 mortuis
1554 1078 1785 1151 (Coloss.

211 1181 649 1251 ι,18;Αροε.ι,
675 1178 754 1245 5).

273 1274 439 1347 (νει-ε.
463 1273 549 1341 9.)
581 1270 715 1326 Tota
746 1270 831 1323 die
854 1268 1235 1335 exprobrabant
1275 1268 1401 1321 milii
1429 1268 1622 1321 inimici
1648 1267 1748 1321 mei
1767 1309 1784 1335 ,

212 1383 249 1425 st
272 1372 348 1438 qui
378 1367 661 1421 laudabant
691 1381 795 1425 me,
824 1365 1094 1418 adversum
1125 1379 1202 1415 me
1222 1362 1494 1434 jurabant.
1523 1360 1596 1416 Ea
1619 1361 1786 1433 signi-

214 1464 421 1520 ﬁcantur
450 1476 575 1531 qua
608 1462 661 1513 iu
717 1469 964 1527 tempore
998 1458 1265 1527 passionis
1296 1465 1446 1525 gesta
1488 1466 1633 1511 sunt.
1680 1456 1786 1510 Ex-

212 1559 471 1628 prnlmtur
506 1555 774 1618 Domino,
804 1553 944 1621 quod
985 1553 1075 1622 qui
1116 1552 1254 1605 alios
1292 1550 1499 1617 salvat,
1542 1551 1782 1621 seip~uin

209 1651 451 1722 supplic-io
484 1664 680 1705 eruere
713 1664 817 1701 non
850 1646 1019 1717 pnssit
1051 1643 1265 1717 (Matth.
1290 1643 1579 1716 xsti,49);
1612 1656 1668 1701 et
1692 1647 1783 1715 qui

211 1746 401 1797 luerunt
427 1742 547 1797 falsi
581 1739 922 1805 laudatores,
956 1739 1008 1793 in
1041 1738 1313 1795 occisione
1353 1738 1523 1808 ipsius
1564 1740 1783 1809 conspi-

209 1836 394 1891 rubum.

269 1930 446 2001 (Vers.
475 1928 601 2000 10.)
639 1928 898 1995 Quoniam
927 1926 1145 1979 cinerem
1174 1925 1304 1978 sicut
1335 1938 1523 1996 ponent
1550 1926 1777 1980 mandu-

209 2025 364 2079 cabain
385 2066 399 2088 ,
432 2035 478 2079 et
508 2032 687 2093 potum
714 2038 881 2075 meum
912 2036 1029 2075 cum
1060 2020 1306 2091 lacrymis
1338 2020 1629 2073 miseebam.
1674 2022 1775 2075 Os-

210 2122 422 2176 trndiiur
451 2126 857 2173 sacramentum
889 2111 1281 2169 misericordia:
1318 2111 1616 2167 Salvatmis
1638 2154 1653 2179 ,
1685 2112 1776 2182 qui

206 2213 351 2265 etiam
393 2227 486 2266 eos
531 2213 776 2266 membra
822 2225 918 2264 sua
965 2207 1129 2273 facit,
1160 2206 1356 2276 quibus
1384 2207 1504 2260 talis
1529 2205 1780 2273 congruit

209 2306 453 2360 mediana
479 2322 495 2371 ;
540 2316 595 2361 et
624 2320 873 2375 persona:
906 2318 1020 2357 suae
1048 2317 1235 2356 eorum
1266 2300 1485 2371 capulat
1515 2314 1733 2354 causam
1755 2340 1773 2367 ,

206 2395 252 2449 iu
280 2397 466 2467 qninus
490 2411 549 2451 se
574 2399 815 2452 cinerem
843 2393 975 2450 dicit
1002 2394 1145 2447 sicut
1176 2406 1366 2460 panem
1396 2391 1772 2457 mandat-asia,

207 2498 257 2543 et
283 2504 314 2557 p
337 2498 456 2543 tum
485 2505 601 2543 cuni
631 2489 889 2563 lacrymis
920 2487 1204 2542 miscuisse
1230 2503 1243 2539 :
1274 2488 1416 2555 quod
1445 2485 1659 2555 quidem
1692 2486 1775 2541 in-

210 2578 391 2635 ﬁdeles
437 2582 715 2650 opprobrio
760 2583 1052 2651 deputant,
1091 2580 1336 2637 dicentes
1376 2595 1531 2651 spem
1581 2582 1776 2639 remis-

213 2672 379 2725 sionis
408 2671 634 2726 lomitem
664 2688 782 2728 esse
813 2672 1073 2744 peccandi

287 2760 305 2833 (
324 2762 463 2817 Vers.
498 2765 606 2832 11.)
635 2764 678 2819 Α
704 2767 837 2835 facie
874 2767 966 2819 ira:
1010 2776 1110 2819 tua:
1138 2774 1184 2819 et
1224 2765 1599 2835 indignationis
1630 2774 1769 2832 tute,

212 2855 437 2924 quoniam
463 2856 650 2911 elevans
670 2856 877 2911 allisisti
900 2874 997 2912 me.
1027 2858 1141 2928 Ipsa
1170 2867 1252 2912 est
1291 2860 1367 2911 ira
1415 2873 1574 2928 quam
1601 2859 1771 2914 Adam

208 2954 407 3011 meruit,
428 2959 476 3003 et
506 2950 556 3003 in
576 2964 674 3018 qua
698 2966 889 3005 omnes
912 2952 1018 3004 nati
1043 2965 1257 3005 simius:
1281 2950 1575 3006 secundum
1609 2966 1768 3019 quam

203 3042 320 3098 divit
344 3046 643 3113 Apostolus,
660 3043 884 3099 Eramus
906 3056 1094 3099 natura
1115 3044 1211 3114 ﬁlii
1236 3046 1348 3112 irai,
1374 3046 1505 3099 sicut
1528 3056 1573 3100 et
1598 3044 1771 3099 ceteri

203 3134 401 3206 (Eplies.
428 3152 491 3205 It,
518 3136 598 3207 3).
625 3153 730 3191 non
754 3154 818 3192 rx
850 3138 1158 3193 coudtiune
1184 3136 1276 3193 Dei
1297 3180 1311 3201 ,
1336 3137 1429 3193 sed
1454 3153 1518 3193 ex
1538 3137 1764 3208 judii-io.

1899 522 2034 579 Deus
2066 523 2104 577 ιδ
2115 527 2260 581 ilium
2290 546 2440 583 suum
2472 536 2663 603 factum
2690 553 2751 591 .a:
2772 540 3004 600 muliere,
3029 544 3220 607 [rictum
3241 546 3332 598 sub
3356 548 3486 618 lege,

1894 630 1949 672 ut
1973 636 2056 673 eos
2084 624 2173 692 qui
2202 624 2296 677 sub
2325 628 2434 694 lege
2457 640 2603 682 erant
2628 630 2899 686 redimeret
2930 632 3141 699 (Colat.
3168 652 3241 699 tv,
3266 637 3299 691 4
3320 658 3364 692 ei
3395 640 3484 708 5).

1967 713 1988 784 (
2006 713 2155 769 νει-ς.
2188 716 2314 786 15.)
2349 719 2601 784 Quoniam
2636 727 3007 791 beneplacitum
3036 727 3323 782 habuerunt
3356 733 3486 785 servi

1892 804 1967 857 tui
1993 806 2192 871 lapides
2218 811 2330 881 ejus
2348 853 2359 869 .
2388 822 2433 863 et
2459 815 2678 879 pulveris
2706 820 2818 886 ejus
2846 820 3235 873 tniserrbnntur.
3269 824 3322 875 In
3353 825 3483 877 Sion

1891 901 2042 952 multi
2083 910 2211 955 sunt
2254 903 2490 972 lapides.
2522 917 2572 959 et
2608 906 3000 978 pleriqiie'Suut
3033 915 3228 979 pulvis.
3266 914 3318 967 In
3350 915 3484 979 Lqu-

1890 991 2047 1046 dibu~
2073 995 2328 1063 gaudium
2358 1010 2671 1052 sanctorum
2698 1011 2781 1055 est
2801 1042 2815 1064 ,
2847 1003 2899 1055 in
2933 1006 3151 1070 pulvere
3183 1006 3480 1060 miseratio.

1890 1086 1968 1141 De
1998 1088 2127 1143 Sion
2161 1092 2335 1145 sancti
2368 1092 2718 1162 patriarcha},
2752 1098 2920 1150 sancti
2964 1101 3221 1166 aposmli,
3255 1109 3311 1154 et
3341 1115 3481 1163 pra:-

1889 1180 2157 1236 dicatOres
2186 1182 2495 1252 Evangelii:
2529 1187 2579 1239 lii
2610 1203 2801 1244 omnes
2828 1189 3033 1259 lapides
3058 1190 3213 1244 electi
3235 1233 3248 1255 ,
3276 1203 3328 1246 et
3355 1207 3481 1262 pro-

1890 1276 2034 1339 bati;
2067 1276 2252 1331 cartvri
2284 1288 2462 1331 autem
2482 1323 2496 1345 ,
2525 1279 2615 1350 qui
2644 1280 2762 1333 istis
2790 1296 2895 1335 non
2922 1294 3045 1335 sunt
3068 1285 3295 1337 ciniiiesi
3314 1329 3328 1349 ,
3359 1284 3479 1352 pul-

1888 1370 1969 1421 vis
1998 1379 2151 1430 sunt,
2185 1385 2321 1439 quos
2354 1371 2568 1427 auferet
2600 1385 2791 1427 vi-ntus
2831 1389 2860 1428 a
2907 1374 2970 1428 lat
2994 1376 3043 1429 ie
3090 1386 3248 1429 terra:
3295 1374 3476 1443 (Psal.

1886 1475 1925 1525 I,
1951 1464 2036 1529 4);
2064 1460 2159 1515 υἱεῖ
2193 1474 2492 1533 agnoscant
2517 1481 2593 1524 se.
2620 1477 2671 1519 et
2702 1466 2907 1531 dicant,
2941 1465 3213 1532 Memento,
3241 1466 3476 1535 Domine,

1885 1556 2024 1624 quod
2054 1555 2217 1625 pulvis
2248 1574 2423 1610 sumus
2450 1555 2609 1623 (Psiil
2657 1574 2800 1624 exit,
2830 1559 2940 1632 14).

1957 1651 2141 1711 (Vers.
2178 1654 2289 1721 16.)
2322 1653 2388 1708 Et
2418 1655 2667 1708 tionibunt
2706 1668 2877 1727 gentes
2922 1672 3105 1710 nomen
3146 1666 3323 1720 tuum,
3371 1653 3477 1708 Do-

1888 1744 2052 1813 mine,
2087 1758 2131 1798 et
2159 1764 2330 1800 omnes
2361 1763 2399 1800 ι’.
2420 1766 2504 1819 ges
2534 1759 2685 1803 ιιι-ηε
2709 1749 2931 1817 gloriam
2956 1758 3117 1803 tuam.
3148 1749 3257 1803 llnc
3290 1748 3480 1802 fundu-

1814 1827 1863 1887 Β
1893 1850 2073 1893 mento
2104 1842 2277 1909 posito
2314 1840 2365 1895 iu
2410 1843 2569 1906 SiOll,
2613 1853 2660 1894 et
2710 1843 2809 1896 hac
2852 1840 3219 1897 Iiiisericurdia
3267 1841 3476 1909 put-eri

1882 1930 2000 1998 ejus
2031 1935 2269 1999 impensa
2290 1976 2302 1996 ,
2335 1938 2520 1987 veniet
2546 1936 2705 1987 etiam
2735 1938 2801 1988 de
2827 1935 3080 2003 gentium
3110 1934 3246 1986 alius
3278 1936 3476 2001 partes,

1880 2022 1973 2091 qui
2000 2023 2242 2091 attgulari
2276 2025 2437 2091 lapidi
2470 2035 2776 2093 cuiaptetur,
2806 2040 2854 2079 et
2886 2026 2994 2079 (itm
3026 2044 3075 2076 ιιι
3106 2040 3214 2078 uno
3236 2028 3477 2079 condati-

1881 2122 1986 2183 ttIr,
2018 2120 2106 2183 qui
2140 2115 2271 2171 fat-it
2299 2129 2522 2186 utraque
2554 2134 2715 2171 unum
2750 2116 2966 2189 (Ephes.
2994 2134 3061 2180 II,
3088 2116 3205 2187 20).

1952 2207 2113 2281 (\‘ers
2164 2210 2279 2277 17.)
2328 2210 2584 2277 Quoniam
2628 2211 2901 2273 a'di/icavit
2950 2211 3197 2263 Dominus
3237 2208 3398 2275 Sion,
3429 2221 3476 2266 et

1878 2300 2129 2354 videbitur
2159 2302 2210 2354 in
2243 2304 2412 2371 gloria
2438 2321 2551 2357 sua.
2598 2301 2809 2358 Crescit
2850 2302 3093 2373 qumidie
3138 2303 3371 2357 Ecclesia
3420 2304 3471 2357 in

1879 2396 2139 2459 templum
2176 2393 2304 2459 Dei,
2336 2406 2388 2449 et
2435 2396 2502 2448 ab
2549 2396 2666 2463 ipso
2694 2397 2873 2463 capite
2920 2404 3090 2452 totum
3138 2411 3333 2461 corpus
3379 2411 3472 2451 cx-

1876 2484 2129 2540 struitur.
2164 2485 2227 2540 Et
2256 2488 2531 2557 appaielii.
2562 2486 2720 2541 Jesus
2756 2487 3008 2543 Cbiistus
3048 2488 3100 2541 in
3143 2487 3311 2558 gluiia
3339 2504 3467 2552 sua,

1874 2600 1995 2641 cum
2029 2588 2233 2643 venerit
2261 2588 2507 2657 judicare
2540 2588 2796 2641 mundum
2816 2628 2831 2653 ,
2862 2605 2889 2639 ει
2919 2588 3127 2640 dextris
3159 2596 3208 2639 et
3236 2585 3470 2639 sinistris

1873 2678 2010 2733 alios
2040 2690 2416 2747 assumpturus
2457 2678 2508 2732 in
2554 2693 2808 2743 regnum,
2858 2676 2994 2730 alios
3037 2677 3089 2731 in
3136 2675 3467 2747 supplicium

1872 2769 2193 2826 detrusurus
2226 2770 2440 2838 (Matth.
2470 2784 2599 2832 xxv,
2630 2768 2740 2839 35).

1944 2866 2127 2935 (νει-ε.
2162 2863 2275 2934 tu.)
2314 2866 2553 2927 Respexit
2582 2865 2634 2915 in
2665 2863 2948 2918 orationem
2978 2861 3251 2916 humilium
3285 2860 3469 2915 Domi-

1873 2974 2003 3025 nus,
2032 2968 2080 3013 et
2111 2975 2209 3011 non
2240 2957 2469 3023 despexit
2510 2971 2714 3027 precem
2757 2971 2954 3009 eorum.
3006 2956 3132 3008 πείσει
3173 2966 3255 3009 εει
3299 2954 3467 3008 :rddi-

1871 3048 2289 3112 catinSion,et
2333 3056 2603 3103 structura
2654 3046 2793 3114 ejus.
2848 3046 2934 3104 Str
2976 3047 3081 3098 νινί
3133 3045 3337 3117 lapides
3388 3046 3467 3100 ἰη-

1870 3150 2153 3196 struuntur
2180 3160 2192 3194 :
2217 3142 2339 3209 quia
2367 3142 2432 3193 ad
2462 3154 2777 3210 compagem
2823 3139 3035 3194 decoris
3064 3138 3201 3205 ejus.
3230 3154 3333 3191 llOll
3365 3137 3464 3193 nisi

200 3230 253 3284 Ei
281 3232 396 3285 ideo
421 3246 605 3285 natura
634 3231 728 3287 lilii
756 3233 850 3287 ira:
869 3232 1119 3298 dicimur,
1145 3234 1264 3300 quia
1299 3234 1372 3286 ita
1408 3233 1539 3301 ipsis
1567 3233 1768 3289 nostris
1794 3209 1839 3273 Ο
1877 3250 1972 3304 ρει·
1999 3234 2355 3288 humilitati-tu
2388 3244 2442 3287 et
2467 3242 2769 3287 orationem
2791 3274 2806 3299 ,
2839 3246 2932 3298 per
2954 3240 3187 3301 gt'tlllllb
3211 3241 3265 3285 et
3294 3233 3466 3302 lacu-y-

200 3324 455 3391 principiis
484 3325 679 3379 insedit
702 3366 715 3389 ,
750 3338 807 3381 ut
838 3326 908 3380 ab
948 3326 1034 3379 illa
1065 3366 1079 3389 ,
1113 3336 1305 3394 praeter
1342 3324 1627 3379 Dominum
1670 3342 1768 3380 tio-

206 3424 352 3467 struui
379 3416 558 3471 Jesmu
583 3417 882 3480 Christum,
906 3418 1106 3473 nullius
1132 3416 1365 3472 hominis
1392 3428 1580 3471 natura
1606 3418 1675 3471 sit
1703 3418 1768 3472 li-

200 3507 329 3562 bera.
361 3509 616 3563 Elevatus
639 3518 723 3564 est
749 3520 927 3564 autem
954 3510 1138 3571 linum,
1164 3510 1288 3579 quia
1312 3509 1597 3565 rationalis
1623 3519 1677 3563 et
1698 3510 1767 3564 ad

200 3600 456 3669 imaginem
493 3602 591 3656 Dei
636 3605 803 3656 tactus
832 3612 954 3659 est:
986 3602 1153 3658 elisus
1183 3618 1311 3657 vero
1340 3611 1424 3657 est
1445 3646 1459 3669 ,
1492 3605 1617 3671 quia
1654 3618 1767 3657 sua:

196 3694 443 3763 dignitatis
470 3696 673 3752 oblitus
703 3709 783 3752 est
808 3713 822 3761 ;
857 3698 987 3751 sicut
1018 3699 1285 3767 scriptum
1314 3709 1417 3764 est,
1450 3696 1623 3751 Homo
1652 3715 1767 3751 cum

194 3786 236 3839 in
257 3791 434 3843 honore
457 3800 609 3846 esset.
639 3806 741 3843 non
763 3791 1032 3853 intellexit,
1062 3803 1393 3859 comparatus
1418 3801 1494 3847 est
1510 3794 1766 3864 jumentis

194 3881 527 3939 insipientibus
553 3882 713 3951 (Psal
760 3901 925 3941 LXVIII
945 3928 959 3952 ,
996 3886 1062 3941 15
1088 3897 1134 3940 et
1161 3884 1276 3957 21).

249 3973 415 4043 (\‘ers.
444 3975 559 4046 12.)
597 3975 715 4031 Dies
746 3979 844 4031 mei
873 3980 1007 4031 sicut
1050 3979 1228 4031 umbra
1266 3978 1681 4045 declinaverunt,
1715 3989 1762 4034 et

189 4082 264 4133 ego
287 4069 407 4120 sTcut
436 4074 617 4137 fenum
646 4070 783 4124 arui.
813 4070 1028 4125 ltecessi
1060 4072 1128 4124 ab
1153 4080 1360 4125 aeterno
1388 4070 1477 4125 die
1510 4087 1605 4135 per
1637 4086 1763 4136 pec-

189 4170 373 4223 catum,
406 4178 457 4216 et
493 4179 549 4216 ιιι
582 4163 701 4216 dies
732 4162 1076 4218 transitorios
1106 4163 1283 4218 decidi
1319 4178 1414 4233 per
1454 4162 1712 4234 judicium
1740 4182 1755 4220 :

188 4265 226 4302 ει
254 4269 364 4321 quia
394 4254 541 4308 sicut
573 4254 752 4308 fenum
783 4258 937 4317 arui,
985 4272 1077 4324 per
1119 4272 1241 4311 eum
1288 4256 1379 4326 qui
1424 4256 1565 4311 inter
1608 4272 1753 4311 tuor-

190 4350 287 4398 luus
314 4345 446 4401 liber
475 4355 599 4411 est,
629 4348 936 4419 spesdvus
979 4350 1068 4401 tio.
1117 4346 1264 4403 Sicut
1304 4348 1447 4401 enim
1494 4349 1545 4400 in
1588 4349 1758 4403 Adam

188 4449 328 4490 omnes
359 4440 675 4501 moriuntur,
707 4440 778 4491 ita
808 4448 853 4493 et
882 4457 934 4493 In
975 4438 1180 4493 Cnristo
1220 4457 1390 4495 omnes
1427 4440 1757 4510 viviﬁcabun-

185 4536 253 4579 tur
278 4533 313 4596 (l
338 4531 453 4585 Cor.
486 4533 577 4591 15.
604 4531 715 4597 9.2).

240 4624 398 4689 (er5.
431 4627 543 4693 l5.)
565 4624 642 4678 Tu
666 4635 854 4688 autem,
877 4624 1115 4694 Domine,
1133 4627 1183 4680 in
1198 4636 1745 4700 wternumpermanes,

179 4726 216 4767 et
239 4715 385 4791 376
414 4720 714 4772 momoriale
752 4729 897 4773 tuum
927 4727 952 4756 ⁸
983 4721 1037 4773 in
1082 4723 1412 4791 generatione
1449 4730 1495 4774 et
1534 4738 1745 4794 genera-

178 4810 357 4864 tiotu'm.
388 4814 807 4880 Temporalem,
854 4815 1057 4881 inquit,
1104 4828 1283 4870 servet
1323 4826 1561 4871 aeternus
1592 4835 1603 4870 :
1640 4833 1747 4872 nun

178 4901 294 4955 enim
324 4906 444 4971 quia
478 4905 653 4961 cecidi
676 4946 691 4971 ,
724 4905 750 4943 ι’
786 4918 839 4959 ιιι
870 4908 1091 4962 senuiin
1120 4925 1133 4959 ε
1165 4908 1252 4976 qui
1282 4923 1403 4962 erus
1429 4910 1494 4962 ad
1527 4924 1613 4963 me
1644 4910 1744 4965 liu-

177 4998 465 5054 mitiandum
486 5044 501 5066 ,
539 5002 656 5070 ipse
686 5016 747 5056 es
776 5000 843 5055 ad
877 5017 967 5056 me
997 5000 1378 5068 liberandum,
1422 5012 1477 5057 et
1520 5004 1747 5071 promis-

173 5100 359 5146 smnuin
396 5105 609 5149 tuarum
640 5109 744 5147 non
774 5093 1137 5148 tiblivi~ceris.

232 5180 398 5252 (γεγε.
437 5186 552 5258 14.)
604 5185 684 5240 Tu
730 5202 1006 5256 exsurgens
1045 5186 1365 5240 misereberis
1405 5184 1578 5241 Sion:
1625 5188 1745 5251 quia

174 5282 343 5349 tempus
366 5290 421 5334 ut
450 5281 742 5337 miserearis
772 5282 904 5351 ejus.
939 5280 1092 5346 Quod
1126 5289 1338 5350 tempus
1362 5321 1376 5345 ,
1409 5282 1512 5338 nisi
1542 5282 1610 5339 de
1636 5299 1744 5356 quo

230 5492 253 5557 ξι
286 5485 439 5549 Apud
479 5486 729 5553 August.,
770 5487 824 5537 in
862 5486 1239 5557 generationem
1260 5493 1308 5557 et
1328 5485 1733 5557 generationem.

228 5552 252 5593 δ
289 5560 621 5612 [ἰηιυηὶοοιιεις.
668 5552 881 5619 editio;
918 5567 973 5609 tu
1019 5557 1247 5610 tenuisti.
1294 5555 1483 5610 Metius
1534 5556 1731 5627 Lugd.,

171 5621 349 5679 Luran.
381 5641 433 5681 et
469 5628 632 5683 Duzic.
666 5642 718 5679 rt
749 5630 800 5681 iu
834 5629 1163 5697 Augustino,
1198 5638 1250 5680 tu
1282 5628 1512 5681 senuisti.

230 5710 249 5737 ε
288 5698 507 5754 Rectius
541 5700 855 5763 haberetur,
885 5704 935 5752 ni
967 5698 1227 5759 fallimur.
1260 5700 1346 5769 qui
1378 5701 1540 5753 serius
1579 5700 1734 5752 adve-

166 5771 307 5833 rterit,
338 5774 435 5825 eisi
489 5788 631 5825 sei-us
672 5773 937 5825 scribatur
983 5774 1034 5824 in
1071 5771 1262 5839 Lttgd.,
1299 5770 1527 5838 Lovau.,
1562 5770 1729 5824 D-iuc.

165 5843 418 5899 οιαυιυιι.
466 5843 598 5901 Nam
644 5842 826 5902 locum
872 5842 1157 5907 Auxusuui
1204 5843 1476 5909 respicere
1520 5841 1731 5899 videtur

1874 3341 1990 3379 mas
2023 3325 2373 3395 pervenitur:
2406 3338 2474 3378 Ite
2507 3321 2743 3392 peil'ecm
2774 3335 2823 3377 el
2856 3323 3109 3379 dedicata
3140 3324 3323 3389 dumo,
3357 3324 3465 3377 [ιιι-

1873 3429 1981 3473 stra
2012 3420 2188 3487 pulset
2222 3428 2244 3456 ο
2280 3418 2369 3488 qui
2403 3430 2563 3471 secus
2594 3420 2899 3473 adseuerit.

1941 3509 2121 3575 (γεγε.
2154 3510 2267 3580 l9.)
2299 3509 2601 3565 Scribuntur
2636 3511 2747 3564 hac
2787 3512 2839 3563 iIt
2883 3509 3211 3581 generat’one
3254 3510 3416 3562 altera
3442 3524 3463 3565 :

1868 3612 1917 3657 et
1945 3604 2166 3673 populus
2195 3603 2281 3671 qui
2312 3605 2565 3655 creubitnr
2613 3603 2845 3656 laudabit
2878 3603 3174 3655 L'oininum.
3203 3601 3461 3657 Scribun-

1872 3706 1956 3749 tur
1988 3694 2103 3748 limc
2132 3694 2184 3749 in
2219 3699 2386 3748 Veteri
2418 3693 2769 3748 Testamento
2800 3709 2894 3762 per
2921 3697 3259 3764 pruptietiam
3296 3694 3458 3762 porti-

1868 3801 2085 3843 nentetn
2116 3788 2179 3840 ad
2209 3790 2331 3841 nOvi
2363 3786 2696 3841 Testamenti
2728 3795 3135 3855 generationem
3159 3828 3172 3845 ,
3206 3790 3306 3839 lmc
3335 3797 3414 3839 est
3440 3825 3456 3849 ,

1865 3881 1932 3934 ad
1964 3881 2218 3950 prpuluui
2249 3880 2338 3945 qiti
2384 3879 2651 3934 creandos
2694 3889 2811 3934 eIat
2855 3884 2904 3932 in
2945 3878 3197 3942 Christo,
3242 3879 3311 3934 de
3352 3893 3459 3947 quo

1865 3971 2151 4040 Apostmus
2185 3970 2348 4033 dicit,
2386 3970 2444 4024 Si
2475 3987 2577 4041 qua
2604 3972 2760 4041 igitur
2808 3970 2859 4023 in
2900 3970 3105 4025 Christo
3148 3988 3276 4025 nora
3317 3987 3459 4024 crea-

1865 4074 1983 4118 tura
2003 4107 2017 4131 ,
2051 4074 2219 4118 cetera
2249 4065 2596 4129 transierunt,
2631 4078 2745 4117 ecce
2775 4064 2912 4131 facta
2940 4076 3058 4116 sunt
3086 4064 3113 4098 ά
3145 4078 3297 4117 nova.
3335 4062 3459 4115 0m-

1865 4162 1951 4215 nia
1976 4170 2144 4214 autem
2174 4175 2238 4214 ea:
2268 4155 2376 4211 Deo
2411 4157 2489 4228 (ll
2514 4160 2636 4211 Lor.
2666 4173 2717 4225 v,
2747 4158 2808 4210 17
2837 4168 2886 4210 et
2918 4155 3026 4227 18).
3063 4156 3172 4212 lluc
3218 4168 3301 4212 est
3321 4198 3336 4221 ,
3366 4171 3457 4212 ve.

1865 4266 1973 4311 tera
2005 4266 2059 4311 et
2089 4270 2225 4309 nova
2259 4272 2272 4308 :
2305 4255 2556 4324 quoniam
2590 4267 2690 4324 per
2718 4268 2879 4308 unam
2913 4253 3072 4306 tidem
3105 4260 3332 4320 uterque
3363 4267 3456 4321 po-

1865 4352 2020 4421 pulus
2051 4349 2260 4420 arccpit
2285 4347 2749 4417 ju~titlc«tiunem.

1931 4444 2108 4503 (Vers.
2137 4443 2230 4508 20,
2253 4442 2372 4509 21.)
2407 4444 2663 4507 Quoniam
2706 4440 2968 4512 prospexit
3026 4454 3089 4493 ea:
3126 4437 3232 4491 alto
3275 4445 3453 4492 sancto

1858 4553 1975 4599 suo,
2010 4536 2257 4591 Dominus
2288 4536 2448 4607 377
2480 4537 2544 4589 de
2572 4535 2697 4589 caelo
2729 4535 2782 4587 in
2814 4543 3007 4586 terram
3045 4529 3328 4603 prospexit.
3378 4528 3450 4585 Ut

1857 4632 2047 4686 videret
2078 4640 2293 4702 gem'tus
2320 4630 2724 4699 sonipeditorum
2746 4672 2759 4695 ,
2796 4636 2850 4680 ut
2881 4626 3098 4680 solveret
3139 4626 3277 4695 filios
3306 4640 3444 4678 mor-

1859 4725 2193 4788 tilicatomtn.
2233 4718 2607 4789 Proqiiciente
2654 4721 2705 4772 iii
2752 4728 2953 4773 teriam
3002 4717 3142 4783 lleo,
3196 4718 3297 4770 huc
3340 4723 3446 4779 est,

1859 4814 2282 4871 misericordiam
2314 4828 2465 4867 suam
2499 4811 2808 4866 hominibus
2852 4811 3122 4866 tribuente
3144 4851 3157 4870 ,
3193 4818 3301 4863 tam
3334 4808 3445 4863 lar-

1856 4912 1926 4965 tia
1964 4910 2095 4964 faeta
2126 4918 2252 4963 sunt
2281 4907 2493 4962 vincula
2526 4906 2839 4969 citaritatis,
2871 4915 2926 4959 ut
2956 4919 3017 4958 ea
3053 4916 3157 4955 non
3210 4899 3445 4968 potuerit

1855 5003 2069 5058 vincere
2104 5000 2361 5056 \iolentia
2402 5000 2818 5068 persecutionis.
2866 4994 2969 5050 Per
3009 5005 3256 5047 timorem
3298 4991 3439 5044 enim

1857 5097 1948 5152 Dei
1981 5102 2373 5164 superaverunt
2399 5105 2663 5163 martyres
2686 5091 2934 5145 timorem
2962 5084 3144 5141 mundi
3170 5100 3184 5147 ;
3214 5093 3267 5137 et
3293 5095 3444 5136 com-

1851 5191 2019 5260 pedes
2050 5188 2175 5243 tidei
2202 5190 2590 5243 continuerunt
2629 5200 2725 5239 eos
2768 5183 2835 5238 ab
2874 5192 3099 5235 excessu
3141 5187 3441 5242 transgres-

1852 5282 2026 5338 sionis
2056 5300 2070 5336 :
2102 5283 2195 5353 qui
2227 5280 2377 5336 labor
2411 5278 2829 5350 perseverantia:
2874 5272 3081 5328 transiit
3127 5271 3177 5323 in
3222 5268 3439 5324 liberta-

1841 5500 1991 5539 num.
2024 5484 2111 5549 18,
2145 5482 2395 5546 dicentis,
2433 5480 2527 5535 Dei
2555 5479 2688 5545 {acto
2717 5475 2965 5549 aediﬁcio,
3007 5482 3054 5549 et
3076 5474 3310 5549 dedirato
3342 5476 3437 5529 do.

1842 5572 1944 5616 mo,
1978 5546 2107 5620 quid
2130 5555 2328 5615 curris,
2354 5568 2470 5606 sero
2498 5550 2841 5613 qutrsiturus,
2874 5546 3098 5599 inaniter
3140 5547 3433 5620 petiturus,

1840 5618 2038 5695 frustra
2069 5625 2397 5694 piilsnturus,
2431 5623 2558 5693 forts
2586 5634 2915 5672 remansuras
2941 5635 3055 5672 cuin
3083 5620 3307 5687 quinque
3334 5618 3436 5670 utr-

1839 5700 2039 5771 gitiibus
2072 5697 2233 5771 futuis
2257 5696 2280 5748 Ρ

1907 5768 1932 5807 ἀ
1975 5758 2127 5836 Apud
2180 5764 2534 5836 Attgustiuttnt
2582 5761 2799 5829 legitur,
2853 5764 3024 5836 omnia
3070 5774 3242 5816 nova:
3275 5767 3331 5813 ut
3375 5758 3427 5818 in

1840 5848 1990 5899 testu
2020 5833 2333 5908 Apostolico
2361 5844 2469 5892 tam
2496 5833 2685 5892 Graeco
2719 5850 2881 5905 quiin
2911 5834 3123 5893 Latius.
