4028 6352
486 366 595 427 285

1666 378 1669 385 ⁴
1735 367 1789 421 s.
1835 363 2173 421 PItOSf’Eltl
2216 314 2541 435 AQUtrAut

3668 372 3770 431 ιιι

486 491 597 539 tem
646 482 868 553 gloriae;
920 489 977 536 ut
1004 481 1237 551 gemitus
1278 476 1695 534 vcrterenturin
1742 477 1935 548 gaudia
1960 519 1975 544 ,
2025 487 2080 531 et
2107 482 2155 538 Α
2185 488 2449 543 mentum,
2484 493 2656 546 neque
2679 492 2775 548 per
2795 477 3069 534 delectum
3105 478 3270 533 ultam
3321 478 3511 547 recipit
3545 480 3772 535 mutabi-

486 579 779 648 compedes
819 578 870 631 in
904 590 1154 630 coronas.
1203 574 1500 631 Solvuntur
1547 578 1727 628 autem
1774 575 1937 627 etiam
1981 571 2077 627 ﬁlii

485 670 969 735 mortiﬁcatorum,
1006 669 1055 721 id
1084 678 1198 732 est,
1247 680 1579 738 martyrum,
1623 667 1714 735 qui
1756 668 1943 720 eadem
1994 665 2077 718 in-

484 764 744 819 ﬂammazi
777 761 916 826 ﬁde,
950 763 1291 817 saecularium
1339 761 1689 829 ciipiditatum
1741 758 1968 813 vinculis
2013 757 2077 812 li-

483 853 655 911 bcrati
702 864 924 921 possunt
968 852 1150 909 dicere
1177 895 1190 917 ,
1242 852 1522 919 υἱέι-αρίδιὶ
1568 853 1771 907 vincula
1801 868 1951 918 mea,
1984 853 2075 905 tibi

484 949 786 1016 sacriﬁcabo
815 948 1037 1007 hostium
1066 940 1242 1001 laudis
1273 946 1444 1016 (Pstil.
1471 963 1599 1012 cxv,
1628 949 1693 1001 16
1718 958 1763 1000 et
1788 948 1903 1016 17).

394 1110 395 1113 η
556 1044 572 1108 (
602 1039 755 1094 Vers.
782 1040 871 1093 ‘22.
896 1038 915 1109 )
950 1037 1016 1094 Ut
1041 1042 1376 1094 annuntietur
1400 1041 1451 1092 in
1472 1042 1599 1093 Sion
1627 1056 1810 1092 nomen
1834 1039 2066 1106 Damini,

401 1114 413 1154 θ
482 1141 531 1184 et
564 1132 675 1183 laus
710 1134 825 1201 eius
848 1133 899 1184 in
935 1130 1249 1186 Jerusalem.
1284 1131 1353 1187 Ut
1383 1132 1572 1187 solutis
1609 1132 1835 1185 vinculis
1885 1146 2073 1201 pecca~

484 1232 686 1285 torum,
722 1224 884 1276 libera
924 1222 1164 1277 Charitas
1196 1224 1397 1277 serviat
1442 1222 1553 1276 Dco
1576 1265 1589 1287 ,
1624 1232 1680 1277 et
1712 1223 1827 1276 laus
1861 1223 2071 1278 Domini

480 1316 871 1383 multiplicetur
916 1317 969 1371 in
999 1314 1163 1381 Sion,
1200 1318 1250 1369 id
1281 1328 1397 1379 est,
1431 1318 1485 1370 in
1534 1318 1786 1382 Specula,
1819 1332 1939 1384 quae
1987 1326 2072 1372 est

482 1408 896 1479 EtClEsla,QIIEB
940 1426 1044 1463 non
1097 1412 1380 1478 praesentia
1421 1410 1651 1479 diligens
1679 1451 1694 1475 ,
1747 1412 1843 1464 sed
1894 1412 2069 1465 futura

480 1503 819 1572 prospiciens
846 1542 861 1565 ,
894 1501 947 1555 in
978 1517 1074 1572 spe
1107 1501 1525 1570 promissionum
1556 1502 1789 1555 laetatur.

551 1596 568 1663 (
598 1595 751 1649 Vers.
781 1594 869 1647 25.
900 1593 1004 1665 )In
1030 1596 1374 1649 convenientia
1405 1595 1623 1666 populos
1646 1597 1698 1648 in
1721 1612 1901 1661 unum,
1923 1602 1968 1649 et
1988 1612 2070 1650 re-

479 1704 601 1756 gno,
629 1696 683 1739 ut
707 1690 927 1741 serviant
956 1687 1202 1741 Domino.
1230 1688 1448 1742 Factum
1479 1697 1563 1742 est
1589 1689 1851 1757 sanguine
1868 1702 2070 1759 marty-

477 1792 597 1836 rum
631 1791 685 1833 et
713 1782 999 1849 gemitibus
1031 1782 1462 1849 compeditorum
1489 1823 1503 1844 ,
1550 1790 1606 1835 ut
1642 1784 1911 1837 exauditis
1957 1784 2067 1837 illis

2164 570 2415 626 tlitatem.
2444 572 2715 627 Creaturze
2744 582 2945 638 autem,
2971 573 3129 627 etiam
3166 573 3272 628 illa:
3313 572 3509 643 quibus
3556 578 3767 630 aeterni-

2184 671 2348 717 tati-in
2376 662 2601 718 Crcator
2628 665 2811 729 dedit,
2857 666 2938 719 vel
2978 665 3202 719 daturus
3244 677 3359 731 est,
3404 679 3513 721 non
3563 667 3771 734 penitus

2180 754 2447 809 carebunt
2472 755 2601 819 line,
2625 756 2752 811 dum
2782 757 2889 811 illis
2925 756 3046 811 finis
3082 766 3165 811 est
3199 758 3311 825 ipsa
3341 758 3392 812 in
3421 769 3771 828 augmentum

2179 845 2323 901 facta
2355 850 2582 903 mutatio
2613 850 2873 919 (Sentent.
2904 851 2981 920 ὃ).
3017 852 3081 904 Et
3112 859 3255 905 terra
3295 866 3425 922 ergo
3450 894 3464 915 ,
3495 866 3659 923 quam
3692 863 3765 917 tu,

2181 939 2430 1005 Domine,
2483 940 2740 1006 fundasti,
2777 951 2833 997 et
2859 944 3005 1009 cali,
3044 943 3136 1013 qui
3158 959 3319 1013 opera
3354 955 3481 999 sunt
3512 959 3766 1001 multum

2179 1042 2415 1101 tuarum,
2449 1036 2586 1090 sicut
2621 1039 3001 1092 vestimentum
3050 1047 3107 1093 et
3144 1040 3481 1108 opertorium
3520 1050 3766 1095 veteras-

2177 1137 2304 1181 cent
2332 1139 2380 1181 et
2414 1129 2703 1198 peribunt:
2733 1145 2840 1183 non
2866 1141 2921 1183 ut
2951 1146 3055 1184 non
3083 1134 3213 1197 sint,
3238 1132 3332 1186 sed
3366 1138 3425 1184 ut
3449 1131 3609 1187 aliter
3624 1131 3761 1197 sint;

2177 1224 2467 1277 novationc
2482 1224 2688 1278 scilicet
2714 1224 3052 1289 substantiae,
3072 1240 3177 1278 non
3199 1224 3509 1281 delectione
3535 1236 3760 1282 natura.

2178 1311 2256 1367 Tu
2286 1326 2464 1369 autem
2496 1317 2631 1369 idem
2658 1318 2766 1388 ipse
2785 1333 2858 1381 es,
2894 1332 2997 1373 nec
3023 1319 3091 1372 ab
3120 1318 3230 1372 alio
3258 1319 3310 1373 in
3348 1319 3493 1375 aliud
3522 1320 3757 1385 transis;

2175 1405 2297 1475 quia
2328 1418 2384 1462 tit
2409 1423 2467 1463 es
2493 1410 2582 1479 qui
2612 1424 2736 1464 vere
2756 1424 2835 1473 es,
2867 1417 2923 1464 et
2945 1411 3037 1481 qui
3064 1410 3118 1465 in
3139 1410 3310 1480 gloria
3344 1422 3430 1465 tua
3460 1426 3562 1467 nec
3591 1411 3762 1468 minor

2173 1512 2330 1570 p0tes
2382 1517 2543 1566 esse,
2587 1518 2690 1557 nec
2744 1503 2953 1573 major;
3009 1505 3142 1558 dans
3184 1503 3308 1559 liliis
3336 1518 3617 1560 servorum
3651 1514 3761 1560 ttio-

2174 1609 2326 1658 rum,
2365 1604 2423 1649 ut
2452 1596 2518 1650 ad
2563 1612 2668 1651 non
2700 1598 3018 1654 deficientes
3065 1614 3235 1654 annos
3262 1610 3381 1654 tuos
3401 1599 3617 1654 valeant
3644 1613 3762 1669 pes-

2173 1688 2383 1742 venire.

2249 1782 2442 1847 {Vers.
2484 1784 2618 1854 ‘29.)
2650 1784 2781 1838 Filii
2825 1802 3084 1839 servorum
3130 1796 3330 1841 tuorum
3366 1787 3758 1854 inhabitabant,

477 1873 569 1943 qui
618 1884 775 1927 erant
817 1874 869 1928 in
932 1876 1219 1945 gemitibus
1249 1886 1302 1929 et
1350 1891 1598 1944 pressura
1626 1918 1639 1940 ,
1689 1876 1825 1930 hanc
1870 1878 2067 1932 nostris
2100 1876 2143 1934 Β
2172 1882 2219 1927 et
2246 1891 2414 1928 semen
2441 1894 2618 1931 eorum
2639 1882 2690 1931 in
2713 1880 2956 1932 swculum
2999 1881 3269 1950 dirigetur.
3312 1879 3430 1935 Filii
3481 1894 3760 1935 servorum

477 1967 815 2035 temporibus
848 1968 1067 2021 haberet
1124 1968 1363 2021 Ecclesia
1412 1970 1749 2027 libertatem,
1801 1986 1901 2038 qua
1953 1985 2070 2024 0m-

480 2060 628 2116 ltiuut
658 2063 897 2129 gentium
926 2063 1103 2131 populi
1130 2062 1183 2115 itt
1215 2062 1341 2116 lidei
1371 2075 1562 2117 coeant
1592 2066 1869 2131 unitatem,
1903 2074 1957 2117 et
1986 2080 2072 2117 re-

479 2168 583 2225 gna
614 2170 733 2222 quin
778 2158 1240 2225 persequebantur
1288 2158 1644 2223 Christianos,
1692 2159 1820 2227 jugo
1867 2158 2067 2211 Christi

478 2248 725 2315 subjecui
753 2248 875 2301 sint.

554 2340 735 2408 (Vers.
758 2339 875 2411 21.)
900 2340 1185 2411 Respondit
1206 2342 1253 2393 ei
1273 2341 1327 2395 in
1346 2342 1427 2394 via
1453 2341 1770 2404 fortitudinis
1791 2356 1915 2396 suae.
1944 2342 2070 2398 Sive

481 2432 638 2492 Sion.
666 2436 782 2488 sive
809 2436 1133 2495 Jerusalem,
1167 2450 1287 2504 qua:
1316 2446 1397 2489 cst
1434 2436 1704 2497 Ecclesia,
1738 2438 1787 2489 in
1816 2455 1914 2504 qua
1956 2437 2071 2490 laus

483 2525 698 2581 Domini
729 2516 1079 2592 celebratur,
1128 2529 1405 2597 respondit
1436 2530 1522 2591 ei,
1563 2544 1722 2597 quem
1769 2546 1861 2596 per
1912 2531 2069 2583 fidem

480 2615 687 2680 laudat,
720 2634 813 2685 per
850 2635 1040 2686 spem,
1090 2635 1184 2687 per
1224 2619 1570 2672 cltnritatem.
1622 2619 1753 2673 Nam
1801 2623 2068 2675 vocationi

481 2709 599 2779 ejus
632 2712 964 2778 re~pundere
986 2752 999 2773 ,
1054 2718 1135 2763 cst
1172 2712 1398 2767 credere
1442 2725 1601 2774 atque
1633 2716 1884 2773 obedire,
1931 2723 1987 2768 et
2018 2716 2069 2768 in

486 2803 769 2870 pra'ceptis
796 2803 962 2872 ipsius
992 2805 1293 2859 ambulare.
1328 2803 1391 2857 In
1427 2806 1508 2858 ria
1540 2807 1862 2875 fortitudinis
1884 2822 1903 2860 :
1947 2810 2071 2876 quia

481 2894 551 2949 ab
580 2894 700 2963 ipso
724 2905 807 2948 est
838 2909 887 2947 ttt
934 2909 1312 2964 perseveretur
1360 2900 1502 2951 inter
1548 2914 1737 2951 omnes
1786 2901 2073 2955 illecebras

480 2998 535 3043 et
584 2990 814 3041 labores.
882 2987 1228 3058 Exiguitatem
1290 2990 1495 3041 dierum
1533 3006 1767 3042 meorum
1814 2993 2072 3044 annuntia

483 3078 629 3133 mihi.
685 3079 951 3149 Exiguum
994 3088 1077 3133 est
1119 3096 1278 3135 omne
1323 3084 1463 3147 quod
1508 3083 1689 3134 linitur
1733 3093 1785 3137 et
1838 3083 2070 3147 tran~it;

480 3172 589 3227 vita
643 3178 787 3225 enim
838 3174 1151 3241 temporalis
1200 3174 1250 3227 iit
1294 3187 1702 3242 comparatione
1751 3176 2070 3229 a-tt-ruitatis

2176 1965 2294 2031 Dei,
2327 1979 2453 2022 sunt
2483 1970 2575 2023 lilii
2602 1971 2891 2038 justurum,
2925 1971 3017 2025 lilii
3049 1972 3497 2043 patriarcharum,
3530 1971 3763 2042 protihe—

2174 2072 2372 2126 tarum,
2414 2065 2810 2131 apostolorum,
2858 2074 2911 2119 et
2958 2076 3292 2137 martyrum;
3344 2066 3438 2121 lilii
3487 2074 3762 2135 pustremo

2174 2154 2339 2207 totius
2389 2155 2680 2224 Ecclesiae,
2742 2172 2861 2223 qua:
2907 2173 3101 2227 corpus
3132 2172 3215 2213 est
3248 2157 3486 2223 Christi,
3539 2166 3595 2210 et
3644 2171 3760 2227 quae

2173 2255 2344 2300 mater
2392 2256 2475 2301 est
2526 2250 2763 2301 omnium
2818 2260 3067 2318 patrum,
3119 2251 3472 2317 omniumque
3529 2248 3759 2302 filioru-

2177 2337 2406 2407 (Epltes.
2436 2340 2615 2404 v.25;
2645 2341 2761 2396 Gul.
2789 2358 2863 2406 tv,
2906 2344 3021 2410 εδ).
3075 2343 3136 2397 lli
3186 2359 3317 2412 ergo
3360 2344 3411 2398 in
3459 2341 3764 2397 artetuitate

2174 2445 2439 2485 annorum
2472 2434 2563 2486 ltei
2598 2434 2937 2500 ltahitaliunt,
2976 2444 3028 2488 et
3063 2448 3250 2489 semen
3287 2450 3476 2489 eorum
3523 2434 3577 2488 in
3606 2447 3762 2491 aer-

2176 2539 2303 2577 uum
2333 2523 2617 2592 dirigetur.
2649 2530 2846 2581 Semen
2881 2536 3061 2582 autent
3101 2543 3287 2581 eorum
3322 2537 3468 2581 recte
3507 2524 3760 2594 ἰηιΛὰςὶ-

2176 2624 2261 2669 ιυι·
2288 2631 2422 2681 opus
2449 2617 2672 2685 jllSllllzP.
2710 2619 2949 2682 ipsorum
2971 2665 2983 2689 ,
3011 2621 3151 2690 quod
3186 2620 3348 2675 debet
3402 2623 3761 2687 unumquem-

2174 2723 2280 2776 que
2312 2710 2655 2776 pra-cedere:
2703 2714 2962 2777 quoniam
3017 2713 3258 2766 sterilem
3290 2721 3344 2767 et
3371 2710 3762 2765 infructuosum

2175 2798 2262 2853 illa
2295 2802 2613 2856 aeternitatis
2642 2802 2922 2857 beatitudo
2953 2819 3058 2859 non
3093 2805 3300 2874 recipit.

2734 2895 3051 2952 PSALSIUS
3087 2896 3197 2952 Cll.

2247 2983 2448 3055 (Vers.
2494 2985 2597 3055 1.)
2646 2986 2905 3052 Benedic,
2951 2990 3129 3043 aninta
3171 3006 3305 3055 mea,
3352 2987 3673 3043 Dominum:
3715 3000 3760 3041 et

2175 3079 2349 3131 omnia
2377 3080 2621 3133 interiora
2663 3096 2773 3133 mea
2825 3097 3009 3135 nomen
3062 3093 3298 3136 sanctum
3328 3085 3459 3154 ejus.
3492 3080 3628 3136 Tota
3658 3081 3761 3137 Ec-

2176 3171 2342 3226 ('leia
2369 3187 2491 3227 cum
2515 3186 2615 3225 suo
2641 3175 2839 3241 capite,
2876 3176 3016 3240 quod
3045 3186 3130 3230 est
3159 3176 3409 3231 Christus
3434 3175 3657 3245 (Ephes.
3702 3192 3759 3241 v,

484 3265 673 3334 exigua
703 3275 815 3319 est:
850 3265 1007 3332 cujus
1029 3265 1143 3319 dies
1170 3266 1291 3319 ideo
1318 3268 1461 3319 sibi"
1486 3268 1788 3320 :mnuntiari
1812 3268 1865 3319 Et
1889 3267 2053 3323 clesia
2093 3262 2140 3327 C
2169 3263 2294 3334 25),
2327 3282 2463 3320 unus
2497 3277 2582 3321 est
2628 3268 2827 3322 homo:
2871 3269 3028 3337 cujus
3082 3274 3353 3338 proprium
3386 3271 3629 3325 officium
3678 3278 3761 3326 est

484 3359 738 3427 postulat,
764 3369 816 3411 ut
850 3360 1060 3412 noverit
1104 3376 1161 3414 se
1204 3376 1372 3429 usque
1415 3360 1465 3413 iu
1511 3362 1671 3413 finem
1720 3363 1902 3415 saculi
1948 3379 2067 3417 esse

482 3466 814 3513 uiaiisuram,
844 3454 1017 3506 donec
1039 3455 1257 3506 veniant
1289 3455 1360 3505 illi
1389 3452 1505 3505 dies
1526 3454 1617 3521 qui
1651 3470 1749 3507 nec
1781 3470 2065 3510 numerum

483 3552 735 3614 poterunt
766 3545 985 3609 habere,
1012 3544 1039 3582 δ
1069 3561 1168 3598 nec
1200 3546 1509 3599 terminum.

552 3635 754 3708 (νει-ε.
786 3635 877 3690 ‘25.
913 3637 930 3705 )
967 3635 1050 3690 Ne
1090 3653 1287 3690 revoces
1332 3652 1412 3689 me
1460 3638 1512 3690 in
1557 3638 1827 3691 dimidium
1868 3640 2067 3694 dierum

482 3746 733 3783 meorum.
759 3728 874 3784 Non
904 3731 1311 3793 imminuantur,
1349 3732 1539 3798 inquit,
1564 3732 1680 3785 dzes
1704 3732 1840 3799 mei,
1870 3749 2069 3802 quous-

478 3840 582 3894 que
614 3826 667 3878 in
698 3828 1229 3880 coosummatiouem
1270 3826 1458 3879 saeculi
1491 3828 1828 3895 spopondisti
1856 3846 1868 3880 :
1897 3830 2068 3884 donec

478 3918 758 3987 plenitudo
787 3925 1026 3985 gentium
1053 3920 1287 3971 introeat
1316 3919 1494 3988 (Itoni.
1530 3934 1610 3981 xi,
1639 3918 1728 3990 ‘23)
1754 3961 1769 3983 ,
1812 3931 1865 3975 et
1888 3924 2066 3978 omnis

476 4007 641 4063 Israel
672 4008 847 4061 salvus
884 4008 993 4061 fiat.
1021 4008 1085 4060 In
1115 4010 1443 4078 generatione
1464 4019 1512 4062 et
1535 4012 1911 4079 generationem
1944 4014 2067 4067 anni

477 4100 573 4154 tui.
623 4097 705 4152 Ab
755 4098 908 4151 initio
959 4113 1127 4168 usque
1162 4101 1229 4152 ad
1276 4104 1801 4157 eousutnmatiom-nt
1850 4115 2068 4163 sanctos

477 4191 575 4247 Dei
608 4193 822 4246 diversa
848 4195 1069 4256 saecula,
1100 4193 1234 4245 alios
1263 4202 1315 4244 ct
1342 4194 1478 4247 alios
1509 4198 1841 4260 protulerant
1869 4218 1880 4251 :
1928 4217 2066 4269 quo-

475 4301 594 4341 rum
623 4284 937 4354 justiticatio
976 4302 1082 4339 non
1125 4294 1207 4339 est
1236 4286 1337 4338 nisi
1381 4285 1433 4339 iu
1463 4287 1710 4353 Christo,
1762 4292 1926 4363 378
1974 4310 2068 4362 per

476 4394 634 4449 quem
661 4380 900 4433 omnium
924 4378 1337 4448 generationum
1361 4394 1462 4431 una
1488 4383 1763 4446 generatio
1785 4396 1887 4449 est,
1906 4400 2063 4449 quam

474 4471 623 4526 Deus
675 4472 993 4527 aeternitatis
1038 4472 1165 4526 facit
1195 4488 1315 4526 esse
1354 4474 1712 4543 participem:
1763 4485 1821 4530 ut
1864 4479 2067 4547 absque

476 4563 899 4619 commutatione
926 4565 997 4619 sit
1018 4566 1197 4618 omnia
1223 4568 1272 4617 in
1306 4567 1559 4618 omnibus
1590 4566 1634 4635 (l
1666 4565 1785 4619 Cor.
1824 4584 1908 4634 xv,
1948 4570 2061 4639 25).

2176 3359 2227 3411 in
2258 3364 2401 3412 omni
2428 3368 2669 3430 tempore
2692 3362 3014 3416 benediccre
3039 3362 3345 3429 Dominum,
3370 3378 3536 3432 seque
3564 3368 3617 3418 in
3649 3364 3760 3418 lau—

2172 3450 2295 3505 dem
2351 3452 2488 3522 ejus,
2522 3468 2680 3520 quem
2709 3470 2773 3507 ex
2827 3462 2935 3507 tota
2970 3454 3166 3508 virtute
3199 3470 3296 3509 sua
3316 3456 3512 3525 diligit,
3563 3456 3760 3511 enitor-

2172 3546 2297 3598 tari.
2330 3542 2593 3601 Interiora
2623 3556 2802 3599 autem
2847 3546 2965 3613 ejus
3011 3556 3136 3600 sunt
3173 3547 3314 3601 ratio
3366 3546 3755 3614 intelligentiae.

2170 3650 2297 3705 spes
2322 3636 2463 3699 fidei.
2499 3638 2775 3691 humilitas
2805 3639 3039 3705 timoris,
3076 3639 3338 3695 fortitudo
3366 3638 3681 3705 cbaritatis;
3703 3647 3759 3695 et

2171 3729 2215 3783 si
2247 3712 2366 3797 qua:
2394 3741 2521 3785 sunt
2547 3730 2666 3783 alme
2716 3730 3031 3785 affectiones
3065 3733 3260 3803 quibus
3304 3739 3457 3788 meus
3488 3735 3541 3788 itt
3582 3734 3756 3789 admi-

2170 3824 2436 3879 rationem
2468 3825 2548 3878 sui
2575 3826 2814 3879 auctoris
2841 3826 3089 3895 erigitur.

2243 3920 2261 3987 (
2287 3919 2440 3974 Vers.
2473 3920 2554 3991 2.)
2588 3919 2833 3987 Benedic,
2860 3924 3033 3976 anima
3055 3940 3183 3991 mea,
3214 3923 3522 3978 Dominum:
3565 3934 3616 3978 et
3652 3924 3759 3977 noli

2171 4010 2401 4065 oblivisci
2428 4029 2600 4067 omnes
2636 4014 2989 4069 retributiones
3028 4018 3163 4086 ejus.
3211 4015 3404 4070 lternta
3448 4014 3763 4071 cohortatio

2169 4102 2351 4166 docet,
2405 4120 2693 4174 numquam
2741 4123 2768 4157 a
2830 4106 2923 4160 Dei
2981 4105 3358 4161 benedictione
3409 4106 3756 4160 ce-sanilmu.

2169 4196 2286 4253 Erit
2313 4208 2493 4253 autem
2537 4213 2885 4266 perseverans
2910 4198 3074 4269 379
3100 4198 3423 4259 benedictio,
3447 4198 3488 4251 si
3531 4197 3762 4252 retribu-

2170 4290 2377 4343 tionum
2411 4291 2527 4355 eius
2565 4292 2708 4343 nulla
2750 4307 3001 4358 umquam
3050 4291 3307 4359 subrepat
3356 4290 3579 4343 oblivio.
3625 4289 3759 4358 Qua

2171 4382 2562 4436 retributiones
2609 4397 2714 4435 non
2762 4384 3056 4436 secundum
3106 4384 3296 4436 merita
3346 4380 3581 4435 humana
3632 4389 3763 4437 sunt

2172 4474 2345 4528 facite.
2395 4473 2527 4527 Nam
2557 4473 2832 4527 damnatio
2859 4473 3234 4543 peccatoribus
3282 4470 3577 4527 debebatur
3604 4488 3623 4529 :
3661 4471 3759 4527 sed

2170 4568 2339 4633 gratia
2373 4567 2609 4635 pra-suta
2640 4575 2721 4619 est
2747 4567 2925 4629 malis,
2955 4574 3011 4618 et
3031 4566 3176 4617 salus
3209 4564 3447 4632 perditis.
3487 4562 3760 4632 QuOniaI!

549 4655 741 4724 (Vers.
772 4656 872 4720 ‘26,
911 4656 979 4709 9.7
1000 4696 1017 4721 ,
1046 4656 1165 4725 ‘38.)
1217 4654 1485 4725 Principio
1508 4699 1522 4722 ,
1568 4655 1791 4713 Domine
1814 4699 1827 4721 ,
1876 4670 2064 4715 terram
2096 4654 2143 4713 D
2176 4656 2341 4711 Filius
2374 4658 2595 4710 hominis
2626 4658 2754 4709 venit
2786 4672 3013 4727 querere
3049 4666 3095 4710 et
3140 4657 3337 4710 salvare
3364 4656 3501 4727 quod
3534 4657 3757 4724 perierd

473 4751 724 4820 fundasti,
753 4761 800 4804 et
823 4768 975 4823 opera
1001 4769 1246 4807 manuum
1269 4766 1473 4808 taurum
1506 4766 1627 4810 sunt
1657 4756 1788 4810 caeli.
1830 4755 1945 4825 Ipsi
1975 4775 2063 4829 pe-

471 4845 664 4911 ribunt,
692 4854 744 4897 tu
780 4855 948 4898 autem
984 4862 1271 4917 permanes,
1322 4856 1371 4900 et
1398 4864 1573 4903 omnes
1614 4850 1745 4903 sicut
1792 4853 2061 4905 uestimen-

472 4947 579 4991 tum
621 4948 946 5002 veterascent,
986 4948 1032 4991 et
1075 4940 1205 4992 sicut
1249 4941 1563 5010 aperturium
1602 4941 1819 4996 mutabis
1861 4959 1967 5009 eos,
2015 4952 2061 4997 et

470 5031 839 5087 mutabuntur:
871 5040 926 5085 tu
970 5032 1105 5086 idem
1149 5035 1259 5101 ipse
1296 5049 1369 5097 es,
1420 5042 1467 5087 et
1512 5038 1635 5087 anni
1676 5037 1750 5088 tui
1789 5053 1887 5089 non
1930 5038 2062 5106 deﬁ-

467 5124 616 5176 cient.
665 5123 801 5179 Vera
831 5127 1128 5189 aeternitas,
1161 5132 1217 5180 et
1241 5140 1365 5180 vera
1397 5125 1777 5183 immortalitas
1810 5144 1913 5184 non
1948 5139 2053 5195 est,

469 5215 571 5267 nisi
606 5216 657 5268 in
705 5215 913 5271 Deitate
946 5216 1260 5283 Trinitatis,
1304 5218 1389 5271 cui
1420 5218 1564 5286 quod
1613 5230 1697 5273 est
1747 5235 1891 5285 esse,
1934 5236 2057 5290 per-

466 5308 687 5374 petitum
719 5319 802 5363 est
826 5327 839 5362 :
866 5321 917 5364 et
940 5324 1117 5380 neque
1145 5326 1237 5379 per
1266 5310 1473 5364 initium
1493 5350 1508 5374 ,
1533 5326 1705 5381 neque
1736 5327 1831 5381 per
1879 5313 2054 5368 incre-

540 5452 566 5479 ⁸
596 5444 686 5497 Sic
714 5461 967 5501 evcusum
992 5449 1218 5503 lecimus
1248 5447 1303 5503 in
1326 5449 1724 5503 recentioribus
1746 5448 2043 5513 codicibus,

468 5531 589 5570 cum
615 5516 881 5571 editiones
912 5533 1125 5574 veteres
1154 5535 1383 5587 quarum
1412 5522 1517 5573 tllze
1546 5522 1656 5587 jam
1690 5536 1833 5586 εει-μθ
1872 5522 2050 5574 citata:

470 5588 641 5642 ltaltr-a
672 5596 700 5637 ιι
730 5601 1068 5655 annunttare;
1099 5596 1277 5644 minus
1307 5608 1564 5657 congruo,
1597 5603 1646 5643 ιιι
1685 5593 1920 5643 videtur.
1942 5591 2050 5644 Att-

468 5658 715 5730 gn~tinus
738 5674 802 5710 en
830 5676 878 5711 tn
904 5674 1137 5714 utinrrat.
1162 5664 1217 5721 2.
1236 5666 1284 5716 in
1322 5664 1461 5715 hunc
1490 5662 1737 5715 eumdem
1762 5672 2048 5726 usnfmuiu,

467 5748 614 5807 imm.
646 5731 701 5795 9,
732 5731 876 5787 dicit.
908 5732 1100 5796 (intuit
1131 5750 1160 5807 ᾳ
1184 5733 1291 5786 Duo
1324 5732 1603 5807 (Ecclesia)
1638 5745 1690 5786 ttt
1720 5734 2051 5803 exiguitatem

466 5802 665 5857 dierum
696 5819 907 5855 suorum
939 5806 1205 5857 annuntit
1237 5808 1349 5859 sibi.

538 5873 564 5913 δ
606 5874 747 5929 Ει1³ιὶ
776 5890 965 5931 omnes
996 5877 1047 5929 in
1082 5878 1321 5945 margine
1344 5877 1582 5934 indicant
1629 5878 1789 5931 aliter
1839 5876 1945 5947 legi
1991 5876 2041 5931 in

2171 4750 2320 4820 (Luc.
2356 4766 2467 4813 xu,
2511 4749 2600 4817 10)
2626 4765 2645 4813 ;
2670 4758 2717 4802 et
2747 4765 2848 4803 non
2876 4751 3009 4803 venit
3038 4765 3219 4803 uocare
3240 4751 3432 4818 justas,
3456 4748 3549 4803 sed
3576 4765 3757 4817 peccav

2165 4852 2297 4898 tores
2328 4843 2481 4912 (Luc.
2514 4860 2577 4907 v,
2612 4844 2725 4913 3‘2),
2775 4842 3187 4899 Beuediceudus
3232 4858 3359 4912 ergo
3400 4854 3481 4897 cst
3522 4844 3614 4914 qui
3648 4858 3753 4898 non

2163 4937 2340 4993 Solum
2376 4952 2480 4991 non
2511 4938 2696 5005 plectit
2725 4937 2897 4991 malos
2917 4977 2932 4999 ,
2966 4937 3061 4993 sed
3094 4937 3257 4992 etiam
3289 4936 3426 4991 bona
3469 4951 3566 5005 pro
3597 4936 3754 4991 malis

2163 5030 2363 5094 reddit,
2400 5041 2453 5084 et
2483 5031 2656 5083 honos
2686 5030 2833 5083 facit.

2238 5124 2416 5191 (Vers.
2452 5122 2505 5187 5,
2538 5123 2590 5189 4,
2626 5124 2706 5193 5.)
2741 5122 2842 5187 Qui
2886 5124 3138 5194 prapitius
3167 5134 3187 5161 ο
3219 5124 3277 5192 ﬁt
3300 5122 3534 5177 omnibus
3566 5122 3751 5191 iniqui-

2165 5216 2355 5270 tatibus
2388 5218 2509 5279 tuis,
2540 5216 2629 5286 qui
2655 5226 2800 5269 sanat
2828 5231 2997 5268 omnes
3026 5215 3303 5286 faitguores
3351 5226 3485 5267 tuos.
3532 5213 3636 5277 Qui
3676 5229 3753 5265 re-

2165 5312 2321 5365 dimet
2348 5313 2413 5364 de
2449 5310 2775 5380 corruptione
2814 5308 2969 5362 vitam
3015 5317 3187 5374 tuam,
3228 5310 3315 5379 qui
3353 5316 3568 5362 coronat
3616 5317 3663 5361 te
3700 5306 3752 5360 in

2158 5451 2276 5505 aliis
2304 5448 2475 5509 libris,
2510 5445 2737 5509 scilicet,
2774 5462 2865 5499 nec
2894 5446 3147 5499 imminui.

2235 5532 2256 5559 ε
2290 5518 2493 5574 Ouutcs
2525 5519 2813 5579 editiones,
2847 5518 3100 5588 propitius
3128 5517 3245 5586 fuit.
3278 5516 3347 5569 At
3371 5516 3420 5567 in
3443 5514 3745 5588 explicatio-

2160 5608 2227 5647 ne
2257 5592 2411 5653 paulo
2441 5597 2578 5653 post,
2610 5584 2860 5658 propitiati
2904 5591 2991 5648 sit,
3028 5584 3163 5641 forte
3195 5600 3422 5654 utroque
3455 5584 3596 5658 loco
3632 5603 3741 5647 pro,

2157 5663 2416 5735 propitius
2443 5661 2535 5735 ﬁt;
2568 5654 2625 5712 ut
2654 5654 2791 5727 apud
2820 5663 3179 5735 Augustinum
3208 5660 3419 5735 legitur.
3454 5654 3552 5735 _Uhi
3589 5657 3689 5709 iul"
3712 5684 3743 5709 ~.

2162 5728 2261 5799 Qui
2294 5734 2517 5786 redimit.
2558 5748 2651 5794 pro
2682 5748 2747 5784 eu
2780 5734 2919 5795 quini
2942 5731 3155 5787 codices
3181 5728 3352 5784 nOstt'i
3384 5729 3580 5783 habent
3614 5735 3741 5780 νέαι·

2158 5815 2277 5871 met,
2314 5803 2706 5858 recentioribus
2738 5804 2996 5872 exceptis.
