4028 6352
495 338 600 394 287

1741 333 1803 390 S.
1842 331 2181 390 PBOSPERI
2220 332 2551 401 AQUITANI

3681 348 3785 407 388

493 456 643 513 stitia
679 455 817 523 Dei,
861 453 963 510 hoc
1000 463 1106 520 est,
1136 453 1418 509 retributio
1447 465 1609 521 super
1631 450 1777 506 filios
1805 450 2076 506 filiorum:
2106 452 2160 514 Α
2185 450 2331 508 illius
2356 451 2547 523 gloria,
2570 452 2663 510 sed
2689 454 2975 511 admiratio
2994 464 3177 511 nostra
3210 457 3469 527 proficiat.
3497 458 3789 533 Confessio.

494 553 587 620 qui
610 550 802 605 melius
824 548 1193 619 intelliguntur
1216 546 1267 602 iu
1291 545 1529 617 germine
1554 544 1820 601 bonorum
1845 559 2094 615 operum,

495 658 656 711 quam
703 643 755 697 in
804 642 955 710 prole
1005 652 1282 706 natorum;
1327 654 1467 709 quos
1514 639 1664 693 multi
1703 637 1835 708 ju~ti
1866 653 1969 692 non
2002 639 2096 691 ha-

454 783 463 791 .
497 740 681 794 bnisso
709 748 1039 800 noscuntur;
1067 747 1121 791 et
1140 737 1230 805 qui
1256 735 1579 800 habuerunt,
1606 749 1710 787 non
1734 747 1924 787 omnes
1946 741 2095 797 sunt,

452 816 589 922 (iant
617 831 670 884 in
703 830 953 885 omnibus
978 830 1220 900 gloriati.
1251 827 1671 883 Custodientibus
1700 836 2057 881 testamentum
2076 865 2092 888 ,

454 950 471 980 λ
498 934 543 976 et
586 925 832 978 memoria
877 922 1205 978 retinentibus
1247 922 1494 976 mandata
1539 925 1672 995 ejus,
1704 928 1758 975 ut
1792 922 1983 990 faciant
2012 936 2097 973 ea.

443 1002 479 1072 ἰ
502 1014 592 1070 Ille
624 1016 871 1070 mandata
904 1016 997 1072 Dei
1032 1017 1347 1071 memoriter
1376 1025 1546 1081 tenet,
1575 1016 1665 1085 qui
1696 1013 1839 1085 quod
1874 1012 2097 1066 manda-

502 1111 569 1165 tis
600 1111 692 1165 Dei
720 1111 1051 1175 continetur,
1084 1119 1374 1178 cpe-ratur:
1412 1123 1513 1163 nec
1542 1106 1652 1161 falli
1681 1116 1855 1177 poti-5t
1885 1104 1940 1159 in
1982 1104 2102 1158 lati-

500 1203 689 1259 tudiue
715 1216 1125 1273 praeceptorum,
1160 1217 1279 1256 cum
1319 1202 1373 1257 in
1421 1201 1631 1256 duobus
1678 1199 1944 1255 mandatis
1987 1206 2099 1253 tota

502 1293 612 1351 Lex
641 1297 871 1366 pendeat
897 1306 953 1353 et
977 1295 1264 1365 Propheta:
1292 1294 1517 1366 (Matth.
1550 1310 1684 1358 χιιι,
1714 1294 1826 1365 40).

572 1389 752 1462 (Vers.
787 1390 901 1459 19.)
922 1389 1173 1443 Dominus
1200 1389 1253 1443 in
1279 1390 1404 1442 caelo
1421 1390 1625 1459 paravit
1649 1387 1892 1441 thronum
1915 1403 2064 1443 suum
2081 1403 2101 1443 :

501 1491 550 1536 et
576 1496 791 1549 regnum
816 1484 927 1554 ejus
951 1482 1179 1535 omnium
1206 1480 1578 1534 dominabitur.
1607 1481 1745 1546 Quid
1769 1480 1911 1535 aliud
1939 1481 2102 1551 signi-

500 1573 713 1639 ficatur,
747 1575 847 1628 nisi
873 1572 1085 1628 Dotnini
1109 1574 1417 1639 descensio,
1446 1583 1502 1629 et
1524 1576 1793 1641 asciensio,
1817 1587 1867 1629 et
1891 1588 2105 1627 assum-

502 1672 577 1741 pti
610 1670 848 1725 hominis
871 1668 922 1724 in
950 1677 1171 1738 paterna
1192 1670 1321 1724 sede
1341 1670 1653 1725 consessio?
1674 1671 1757 1725 cui
1779 1684 1919 1740 genu
1943 1682 2104 1724 omne

504 1763 739 1820 ﬂectitur
765 1764 1089 1831 CU’ICSIIIIID,
1121 1767 1458 1819 terrestrium
1486 1804 1501 1829 ,
1532 1774 1587 1818 et
1631 1762 1963 1818 ittl‘i-rnorum
1988 1806 2003 1831 ,
2050 1771 2106 1816 et

2198 536 2311 601 nem
2325 556 2373 601 et
2392 547 2622 603 decorem
2643 549 2878 604 induisti.
2901 549 3078 606 Induit
3097 565 3155 607 se
3174 550 3429 609 Dominus
3447 552 3592 611 Deus
3609 568 3793 614 noster

2197 640 2593 698 confesionem
2617 653 2670 698 et
2686 642 2957 705 decorem.
2982 643 3035 699 id
3058 653 3163 715 est,
3190 646 3366 702 induit
3383 661 3444 705 se
3471 648 3792 717 Ecclesiam,

2196 748 2318 804 qu:e
2341 750 2434 803 per
2456 735 2850 791 confessionem
2883 737 3131 806 deposuit
3164 738 3483 807 fmilitatem,
3510 755 3563 798 et
3591 746 3796 817 accepit

2199 826 2488 894 decorem;
2519 832 2633 897 ipsa
2660 830 2804 886 enim
2835 832 3106 892 confessio
3134 845 3477 905 peccatorum
3506 836 3673 894 decus
3713 848 3798 897 est

2198 930 2345 975 recte
2376 919 2659 977 factorum.

2272 1013 2451 1082 (Vers.
2485 1014 2567 1086 2.)
2599 1015 2623 1054 ι’
2654 1014 3080 1074 Circuntamictus
3106 1018 3321 1087 lumine,
3356 1023 3490 1077 sicut
3524 1026 3797 1080 vestimen-

2202 1113 2329 1162 tum.
2358 1105 2473 1175 Ipsa
2502 1118 2584 1163 est
2610 1110 2778 1164 vestis
2806 1111 2950 1180 ejus,
2983 1128 3089 1167 non
3122 1112 3329 1168 habens
3358 1115 3654 1180 maculam,
3706 1084 3832 1173 ne-i

2201 1213 2307 1268 que
2332 1215 2539 1269 rugam,
2570 1212 2621 1256 et
2649 1204 2928 1271 splendida
2958 1205 3093 1260 facta
3124 1220 3219 1276 per
3266 1216 3494 1275 gratiam
3520 1249 3536 1272 ,
3586 1226 3706 1277 qua:
3747 1222 3800 1267 et
3823 1212 3874 1247 ⁶¹

2200 1290 2293 1346 qu
2342 1302 2601 1359 vocatur,
2655 1294 2869 1352 dicente
2918 1297 3220 1366 Apostolo,
3274 1298 3470 1356 Fuistis
3519 1302 3800 1374 ali'piaudo

2203 1386 2440 1450 tenebris,
2474 1403 2608 1441 nunc
2634 1397 2804 1443 autem
2831 1389 2923 1444 lux
2945 1390 2998 1444 in
3024 1390 3245 1446 Domino
3275 1393 3493 1465 (Ephes.
3525 1411 3577 1461 v,
3609 1396 3688 1467 8).

2277 1478 2470 1550 (Ibid.)
2499 1478 2791 1538 Extendrns
2822 1484 3003 1539 calum
3034 1486 3166 1540 sicut
3192 1486 3395 1558 pellem.
3440 1487 3498 1546 Si
3542 1489 3802 1547 facturam

2204 1572 2326 1627 cteli
2356 1573 2649 1629 secundum
2677 1575 2908 1631 litteram
2931 1577 3233 1648 cogitemus
3259 1590 3282 1619 ο
3308 1579 3364 1635 in
3391 1580 3805 1640 similitudinem

2207 1663 2364 1733 pellis
2412 1673 2683 1731 extensae,
2729 1667 2984 1724 celeritas
3012 1669 3257 1738 quaedam
3288 1671 3666 1730 demonstrata
3695 1686 3803 1746 est,

2207 1773 2310 1826 qua
2360 1757 2482 1812 sine
2522 1760 2625 1811 ulla
2670 1758 3000 1815 difficultatis
3048 1778 3194 1815 mora
3224 1778 3363 1832 opus
3391 1780 3548 1823 suum
3581 1768 3808 1825 Creator

503 1859 681 1913 omnis
730 1858 904 1929 lingua
955 1860 1239 1913 confitetur
1263 1900 1279 1924 ,
1330 1857 1587 1928 quoniam
1639 1856 1897 1911 Dominus
1944 1854 2102 1911 Jcsus
2138 1845 2178 1905 Β
2210 1851 2421 1916 explicu
2448 1859 2487 1905 t.
2518 1850 2660 1906 Dixit
2689 1855 2866 1918 enim,
2898 1851 3019 1907 Fiat
3039 1854 3418 1924 firmamentum
3456 1858 3587 1912 inter
3618 1876 3810 1931 equoin

505 1949 753 2005 Christus
800 1954 850 2004 in
898 1952 1064 2021 gloria
1113 1952 1285 2007 Patris
1319 1959 1401 2006 est
1433 1950 1661 2022 (f’liilip.
1697 1965 1767 2013 it,
1802 1948 1867 2005 10
1899 1958 1945 2002 et
1990 1948 2101 2020 Il).

577 2043 757 2115 (Vers.
787 2043 903 2115 20.)
935 2043 1229 2099 Benedicite
1251 2043 1553 2107 Dominum,
1577 2059 1748 2095 omnes
1771 2043 1941 2109 αηρεῘί
1966 2043 2099 2111 ejus,

506 2143 728 2204 potentes
755 2134 986 2201 virtutes,
1020 2135 1262 2205 facientes
1289 2136 1494 2187 verbum
1537 2134 1650 2203 ejus
1685 2130 1752 2185 ad
1791 2132 2105 2185 audiendam

506 2241 674 2280 vocem
705 2242 996 2282 sermonum
1019 2230 1154 2300 ejus.
1184 2228 1436 2283 Potentes
1464 2236 1589 2279 sunt
1618 2225 1803 2291 verbo,
1830 2230 1919 2295 qui
1952 2223 2103 2279 verbi

508 2316 838 2375 famulantur
882 2320 1147 2391 imperio:
1196 2323 1324 2390 quia
1364 2320 1532 2390 ipsius
1561 2318 1852 2387 implentur
1878 2320 2101 2386 virtute,

509 2415 593 2468 cui
626 2414 885 2468 serviunt.

581 2506 771 2577 (Vers.
808 2506 929 2579 21.)
976 2507 1267 2562 Benedicite
1318 2506 1628 2569 Dominum,
1678 2522 1852 2560 omnes
1892 2506 2104 2559 virtutes

508 2615 656 2669 ejus;
687 2601 906 2653 ministri
933 2603 1044 2672 ejus
1073 2602 1315 2671 facientes
1347 2603 1654 2655 voluntatem
1686 2602 1817 2670 ejus.
1850 2598 1991 2653 Vera
2023 2608 2107 2653 est

506 2691 777 2747 cnnfessio
806 2692 1195 2757 benedicentis,
1229 2709 1349 2748 cttm
1383 2692 1523 2748 idem
1572 2705 1739 2747 sonus
1781 2700 1868 2745 est
1902 2691 2012 2745 Oris
2052 2699 2106 2745 et

507 2782 708 2837 cordis.
765 2782 911 2838 Bene
949 2794 1129 2839 autem
1179 2785 1325 2853 lnqui
1362 2792 1417 2838 et
1447 2784 1587 2837 male
1617 2782 1822 2846 vivere,
1859 2782 1929 2834 ttil
1957 2780 2105 2836 aliud

506 2884 591 2931 est
621 2891 781 2948 quam
808 2892 901 2931 sua
932 2893 989 2932 se
1032 2893 1166 2933 Voce
1211 2878 1471 2933 damnare
1501 2876 1739 2947 (Sen’en.
1768 2876 1846 2942 6).
1878 2876 1949 2929 De
1991 2875 2108 2929 edi-

507 2967 710 3024 cendus
736 2984 867 3039 ergo
901 2978 984 3025 est
1028 2972 1285 3025 Dominus
1334 2970 1467 3040 ipsis
1519 2969 1756 3023 iunxiate
1805 2967 2061 3035 Operibus
2088 3008 2104 3033 ,

507 3059 701 3130 quibus
726 3066 806 3117 sic
834 3065 993 3118 debet
1024 3063 1097 3116 uti
1124 3061 1480 3131 conscientia,
1512 3074 1566 3115 ut
1589 3061 1657 3115 de
1685 3063 1815 3130 ipsis
1843 3061 1895 3114 iu
1925 3058 2107 3114 Domi-

507 3170 579 3209 no
609 3157 868 3226 glorietur
896 3154 953 3226 (Ι
981 3156 1099 3210 Cor.
1131 3172 1171 3220 ι,
1198 3154 1314 3225 51).

2209 1949 2259 1995 et
2306 1957 2491 2011 aquam
2515 1982 2529 2007 ,
2578 1953 2625 1995 et
2674 1946 2869 2011 factum
2917 1955 2989 1997 est
3014 1949 3089 1999 sic
3123 1945 3336 2016 (Cenes.
3364 1962 3402 2012 I,
3432 1947 3511 2015 6).
3548 1950 3811 2017 Quoniam

2210 2032 2358 2085 uerbo
2388 2031 2592 2086 Domini
2618 2037 2728 2087 casti
2757 2034 2951 2103 firmati
2973 2047 3111 2099 sunt,
3137 2047 3182 2089 et
3209 2038 3394 2107 spiritu
3416 2040 3519 2094 oris
3549 2044 3662 2113 ejus
3703 2060 3812 2097 om-

2210 2125 2290 2177 nis
2326 2124 2482 2178 virtus
2520 2142 2697 2179 eorum
2725 2126 2898 2197 (Psal.
2936 2143 3090 2188 snt.
3121 2127 3201 2197 6).
3231 2131 3283 2184 Si
3317 2141 3495 2186 autem
3525 2134 3810 2204 figuratam

2210 2216 2655 2284 significationem
2703 2220 3013 2275 annitamur
3062 2220 3348 2293 inspicere,
3381 2228 3691 2281 invenimus
3725 2245 3814 2284 ex-

2212 2308 2447 2365 tendisus
2473 2310 2638 2364 Deum
2660 2314 2856 2367 omium
2878 2312 3017 2369 sicut
3051 2316 3273 2386 pellem,
3302 2332 3423 2373 eum
3455 2319 3815 2391 intelligimus

2208 2418 2450 2459 sanctam
2498 2405 2830 2474 Scriptoram
2877 2410 3072 2463 caelum
3100 2412 3446 2481 appellatam,
3475 2411 3502 2451 ἀ
3533 2415 3692 2485 cujus
3720 2434 3815 2471 au-

2209 2500 2513 2555 ctoritatem
2543 2502 2714 2569 primo
2742 2501 2891 2572 quasi
2920 2503 3315 2560 firmamentum
3340 2507 3391 2561 in
3431 2509 3671 2564 Ecclesia
3720 2526 3815 2565 sua

2211 2591 2426 2659 posuit,
2469 2602 2523 2645 et
2570 2609 2725 2661 quam
2759 2608 2922 2663 super
2951 2612 3167 2652 omnem
3199 2598 3386 2654 orbem
3422 2610 3685 2655 terrarum
3723 2618 3815 2671 per

2212 2685 2513 2741 ministeria
2545 2688 2977 2759 praedicantinm,
3002 2694 3155 2763 quasi
3180 2694 3373 2763 pellem
3398 2698 3663 2752 extendit.
3693 2698 3815 2753 νει.

2210 2775 2277 2831 Iis
2302 2788 2477 2832 autem
2506 2780 2726 2836 nomine
2750 2783 3051 2854 signiﬁcata
3081 2795 3165 2841 est
3200 2788 3501 2843 mortalitas
3537 2791 3817 2848 ministro-

2212 2885 2351 2938 rum,
2374 2883 2625 2929 manente
2648 2876 2882 2942 ipsorum
2904 2890 3091 2942 Opere,
3112 2894 3207 2947 per
3227 2881 3366 2950 quod
3392 2882 3590 2951 ubique
3618 2891 3813 2942 veritas

2212 2962 2493 3019 innotescit
2527 2975 2584 3020 et
2616 2967 2957 3025 IltVisibiiIlIS
2979 2970 3140 3042 383
3166 2972 3257 3026 Dei
3283 2987 3377 3041 per
3408 2974 3637 3030 visibilia
3669 2977 3817 3034 linteo

2210 3070 2389 3110 rarum
2417 3061 2681 3113 elementa
2711 3060 2975 3116 intellecta
3007 3064 3337 3134 coiispicitur
3363 3067 3542 3136 (Rom.
3576 3086 3613 3125 ι.
3643 3068 3769 3141 ‘20).

2285 3147 2463 3219 (Vers.
2494 3149 2577 3219 3.)
2610 3151 2711 3216 Qui
2740 3153 2961 3221 protegis
2982 3154 3034 3207 in
3079 3158 3223 3222 aquis
3264 3160 3529 3229 superiora
3566 3162 3705 3231 ejus.
3754 3163 3819 3218 Et

580 3247 773 3320 (Vers.
805 3247 923 3317 ἐξ..)
952 3246 1244 3302 Benedicite
1268 3247 1564 3309 Dominum,
1589 3246 1761 3299 omnia
1788 3259 1947 3312 opera
1976 3243 2103 3308 eius,

2219 3243 2318 3293 hoc
2349 3244 2643 3296 ενειιιιιίιιιιι
2676 3243 2907 3298 litteram
2939 3245 3075 3301 bene
3099 3247 3449 3319 intelligitur;
3494 3252 3618 3321 quia
3651 3256 3821 3322 jussit

509 3342 561 3395 in
589 3344 726 3393 omni
751 3338 864 3393 loco
891 3340 1255 3393 dominationis
1282 3341 1411 3410 ejus.
1446 3340 1600 3393 Sient
1646 3338 1829 3391 nullus
1852 3348 1937 3391 est
1962 3346 2113 3391 locus

510 3432 599 3503 qui
634 3447 739 3486 non
771 3431 1128 3486 dominationi
1159 3430 1278 3500 ejus
1301 3431 1464 3503 382
1494 3430 1845 3498 subjiciatur,
1888 3428 1957 3481 ita
1988 3426 2111 3481 nul-

510 3527 592 3581 Itis
616 3537 703 3582 cst
737 3527 887 3581 locus
918 3526 971 3580 in
1002 3540 1110 3596 quo
1157 3527 1273 3592 eius
1301 3526 1496 3580 debeat
1522 3538 1743 3578 cessare
1781 3519 2108 3576 benedictio.

507 3618 750 3680 Benedic.
777 3620 949 3673 anima
979 3634 1111 3681 mea,
1145 3616 1441 3671 Dominum.
1490 3615 1611 3685 Ipso
1660 3630 1822 3671 versu
1869 3614 2110 3685 psilmus

508 3715 796 3770 conclusus
826 3728 902 3769 est
936 3730 1042 3784 quo
1096 3713 1219 3768 inclt
1246 3722 1413 3768 vat-tus
1441 3731 1453 3765 :
1487 3723 1541 3765 ut
1578 3710 1942 3782 intelligamus
1989 3724 2113 3779 per-

508 3821 742 3863 severari
773 3808 823 3860 in
855 3808 944 3861 Dei
979 3806 1359 3864 benedictione
1388 3806 1608 3867 debere,
1640 3820 1760 3874 qu.e
1801 3818 1931 3859 vere
1973 3817 2108 3857 con-

511 3901 771 3969 tinuatur,
799 3906 844 3955 st
872 3903 987 3956 sine
1016 3903 1322 3957 ce~satione
1353 3902 1493 3955 bene
1524 3901 1744 3955 vivitur.

1072 3992 1388 4049 I‘SALWUS
1424 3990 1557 4047 CIII.

589 4082 777 4154 (Vers.
809 4083 888 4155 I.)
918 4082 1162 4146 Benedic,
1195 4086 1367 4137 animo
1390 4099 1523 4147 mea,
1556 4082 1849 4138 Dominum.
1880 4083 2027 4139 Sicut
2056 4086 2108 4138 in

512 4177 853 4245 pt'acedettte
886 4177 1112 4244 pSaImO,
1142 4177 1213 4229 ita
1241 4177 1401 4228 etiam
1431 4176 1481 4227 itt
1514 4178 1639 4239 isto,
1689 4176 1777 4246 qui
1825 4177 2067 4241 sequitur
2089 4216 2108 4243 ,

512 4281 616 4321 vox
640 4276 726 4321 est
748 4267 1114 4321 membrorum
1141 4266 1383 4331 corporis
1398 4264 1623 4319 Christi.
1649 4266 1796 4320 Unus
1817 4278 1894 4320 est
1923 4266 2107 4338 homo,

512 4366 568 4414 et
588 4358 808 4427 enjosin
826 4373 927 4413 una
945 4358 1049 4412 fide
1066 4372 1228 4410 nnmn
1243 4372 1358 4420 cor,
1376 4365 1431 4409 et
1451 4358 1626 4409 anima
1653 4372 1755 4409 una
1779 4365 1883 4422 est,
1909 4358 2111 4411 eohor-

512 4462 630 4508 tans
659 4461 716 4509 et
742 4454 988 4507 excitans
1016 4468 1074 4507 se
1106 4451 1160 4506 iit
1194 4450 1404 4507 Iaudem
1439 4450 1534 4506 Dei
1561 4466 1577 4505 :
1609 4452 1739 4505 utin
1770 4453 2111 4520 contempla-

513 4549 659 4602 tione
691 4557 1059 4602 creaturarum
1094 4549 1475 4617 ntagntlicetur
1524 4544 1773 4600 Creator.
1817 4555 1843 4585 ι
1888 4546 2109 4604 Domine

2225 3332 2365 3389 Deus
2410 3344 2467 3389 ut
2497 3338 2648 3390 fieret
2680 3335 3075 3394 firmamentum
3106 3340 3248 3397 inter
3295 3355 3558 3413 aquas.et
3604 3362 3816 3420 aquas,

2216 3423 2525 3496 factumque
2548 3430 2765 3495 estsic;
2790 3441 2843 3484 et
2867 3446 2987 3498 pars
3002 3446 3260 3501 aquarum
3286 3437 3484 3491 resedit
3508 3441 3559 3492 in
3585 3451 3818 3512 terram,

2215 3534 2341 3590 pars
2366 3530 2541 3576 autem
2568 3532 2650 3577 est
2675 3524 2815 3578 casio
2841 3527 3175 3592 superposita
3194 3569 3207 3589 ,
3242 3539 3444 3583 remota
3486 3531 3555 3584 ab
3592 3547 3821 3605 aspectu

2216 3623 2434 3677 no~tro,
2465 3625 2520 3667 et
2560 3614 2683 3670 Ωδμί
2721 3616 3095 3673 commendata
3137 3617 3288 3688 (Gen.
3319 3637 3359 3685 ι,
3391 3621 3471 3693 6).
3500 3622 3821 3684 Secundum

2217 3719 2345 3760 vero
2374 3706 2619 3775 figuram,
2656 3716 2679 3745 ο
2707 3724 2807 3777 qua
2839 3709 3173 3777 Scripturam
3200 3723 3441 3769 sanctam
3483 3716 3667 3771 divina
3722 3735 3820 3774 au-

2214 3798 2464 3853 ctoritate
2486 3799 2879 3856 firmamentum
2906 3803 3103 3858 caelum
3125 3807 3453 3876 accepimus,
3475 3810 3619 3878 quod
3645 3827 3820 3880 super

2214 3894 2401 3950 orbem
2434 3903 2614 3961 teme,
2649 3897 2793 3950 sicut
2836 3898 2992 3967 pellis
3023 3914 3119 3969 per
3162 3897 3359 3954 famam
3413 3903 3823 3971 pra-dicatioois

2214 3988 2559 4051 extendimr;
2588 3992 2866 4056 superiora
2895 3991 3017 4048 cali
3051 3992 3259 4061 protegi
3290 3994 3441 4063 aquis
3472 3995 3522 4048 in
3550 4010 3619 4050 eo
3650 3998 3823 4055 intel-

2215 4079 2465 4147 figamus,
2493 4081 2633 4152 quod
2665 4084 2715 4137 in
2747 4082 2849 4138 hoc
2878 4084 3040 4153 caelo,
3072 4085 3122 4138 id
3154 4094 3269 4149 est,
3303 4086 3359 4140 in
3394 4086 3630 4153 eloquiis
3669 4106 3823 4160 prte-

2212 4172 2490 4242 ceptisque
2514 4173 2737 4236 divinis,
2765 4175 2898 4229 nibil
2928 4186 3006 4230 est
3036 4174 3318 4231 sublimius
3347 4177 3613 4235 charitate
3636 4222 3652 4243 .
3698 4199 3823 4252 quas

2214 4265 2356 4320 inter
2388 4266 2481 4321 Dei
2508 4268 2684 4322 omnia
2710 4266 2853 4322 dona
2881 4269 3269 4337 supereminet.
3297 4269 3502 4338 Diffusa
3546 4282 3622 4327 est
3665 4278 3823 4333 etiis-

2212 4361 2266 4413 in
2297 4359 2533 4439 cordibus
2555 4362 2741 4415 nostris
2767 4379 2856 4433 per
2882 4362 3137 4433 Spiritum
3163 4374 3417 4427 sanctum.
3449 4367 3535 4435 qui
3560 4368 3728 4425 datus
3750 4379 3823 4425 est

2212 4451 2358 4506 nobis
2385 4452 2562 4521 (fiam.
2596 4471 2648 4520 v,
2680 4455 2759 4525 5).
2792 4454 2924 4523 Quae
2944 4455 3162 4511 diffusio
3189 4456 3207 4495 τ
3234 4473 3401 4528 aquas
3420 4468 3579 4514 sonat
3608 4460 3682 4517 de
3709 4465 3826 4529 qui.

2213 4544 2312 4597 bus
2355 4545 2580 4613 dicitur,
2612 4546 2679 4599 Et
2716 4549 2766 4601 in
2797 4548 2978 4619 pluteis
3008 4550 3110 4601 tuis
3137 4549 3427 4605 discurrant
3448 4569 3637 4623 aquae;
3670 4571 3825 4609 nemo

510 4638 652 4695 Deus
681 4656 842 4703 meus,
876 4638 1236 4711 magniﬁcatus
1274 4655 1326 4693 es
1366 4639 1709 4693 vehementer.
1753 4637 2103 4707 Magnitudini
2133 4628 2409 4690 Dalienus
2449 4639 2784 4695 communicet
2830 4640 2918 4693 tibi
2960 4638 3149 4708 (Prov.
3194 4657 3243 4708 ν,
3281 4642 3390 4712 I6).
3442 4643 3566 4699 IIaac
3614 4649 3827 4719 quippe

510 4733 607 4789 Dei
633 4747 733 4788 nec
756 4732 1015 4787 accedere
1043 4731 1268 4802 aliquid,
1310 4746 1411 4786 nec
1439 4731 1702 4786 decedere
1751 4742 1970 4800 potest:
2013 4732 2106 4803 qui

508 4825 651 4897 quod
679 4835 761 4879 est
782 4866 797 4889 ,
830 4824 1336 4880 ineommutabiliter
1366 4831 1708 4892 semperest.
1737 4823 2105 4893 blagnificatur

507 4934 640 4986 ergo
669 4934 773 4971 non
807 4917 930 4979 sibi,
965 4915 1058 4973 sed
1089 4915 1260 4983 nobis,
1297 4924 1445 4969 tanto
1471 4916 1861 4982 vehementius,
1899 4925 2102 4986 quanto

507 5011 679 5080 magis
704 5024 764 5064 se
795 5008 1092 5063 intellectui
1125 5017 1311 5062 nostro
1344 5006 1683 5063 innotescere
1710 5010 1872 5063 facit:
1912 5019 1970 5064 ut
1992 5024 2098 5064 non

579 5234 604 5262 ⁸
640 5223 777 5279 Edit.
811 5222 977 5276 Duae.
1007 5228 1061 5276 et
1089 5219 1301 5285 Colon.,
1336 5218 1584 5272 Dominus
1616 5217 1749 5270 Deus
1780 5233 1941 5271 meus.

575 5294 604 5334 δ
633 5296 906 5350 Ρίόίιὶοιιιθδ
931 5295 1095 5347 Duae.
1127 5305 1175 5345 et
1206 5292 1394 5346 Colon.
1423 5292 1651 5352 habent,
1684 5287 2102 5341 circumumictis.

508 5367 662 5431 Apud
716 5365 1068 5427 Augusduum
1088 5404 1103 5425 ,
1151 5364 1560 5416 circuiiiamictus
1596 5360 1761 5413 lucent
1787 5361 1920 5431 uelut
1950 5358 2071 5412 vesti
2083 5388 2099 5398 -

510 5429 752 5490 mentum.
779 5433 932 5491 Unde
961 5439 1095 5489 fonte
1126 5434 1410 5498 legendum
1440 5442 1585 5487 esset
1614 5432 1730 5496 hic,
1783 5429 1956 5484 lumen
2005 5444 2103 5497 pro

507 5506 723 5568 luniine,
751 5507 890 5575 quod
923 5506 1207 5576 prtcferunt
1239 5504 1455 5560 Codices
1484 5502 1673 5557 nostri.

585 5590 606 5617 ε
640 5571 801 5631 Forte
840 5578 893 5630 in
923 5571 1275 5631 similitudine
1323 5576 1622 5645 legeretur,
1665 5571 1861 5641 pratvia
1896 5571 2100 5642 virgula

508 5650 710 5724 quati"
741 5646 911 5724 Lugd.
946 5659 1179 5724 notatur.

580 5721 605 5759 ἀ
640 5721 711 5778 lia
740 5714 908 5789 Lugd.
941 5728 995 5773 et
1022 5719 1220 5773 Lovan.
1251 5718 1403 5773 editi.
1452 5719 1521 5771 Αι
1561 5716 1731 5789 Duac.
1782 5722 1839 5767 et
1882 5714 2098 5777 Colum.

509 5799 657 5864 cujua
680 5786 959 5845 (turturem.
1005 5792 1141 5859 Aug.
1163 5831 1177 5853 ,
1231 5808 1378 5864 nunt.
1528 5786 1715 5864 “IIII-"C-
1750 5789 2101 5864 attCIorittticnt

518 5858 835 5935 scripturae)
864 5864 1031 5935 primo
1061 5858 1231 5931 posuit
1266 5861 1405 5920 Deus
1434 5860 1487 5917 in
1516 5858 1750 5916 Ecclesia
1790 5874 1903 5913 sua.
1946 5858 2098 5924 Quod

2212 4743 2348 4799 aqua
2376 4774 2390 4797 ,
2447 4730 2498 4783 id
2549 4740 2663 4799 est,
2717 4733 2955 4787 Charitas
2990 4733 3079 4788 Dei
3112 4743 3169 4789 et
3200 4737 3425 4801 proximi
3448 4779 3463 4799 ,
3498 4742 3724 4809 pr0pria
3768 4750 3825 4797 et

2210 4820 2463 4889 specialis
2490 4823 2662 4877 virtus
2711 4833 2796 4879 est
2823 4828 3032 4894 piorum
3082 4833 3245 4896 atque
3288 4838 3599 4883 sanctorum
3638 4848 3654 4884 :
3687 4848 3819 4888 cum

2209 4923 2422 4969 caetera:
2450 4914 2674 4970 virtutes
2701 4926 2755 4970 et
2784 4916 2936 4969 bonis
2964 4926 3019 4971 et
3046 4917 3202 4971 malis
3244 4918 3451 4988 possint
3493 4934 3623 4977 esse
3664 4938 3827 4978 com—

2208 5021 2399 5062 munes
2448 5007 2690 5079 (Semen.
2736 5008 2812 5079 7).
2857 5008 3159 5082 Superiora
3185 5012 3362 5081 itaque
3390 5013 3509 5070 ctrli
3541 5013 3630 5070 his
3659 5018 3828 5088 aquis

2207 5214 2356 5271 favet
2384 5216 2654 5285 prioribus
2680 5213 2971 5270 codicibus.

2284 5298 2309 5324 ⁸
2343 5284 2533 5342 Gelon.
2566 5288 2733 5344 editio
2757 5303 2878 5342 Cum
2909 5284 3303 5342 recentioribus
3326 5286 3439 5354 illa,
3469 5287 3616 5354 quia.
3649 5289 3823 5356 Αιξω,

2209 5375 2329 5427 qua.

2287 5428 2306 5467 τ
2342 5430 2415 5483 fta
2449 5429 2615 5493 Lugd.
2645 5439 2694 5484 et
2726 5430 2952 5491 Lovan..
2982 5429 3335 5483 conformiter
3365 5429 3528 5484 testni
3554 5430 3821 5500 AIIgIISIi-

2212 5500 2411 5554 niattu:
2442 5501 2564 5554 lam
2592 5503 2796 5554 nomine
2823 5501 3115 5567 diffusionis
3140 5502 3369 5569 intellige
3394 5517 3553 5570 aquas
3592 5504 3645 5555 in
3687 5504 3828 5558 clea-

2206 5573 2358 5625 ritaie
2386 5573 2527 5640 Spiri
2553 5590 2610 5625 us
2639 5574 2835 5626 Soncti.
2869 5572 2969 5626 lla:
2994 5586 3109 5626 sunt
3141 5589 3287 5640 aqua?
3314 5573 3375 5624 de
3409 5571 3586 5636 quibus
3617 5576 3834 5631 dicitur

2210 5647 2262 5696 in
2294 5642 2516 5710 quadam
2544 5642 2833 5710 Scriptura,
2861 5648 2977 5697 etin
3006 5643 3188 5712 plateis
3213 5644 3311 5695 tuis
3334 5644 3628 5696 discus-runt
3660 5662 3832 5711 aqua

2211 5725 2329 5768 tum.
2378 5715 2706 5769 Posteriores
2750 5718 3013 5771 editiones
3061 5714 3226 5768 DUuC.
3278 5722 3333 5768 et
3377 5713 3592 5783 Colon.,
3645 5734 3830 5788 aquas

2206 5796 2374 5839 sanat.
