4028 6352
578 273 680 344 θοι

576 487 883 545 formidinis
910 533 924 555 ,
964 491 1102 548 intra
1132 509 1290 562 quam
1322 498 1658 554 smvientium
1703 505 1865 559 Corda
1912 511 2165 566 conclusa

575 589 730 649 sunt;
765 591 822 637 ιιι
841 584 1002 639 etiam
1021 586 1061 638 si
1087 586 1259 649 adhuc
1275 591 1509 645 retinent
1535 592 1869 652 infidelitatis
1887 615 1999 654 suae
2021 618 2170 657 anta-

573 675 883 739 ritudinem.
917 691 1084 746 super
1111 679 1296 736 dulces
1327 691 1506 740 tamen
1537 702 1734 756 aquas,
1766 689 1816 744 id
1845 703 1948 755 est,
1982 693 2167 751 fidi-les

572 771 800 838 pepulos
835 784 1100 842 nequeant
1131 777 1337 832 elevari
1364 819 1377 842 ,
1409 795 1584 848 neque
1615 794 1954 841 revertentur
1983 797 2163 856 tegere

573 870 772 916 terram
804 863 998 920 ﬂuctus
1028 866 1104 920 illi
1137 869 1313 940 magni
1345 879 1397 926 et
1437 874 1628 928 amari.
1677 877 2018 954 Acceperunt
2047 898 2162 934 mo-

567 953 695 1012 dum
721 995 736 1019 ,
781 973 943 1026 quem
981 975 1086 1024 non
1127 964 1593 1032 ti-ausgredientur
1619 1008 1634 1033 ,
1685 953 1860 1039 neque
1909 980 2162 1041 poterunt

565 1045 824 1104 Ecclesia:
858 1050 1059 1108 inferre
1091 1054 1370 1111 diluvium.

624 1143 818 1217 '(Vers.
861 1144 966 1218 ιο.)
1001 1147 1102 1212 Qui
1127 1151 1305 1204 emittit
1338 1151 1500 1220 {ornes
1529 1154 1583 1206 in
1612 1155 1949 1212 convallibus.
1983 1158 2159 1227 Super

561 1235 823 1294 humilem
870 1252 922 1293 et
967 1240 1206 1309 quietum
1250 1245 1538 1310 requiescit
1581 1248 1812 1313 Spiritus
1854 1251 1944 1305 Dei
2000 1251 2152 1320 (Isai.

560 1345 708 1397 LXVI,
736 1329 788 1400 2)
813 1349 826 1385 :
858 1340 912 1385 et
943 1332 1044 1399 Qui
1071 1335 1230 1386 creglit
1257 1336 1309 1388 in
1342 1337 1678 1408 me(iuquit),
1705 1342 1922 1408 ﬂumina
1947 1344 2010 1396 de
2037 1361 2156 1400 uen-

559 1433 637 1476 tre
671 1424 783 1493 ejus
813 1425 972 1487 ﬂuent
999 1439 1151 1494 aquae
1187 1425 1310 1480 rirte
1359 1425 1538 1497 (Joau.
1583 1445 1672 1494 vtt,
1706 1431 1816 1501 57).
1867 1431 2152 1489 Coovalles

537 1529 689 1585 σει-κο
739 1515 1094 1580 humilitatem
1144 1518 1490 1588 significant,
1537 1538 1656 1590 quae
1713 1540 2000 1595 numquam
2032 1528 2151 1584 sine

557 1608 706 1665 fonte
733 1611 919 1680 gratiae
949 1619 1051 1668 est.
1105 1611 1220 1667 Non
1273 1622 1358 1668 est
1405 1625 1586 1671 autem
1623 1618 1908 1685 insolens,
1957 1628 2015 1674 ut
2058 1621 2148 1691 qui

556 1714 769 1758 montes
809 1713 934 1758 sunt
983 1717 1201 1773 propter
1240 1707 1412 1760 sancti
1440 1707 1672 1775 Spiritus
1701 1713 2143 1782 titagnitudimm,

555 1795 831 1850 convalles

555 1887 694 1943 sicut
741 1890 1022 1960 apostolus
1062 1892 1258 1949 Paulus
1309 1912 1464 1952 mons
1502 1907 1660 1963 erat,
1707 1900 1939 1956 dicendo
1969 1919 1990 1957 :
2021 1902 2144 1958 Non

551 1992 724 2038 autem
747 1998 874 2054 ego;
906 1995 960 2042 et
989 1985 1219 2042 habebat
1275 1988 1507 2056 fontem,
1530 1992 1764 2049 dicendo
1794 2013 1809 2048 :
1844 1997 1949 2051 Sed
1976 1999 2144 2067 gratia

550 2070 649 2128 Dei
675 2076 772 2128 mei
800 2091 993 2130 mecum
1021 2077 1061 2144 (Ι
1097 2077 1216 2132 Cor.
1251 2095 1344 2146 xv,
1382 2081 1492 2153 10).

623 2165 806 2240 (Ibid)
846 2169 994 2224 Inter
1019 2172 1244 2226 medium
1272 2177 1519 2230 montium
1557 2180 1942 2246 pertransibunt
1972 2200 2137 2251 aqua.

548 2256 759 2314 Montes
789 2269 916 2315 sunt
946 2264 1330 2330 praedicatores
1375 2272 1553 2338 magni
1581 2313 1595 2331 .
1625 2272 1715 2340 qui
1747 2275 1812 2328 de
1839 2275 2005 2348 386
2045 2276 2138 2332 ltu-

545 2350 790 2406 militatis
817 2355 1150 2410 convallibus
1175 2371 1341 2423 aquas
1365 2359 1606 2415 veritatis
1626 2366 1898 2419 emittunt.
1932 2369 2009 2422 De
2036 2384 2138 2438 qua

545 2440 869 2498 abundantia
903 2445 1034 2499 nihil
1063 2448 1166 2502 sibi
1191 2451 1491 2517 asCribunt,
1517 2455 1647 2509 nihil
1677 2459 1828 2525 quasi
1863 2463 2137 2530 proprium

545 2535 860 2604 vindicant;
913 2539 1008 2594 sed
1055 2545 1360 2602 communis
1413 2556 1468 2601 et
1518 2549 1691 2604 media
1739 2561 1824 2606 est
1870 2557 2138 2610 etuanatio

540 2631 862 2700 spiritalium
892 2632 1241 2692 ﬂuentorum.
1299 2649 1323 2676 ε
1374 2644 1479 2696 Aut
1510 2643 1578 2698 de
1603 2647 1757 2715 aquis
1783 2687 1798 2711 ,
1833 2647 1883 2701 id
1915 2659 1996 2703 est
2022 2691 2036 2712 ,
2069 2650 2137 2706 de

540 2725 925 2794 praedicatione
949 2767 966 2795 ,
996 2730 1138 2785 nulla
1168 2731 1236 2786 sit
1264 2732 1533 2790 discordia
1565 2739 1826 2794 montium
1853 2783 1867 2806 ,
1901 2743 1998 2796 sed
2033 2757 2134 2812 pax

539 2821 916 2875 consensionis
943 2831 997 2877 et
1025 2825 1261 2880 societas
1305 2827 1588 2890 cliaritatis
1636 2831 1796 2888 faciat
1827 2850 1990 2889 unum
2018 2879 2033 2905 ,
2083 2846 2136 2891 et

539 2921 827 2965 commune
856 2913 995 2982 quod
1031 2915 1268 2984 proﬂuit.

614 3002 793 3073 (Vers.
831 3004 944 3077 ii.)
988 3005 1242 3062 Patalium
1272 3025 1445 3065 omnes
1473 3012 1646 3068 bestia
1672 3015 1834 3071 silua.
1888 3018 2133 3075 Vidimus

538 3094 757 3162 quidem
784 3099 891 3151 hoc
915 3099 1074 3153 etiam
1111 3101 1162 3154 in
1194 3101 1294 3160 isIa
1324 3114 1570 3162 creatura
1595 3149 1610 3171 ,
1645 3108 1846 3165 bestias
1872 3112 2024 3167 silvae
2050 3114 2132 3167 hi-

537 3185 670 3246 bere
701 3189 767 3244 de
796 3188 1031 3250 fontibus
1057 3235 1072 3259 ,
1101 3204 1155 3248 et
1184 3195 1251 3250 de
1281 3197 1419 3252 rivis
1463 3199 1603 3255 inter
1633 3215 1845 3258 montes
1871 3210 2134 3262 currenti-
2158 3205 2205 3270 C

536 3279 661 3336 hus.
685 3282 790 3336 Sed
817 3283 939 3352 quia
969 3300 1064 3354 per
1085 3285 1203 3342 haec
1231 3303 1351 3358 quin
1379 3290 1628 3349 omnibus
1663 3307 1786 3352 nota
1817 3310 1964 3367 sunt,
1989 3317 2134 3369 quia:-

535 3373 662 3442 dam
693 3375 1067 3447 significantur
1096 3382 1432 3455 abscondita,
1471 3389 1664 3455 quibus
1697 3392 1926 3449 inventis
1955 3399 2130 3454 studia

533 3467 859 3538 spiritalium
899 3473 1196 3542 gaudeant;
1245 3476 1444 3534 bestias
1475 3483 1625 3538 silvai
1655 3495 1844 3554 gentes
1875 3489 2133 3560 intelligi-

533 3575 682 3627 mus;
714 3566 965 3633 quoniam
991 3581 1134 3648 saepe
1159 3571 1510 3630 inveniuntur
1531 3576 1584 3630 in
1609 3578 1904 3648 Scripturis
1927 3586 2130 3640 sanctis

529 3666 724 3725 gentes
754 3659 1000 3716 iudicatio
1030 3647 1250 3720 nomine
1271 3665 1586 3726 bestiarum.
1613 3647 1764 3728 Sicut
1790 3690 2130 3749 congregata:

531 3746 588 3803 in
620 3764 742 3806 arca
773 3750 887 3808 Noe
920 3756 1082 3810 totius
1114 3760 1329 3826 generis
1369 3761 1556 3819 bestia:
1604 3764 1755 3835 (Gen.
1800 3785 1896 3834 vn,
1922 3746 2127 3847 2,*14),

530 3851 588 3898 et
611 3841 792 3906 discus
817 3855 1045 3914 quatuor
1077 3849 1231 3905 lineis
1279 3853 1332 3907 in
1366 3855 1570 3912 visione
1602 3857 1745 3915 Petri
1779 3867 2009 3928 apostoli
2037 3841 2130 3922 de-

531 3935 726 3987 missus
757 3935 822 3989 dc
849 3939 1011 4004 caelo,
1042 3943 1280 3996 omniunt
1313 3946 1504 4013 plenus
1535 3952 1847 4007 animalium
1898 3957 2037 4023 (Act.
2072 3974 2122 4025 tt,

531 4023 644 4095 45),
677 4041 780 4086 non
812 4030 958 4084 aliud
989 4031 1298 4089 declaratur
1325 4053 1485 4106 quam
1514 4042 1752 4098 universi
1779 4052 1996 4115 generis
2028 4023 2127 4106 ho;

529 4115 704 4172 mines
745 4115 804 4172 in
851 4127 1055 4177 unitate
1101 4124 1358 4182 Ecclesia:
1403 4136 1832 4204 congregandos.
1867 4138 1894 4178 ιι
1927 4141 2002 4195 De
2044 4144 2126 4202 his

530 4222 661 4278 ergo
687 4212 843 4282 aquis
866 4214 920 4268 in
949 4217 1184 4271 medium
1219 4224 1482 4279 montium
1513 4235 2037 4303 pertranseuntibus,
2073 4241 2124 4294 id

528 4314 634 4370 est,
667 4304 735 4360 de
761 4307 1003 4366 doctrina
1035 4314 1329 4382 apostolica
1361 4318 1415 4373 in
1450 4321 1628 4376 medio
1667 4324 1868 4384 ﬂuente
1897 4343 2124 4401 propter

526 4399 873 4456 concordiam
897 4406 1298 4465 communionis
1319 4414 1496 4468 omnis
1518 4415 1707 4473 besdae
1727 4420 1895 4480 silvae.
1922 4399 2122 4484 Otones

526 4491 673 4546 enim
700 4506 857 4550 erant
888 4495 940 4551 in
971 4513 1119 4568 arca,
1150 4516 1341 4559 omnes
1371 4505 1422 4559 in
1453 4506 1627 4564 disco.
1667 4511 2120 4576 Pertranseuntes

525 4592 706 4637 autem
734 4595 856 4641 sunt
885 4604 1036 4659 aqua:
1069 4593 1206 4661 istae,
1264 4597 1389 4665 quia
1416 4604 1594 4657 omnis
1623 4604 1865 4664 doctrina
1893 4628 2014 4683 qua:
2069 4618 2118 4672 in
2145 4600 2198 4661 D

523 4673 628 4730 hoc
652 4685 894 4748 tempore
918 4683 1282 4757 dispensatur,
1314 4696 1540 4762 transit;
1572 4698 1788 4759 dicente
1815 4673 2072 4773 Apostolo
2100 4729 2114 4764 :

525 4764 592 4822 Et
621 4771 832 4825 scientia
869 4773 1156 4834 destruetur
1178 4824 1193 4848 ,
1225 4792 1274 4837 et
1310 4787 1579 4858 prepltetia
1623 4764 1977 4855 evacuabitur.
2029 4804 2116 4860 Ea:

521 4871 668 4930 parte
691 4868 823 4920 enini
849 4870 1059 4935 scimus,
1091 4882 1141 4927 et
1167 4891 1232 4930 επ
1259 4891 1408 4949 parte
1433 4885 1820 4954 prophetatum.
1855 4893 1982 4949 Cum
2023 4916 2119 4952 au-

519 4961 620 5016 tem
647 4959 835 5012 uenerit
859 4963 997 5030 quod
1031 4970 1313 5036 perfectum
1345 4983 1443 5040 est,
1471 4979 1610 5043 quod
1637 4993 1702 5034 es:
1727 4993 1874 5051 parte
1899 4997 1976 5042 est
1999 5006 2120 5046 eva-

515 5047 750 5104 cuabitur
790 5051 834 5122 (l
864 5053 982 5109 Cor.
1015 5072 1132 5125 aut,
1166 5062 1198 5114 8
1232 5071 1281 5116 et
1307 5068 1470 5136 seq.).

585 5139 768 5210 (lbid.)
813 5144 1108 5211 Suscipient
1149 5157 1335 5223 onagri
1367 5167 1391 5196 ο
1419 5161 1557 5216 sitim
1582 5181 1752 5224 suam.
1807 5172 1868 5230 In
1897 5181 2117 5250 onagris

585 5304 612 5338 ιι
650 5295 978 5390 Conjicituus
1005 5302 1110 5390 legi
1143 5305 1474 5390 debere,__ut_
1488 5315 1551 5369 de
1581 5320 1744 5388 aquis.
1779 5325 1894 5384 Non
1929 5345 2104 5390 muta.

511 5365 918 5460 vilitti-sotanien,
948 5365 1322 5460 deficientibus

581 5435 610 5476 δ
649 5438 745 5533 ilic
779 5442 963 5533 locus,
995 5448 1147 5530 cujus
1180 5451 1480 5533 obscuritas
1524 5435 1820 5522 editionum
1863 5479 2100 5533 auctori—

510 5509 836 5605 tate-diuina
863 5530 979 5605 non.
1000 5509 1200 5605 potuit;
1226 5527 1398 5605 pietur.
1441 5527 1551 5605 luci
1575 5509 1834 5602 redditiir,

507 5577 607 5682 ἔιιιε⁸
630 5582 879 5682 νοετὺιιιιι,
909 5577 1108 5682 bibunt.
1161 5577 1313 5659 Quod
1348 5577 1514 5682 potet;
1537 5577 2100 5682 ίηένέςίἓῖλῖῖμὶἶξῖἶὶῖἷ

507 5652 849 5736 ipsiusloco,
884 5662 973 5748 util
1001 5661 1120 5715 tali~
1147 5652 1259 5748 est:
1290 5652 1455 5722 sertn.
1483 5673 1534 5738 Ω,
1574 5652 1719 5731 tuim.
1752 5652 2100 5748 ιίῗἜᾎδέίίέέ

505 5725 809 5822 fastigium“
841 5728 1068 5822 medium
1094 5738 1365 5822 uirtutium.
1874 5798 1890 5822 ,

505 5797 741 5852 Marino
786 5801 1069 5862 apostolica
1103 5809 1304 5868 ﬂuente
1345 5797 1398 5868 in
1439 5797 2102 5896 medis'QEEZ’cZic';

589 295 680 362 μοι
1811 295 1868 355 s.
1912 297 2252 362 PROSPERI
2286 302 2614 374 AQL‘ITANI

576 395 981 453 cohiberentur.
1012 393 1113 466 Qui
1138 390 1291 458 loetts
1312 392 1631 474 intelligitur
1651 409 1894 476 quaedam
1921 432 2166 474 mensura
2195 423 2251 481 Α
2277 423 2508 492 majores

3755 318 3852 393 eis

2555 427 2913 503 fortioresque
2961 433 3150 491 bestiae
3197 436 3584 510 nominantur,
3631 457 3750 514 quae
3791 446 3852 505 de

2273 517 2425 582 aquis
2457 523 2906 581 prtBtereuntibus
2933 534 3139 583 tantum
3171 533 3472 600 suscipiunt
3499 547 3756 606 quantum
3783 543 3848 594 si-

2275 607 2433 664 titmt.
2479 609 2615 667 Sunt
2643 617 2787 670 enim
2829 633 2982 689 aqua:
3025 621 3144 677 istae
3187 623 3259 678 ita
3304 625 3675 694 suflicieutes,
3709 640 3766 685 ut
3804 645 3850 690 et

2273 713 2437 768 parva
2467 715 2521 758 et
2553 722 2740 774 magna
2771 711 3052 780 auitnalia,
3084 729 3340 784 quantum
3373 734 3442 774 ea
3471 722 3549 776 eis
3579 725 3848 786 desidera-

2267 794 2483 862 verint,
2533 797 2801 857 hauriant.
2855 806 3104 860 Doctrina
3145 811 3341 880 quippe
3369 815 3666 881 apostolica
3693 858 3709 884 ,
3752 829 3846 874 tam

2267 888 2528 954 salubris,
2566 903 2781 963 tamque
2807 897 3018 966 vitalis,
3052 912 3111 954 ut
3141 917 3236 971 pro
3263 907 3561 974 capacitate
3591 911 3845 969 utentium

2265 988 2534 1037 neminem
2582 989 2660 1041 sui
2693 988 2924 1045 dimittat
2959 1004 3230 1050 exsortem
3277 1015 3290 1051 :
3323 1003 3446 1067 quia
3477 1004 3592 1056 sive
3626 1006 3844 1070 parvuli,

2261 1074 2381 1129 sive
2411 1080 2628 1147 magni,
2663 1081 2776 1137 sive
2818 1084 3052 1154 iuliruti,
3084 1091 3198 1144 sive
3241 1088 3428 1157 fortes,
3464 1093 3666 1151 habent
3704 1097 3759 1152 in
3787 1112 3842 1154 ea

2262 1167 2404 1221 unde
2431 1170 2674 1240 alantur,
2707 1175 2848 1230 unde
2876 1179 3139 1234 satientur
3169 1179 3340 1247 (Sent.
3377 1182 3457 1250 8).

2329 1260 2509 1331 (ναι-ιι.
2544 1264 2653 1334 i2.)
2694 1268 2866 1337 Super
2894 1271 3010 1325 illos
3039 1275 3270 1328 volatilia
3295 1277 3411 1330 εωιὶ
3441 1277 3839 1336 inhabitabant:

2258 1352 2321 1406 de
2351 1355 2519 1410 medio
2550 1369 2808 1426 petrarum
2832 1364 3024 1418 dabunt
3053 1382 3221 1420 vocent
3241 1384 3406 1423 suam.
3437 1370 3576 1427 Sunt
3603 1373 3839 1441 quaedam

2256 1446 2491 1500 volatilia
2518 1465 2638 1519 qua:
2662 1467 2768 1508 non
2802 1455 3044 1512 habitant
3074 1458 3178 1513 nisi
3207 1476 3372 1530 super
3400 1472 3653 1519 montes:
3677 1477 3731 1520 et
3754 1465 3838 1522 bo-

2257 1552 2377 1594 rum
2428 1545 2646 1600 nomine
2686 1549 2954 1616 spiritales
3015 1553 3208 1608 animte
3253 1557 3671 1625 significantur,
3724 1575 3839 1617 aere

2250 1630 2423 1690 libero
2445 1677 2461 1700 ,
2493 1646 2546 1692 et
2576 1640 2696 1694 cteli
2728 1644 3021 1700 serenitate
3064 1647 3363 1717 gaudentes
3395 1667 3407 1701 :
3436 1649 3632 1719 quibus
3665 1659 3836 1708 tamen

2251 1723 2518 1785 habitatio
2542 1741 2597 1786 et
2626 1745 2809 1799 pastus
2833 1738 2886 1790 in
2912 1741 3184 1794 mentibus
3203 1751 3306 1796 est.
3331 1740 3534 1798 Montes
3557 1746 3701 1799 enim
3724 1753 3839 1800 sunt

880 1796 986 1850 sint
1041 1809 1260 1867 propter
1311 1800 1394 1853 sui
1462 1803 1685 1870 spiritus
1741 1804 2134 1861 hunnlitatem:

2252 1821 2553 1889 prophetae,
2585 1796 2798 1882 montes
2829 1830 3082 1898 apostoli,
3117 1842 3330 1886 montes
3355 1847 3547 1890 omnes
3579 1837 3837 1904 pradica-

2253 1921 2397 1970 tores
2425 1918 2685 1983 veritatis,
2713 1931 2766 1976 et
2784 1922 3042 1977 sublimes
3067 1925 3268 1995 quique
3298 1927 3568 1991 doctores,
3591 1942 3624 1982 a
3650 1930 3835 1998 quibus

2247 2009 2337 2076 qui
2369 2012 2626 2077 spiritalis
2656 2025 2738 2067 est
2783 2031 2887 2068 non
2920 2017 3174 2082 aberrat;
3224 2018 3319 2073 sed
3375 2020 3427 2072 in
3453 2022 3534 2074 eis
3561 2031 3618 2076 et
3662 2023 3836 2076 cibum

2245 2108 2412 2160 sumit
2430 2118 2478 2160 et
2509 2110 2768 2176 requiem.
2798 2109 2957 2182 387
2987 2110 3142 2166 Tales
3164 2127 3294 2184 ergo
3314 2125 3443 2168 aves
3465 2112 3517 2166 in
3541 2113 3834 2179 montibus,

2246 2201 2299 2257 in
2330 2201 2523 2271 quibus
2571 2203 2854 2271 habitant,
2906 2204 3184 2259 inveniunt
3230 2219 3449 2276 petras,
3501 2209 3836 2263 firmamenta

2244 2295 2493 2364 quaedam
2553 2308 2970 2364 praeceptorum.
3024 2298 3174 2353 Sicut
3220 2301 3362 2353 enim
3411 2316 3514 2356 una
3555 2301 3649 2356 illa
3693 2313 3835 2370 petra

2243 2387 2494 2443 Christus
2524 2389 2757 2444 Verbum
2788 2389 2882 2445 Dei
2925 2390 2968 2462 tl
2996 2391 3117 2446 Cor.
3152 2409 3208 2457 ι,
3237 2392 3327 2464 4).
3371 2394 3450 2449 sic
3483 2398 3648 2450 multa
3673 2397 3835 2452 verba

2249 2482 2346 2538 Dei
2371 2525 2386 2548 ,
2422 2485 2605 2538 multa:
2646 2497 2810 2555 petrte
2842 2504 2856 2539 :
2889 2487 2956 2542 de
2994 2504 3218 2557 quarum
3263 2491 3438 2546 medio
3479 2492 3612 2546 dant
3651 2508 3834 2548 vocem

2242 2591 2417 2642 suam,
2449 2588 2502 2630 et
2532 2577 2636 2631 illis
2668 2580 2987 2635 sonantibus
3015 2583 3349 2652 respondent
3371 2595 3427 2638 et
3454 2587 3716 2641 reSultant
3752 2601 3836 2657 pe-

2244 2679 2364 2732 tra,
2391 2685 2516 2724 cum
2546 2672 3000 2742 disputationibus
3027 2688 3327 2733 consonant
3353 2681 3658 2737 testimonia
3689 2682 3835 2740 Scri-

2240 2771 2542 2832 pturartttn.

2314 2854 2497 2923 (Veis.
2519 2857 2605 2922 i3,
2632 2856 2748 2928 Η.)
2788 2857 2984 2930 Rigans
3011 2874 3211 2918 montes
3236 2865 3300 2918 de
3324 2869 3674 2937 superioribus
3704 2871 3828 2924 suis.

2240 2946 2450 3001 Montes
2496 2950 2581 3004 isti
2607 2991 2621 3011 ,
2668 2951 2927 3020 quidquid
2966 2954 3036 3010 de
3062 2959 3394 3014 convallibus
3431 2961 3542 3016 suis
3573 2977 3830 3031 aquarum

2238 3040 2506 3110 fundunt,
2539 3043 2798 3112 quidquid
2829 3060 3022 3100 vocum
3052 3047 3121 3103 de
3152 3050 3333 3105 medio
3375 3052 3504 3106 dant
3534 3062 3828 3122 petrarum,

2237 3130 2470 3202 desuper
2498 3148 2854 3205 acceperunt,
2901 3151 2953 3192 et
2992 3139 3169 3195 divina
3200 3145 3367 3213 gratia
3401 3156 3525 3200 sunt
3565 3146 3750 3218 rigati,
3781 3158 3831 3202 ut

2236 3233 2292 3278 et
2316 3225 2468 3293 aquis
2505 3237 2560 3283 et
2604 3231 2826 3286 vocibus
2871 3233 3210 3291 abundarent
3239 3255 3251 3291 :
3285 3240 3476 3308 quibus
3500 3250 3556 3297 et
3590 3243 3831 3298 sitientes

2238 3319 2533 3387 implerent
2557 3362 2572 3387 ,
2600 3332 2656 3377 et
2687 3326 2971 3383 audientes
3001 3329 3369 3402 delectarent,
3396 3348 3459 3388 ea
3497 3334 3830 3404 proferentes

2233 3427 2355 3482 quae
2394 3416 2682 3484 unicuique
2711 3422 3004 3476 secundum
3035 3439 3343 3481 mensuram
3374 3432 3690 3498 capacitatis
3722 3447 3832 3489 sua:

2234 3519 2619 3575 congruerent.
2697 3510 2773 3565 De
2815 3513 2992 3581 fructu
3033 3532 3241 3590 operum
3289 3529 3496 3575 tuorum
3557 3524 3832 3580 satiabitur

2232 3605 2390 3650 terra.
2445 3598 2749 3656 Produeens
2776 3604 2953 3674 fenum
2974 3609 3252 3678 jumentis,
3287 3622 3333 3666 et
3363 3612 3572 3669 herbam
3597 3619 3830 3672 servituti

2231 3691 2522 3748 hominum.
2552 3695 2721 3751 Nemo
2749 3701 3015 3767 glorietur
3044 3704 3095 3757 in
3125 3705 3380 3773 aperihus
3411 3709 3542 3774 suis,
3577 3711 3734 3778 quasi
3765 3710 3832 3766 de

2233 3788 2450 3855 pronrio
2479 3788 2672 3844 habeat
2702 3793 2842 3859 quod
2875 3795 3056 3862 habet,
3090 3797 3185 3854 sed
3216 3801 3304 3868 qui
3331 3802 3605 3872 gloriatur,
3635 3806 3689 3858 in
3727 3805 3831 3860 Do-

2233 3879 2371 3931 mino
2398 3880 2647 3950 glorietur
2697 3883 2755 3952 (Ι
2785 3883 2903 3940 Cor.
2938 3903 2978 3949 ι,
3013 3890 3073 3943 5|
3096 3886 3151 3960 );
3198 3891 3317 3958 quia
3361 3909 3466 3948 non
3504 3896 3830 3953 meritorum

2230 3984 2452 4027 suorum
2476 4015 2489 4038 ,
2523 3975 2616 4029 sed
2647 3978 2834 4045 gratiae
2865 3978 3070 4036 fructus
3095 3993 3176 4037 est
3213 3985 3352 4040 unde
3377 3991 3627 4043 satiatur.
3659 3989 3830 4048 Terra

2231 4065 2395 4135 igitur
2425 4070 2748 4140 iustiﬁcata,
2776 4083 2826 4128 et
2852 4078 3102 4144 supernis
3131 4079 3479 4147 rigationibtts
3513 4082 3828 4148 fecundata.

2228 4159 2480 4227 producit
2501 4152 2954 4237 fenumjumeutis
2985 4177 3028 4222 et
3046 4168 3248 4223 herbam
3269 4174 3498 4227 servituti
3523 4175 3827 4244 hominum;

2230 4261 2286 4305 ut
2312 4255 2422 4323 agri
2450 4256 2708 4311 Dominiei
2731 4261 3031 4317 cultoribus
3051 4279 3233 4317 semen
3257 4266 3404 4321 verbi
3425 4270 3830 4326 seminantibus

2227 4353 2528 4407 necessaria
2575 4356 2948 4424 praebeantur,
2992 4370 3045 4414 et
3086 4363 3174 4429 qui
3213 4363 3557 4434 Evangelittm
3603 4385 3827 4424 annun-

2229 4444 2393 4507 tiattt,
2428 4443 2498 4498 de
2531 4446 2820 4516 Evangeliu
2851 4450 3053 4505 vivant.
3096 4453 3443 4522 Perceptores
3472 4458 3618 4511 enim
3654 4461 3828 4529 spiri-

2226 4535 2436 4603 talium,
2466 4538 2742 4594 debitores
2767 4553 2891 4597 sunl
2923 4547 3242 4609 carnalium,
3277 4565 3395 4618 quae
3427 4551 3529 4607 feni
3549 4563 3605 4608 et
3639 4553 3829 4610 h--rh:c

2226 4630 2440 4683 nomine
2468 4632 2761 4701 significata
2800 4647 2945 4692 sunt.
2997 4636 3133 4693 Nam
3185 4644 3298 4711 quis
3345 4661 3578 4714 umquam
3635 4650 3829 4702 militat

2223 4721 2331 4773 suis
2360 4723 2668 4790 stipendiis?
2701 4732 2790 4779 aut
2820 4731 2933 4797 quis
2962 4729 3162 4801 plantat
3191 4735 3387 4787 vineam
3414 4778 3427 4801 ,
3462 4746 3511 4790 et
3549 4737 3614 4788 de
3643 4738 3828 4810 fructu

2224 4815 2338 4884 ejus
2365 4830 2464 4868 non
2491 4817 2601 4868 edet
2618 4817 2644 4871 ?
2682 4819 2764 4872 vel
2785 4822 2898 4888 quis
2926 4825 3084 4892 pascit
3107 4842 3310 4897 gregem
3335 4869 3348 4892 ,
3377 4837 3424 4880 et
3451 4828 3514 4880 de
3538 4829 3674 4883 lacte
3703 4848 3829 4903 gre-

2225 4909 2302 4979 gis
2329 4925 2433 4962 nou
2463 4913 2680 4981 percipit
2714 4913 2759 4984 (Ι
2792 4914 2911 4969 Cor.
2937 4933 3007 4979 ix,
3042 4919 3175 4985 it)?
3216 4921 3506 4976 Prmhenda
3537 4940 3668 4994 ergo
3692 4938 3829 4984 sunt

2225 5111 2314 5151 res
2343 5096 2529 5162 verbi,
2566 5107 2618 5150 et
2643 5098 2884 5166 jttmcuta
2909 5143 2923 5166 ,
2953 5111 3008 5158 et
3035 5106 3173 5160 servi
3203 5119 3322 5160 sunt
3359 5127 3368 5160 :
3403 5117 3456 5164 et
3484 5112 3571 5180 qui
3599 5117 3832 5184 suscipit

2214 5191 2420 5260 justum
2457 5190 2511 5243 in
2536 5192 2743 5245 nomine
2758 5195 2893 5264 justi
2919 5234 2935 5261 ,
2971 5200 3250 5253 mercedem
3277 5202 3409 5268 justi
3441 5205 3675 5274 arripiet.
3718 5208 3834 5272 Qui

2213 5339 2353 5394 diam
2380 5345 2752 5418 communionis
2777 5385 2791 5408 ,
2824 5362 2996 5403 omnrs
3027 5349 3197 5406 bestia:
3221 5356 3362 5409 silete
3387 5358 3584 5414 bibunt.
3626 5360 3828 5418 Omnes

2214 5418 2521 5497 enumerant
2552 5415 2777 5497 in-arra,
2814 5435 2988 5497 omnes
3021 5423 3073 5476 in
3111 5426 3272 5479 disco.
3307 5429 3379 5482 lix
3414 5435 3607 5497 quibus
3655 5434 3829 5491 facile

2216 5483 2506 5576 itrtHligas,
2539 5489 2684 5576 quiti
2706 5493 3201 5576 corrigenduinaut
3234 5499 3358 5568 qttid
3403 5483 3846 5573 iittelligeutlgm‘
3911 5569 3920 5576 ,

2212 5553 2436 5626 foret_iu
2469 5567 2612 5610 textu
2645 5553 2890 5626 Prosrmri
2927 5567 3118 5620 nosu'i.

2287 5635 2309 5663 ε
2350 5624 2406 5679 In
2433 5629 2733 5699 Augustino
2759 5624 3002 5710 legimus,
3029 5649 3081 5693 et
3107 5639 3193 5695 hic
3222 5640 3504 5710 legendum
3537 5659 3622 5698 vix
3652 5645 3829 5704 dubi-

2210 5705 2387 5776 tamus
2413 5714 2536 5776 eum
2571 5705 2973 5776 prmpositione.
3003 5711 3056 5763 in
3083 5712 3223 5765 sitim
3251 5705 3396 5770 suam
3428 5733 3447 5772 :
3476 5719 3579 5771 etsi
3611 5719 3665 5771 in
3694 5721 3831 5776 edi-

2210 5769 2281 5826 ίίδ
2309 5772 2508 5828 “suis
2536 5775 2787 5833 Olllnibus
2818 5780 2959 5835 de,“
2991 5786 3323 5856 praepositio.
3387 5769 3392 5770 ν
3429 5769 3438 5772 τ
3702 5769 3786 5814 τέ

3859 4999 3902 5020 θ’.

2226 5003 2416 5072 pabula
2448 5004 2851 5072 prmsidentiunt
2885 5010 3149 5066 servituti.
3192 5012 3455 5080 Quoniam
3493 5019 3702 5086 prmclic
3724 5030 3832 5075 -ιο-
3859 5003 3894 5034 ς
