4028 6352
216 288 307 353 υτ.
995 284 1421 354 ΡΞΑιΜΟΒυΜ
1458 290 1499 345 Δ
1540 287 1584 345 C
1622 284 1714 343 AD
1749 278 1812 345 Cl

1924 282 2261 345 XPOSITIO.
2305 278 2501 345 PSAL.
2542 280 2672 344 CIII.

3380 280 3500 348 29‘

218 406 417 479 suscipit
460 406 770 479 prophetam
811 406 869 463 in
910 408 1115 462 nomine
1161 406 1425 479 prophetis
1449 444 1466 470 ,
1517 402 1800 457 mercedem
1828 406 1873 463 Δ
1902 401 2048 457 celsa
2099 412 2283 460 tenere
2327 418 2433 459 non
2485 409 2738 471 possunt,
2786 401 2984 460 habent
3022 402 3345 462 humilitatis
3382 422 3497 467 sum

220 502 468 573 prophetat
491 503 681 573 accipit
698 518 739 570 ,1
758 510 807 558 et
837 503 924 572 qui
954 502 1153 558 dederit
1183 502 1390 557 an't'cem
1415 515 1565 569 aque
1595 497 1804 570 frigida!

217 596 293 650 sui
316 611 381 649 ex
406 594 490 651 Isis
520 596 772 660 minimis,
797 604 1000 655 tantum
1034 596 1089 648 in
1119 596 1323 649 nomine
1347 591 1627 661 discipuli,
1655 606 1806 647 amen

218 691 317 745 dico
346 691 488 745 nobis
511 730 528 755 ,
582 704 685 744 non
725 690 907 761 perdet
949 691 1229 757 mercedem
1272 703 1419 755 suam
1464 684 1703 757 (Matth.
1739 700 1798 754 ι,

218 783 293 845 ll,
317 780 482 852 sua).

277 874 461 953 (Ve-ts.
494 873 612 947 l5.)
646 874 717 935 Ut
742 876 923 937 adstant
950 892 1135 948 partem
1164 876 1227 933 de
1254 886 1408 940 terra.
1436 885 1484 940 et
1511 875 1686 937 vitam
1712 873 1804 931 la!-

218 967 362 1036 tiﬁcst
391 984 483 1027 car
509 968 757 1025 heroinis.
799 968 963 1026 'l‘erra
994 969 1178 1029 tetrum
1205 968 1484 1039 producit,
1518 977 1577 1027 ut
1606 980 1803 1036 panem

220 1058 276 1115 de
295 1074 439 1127 teria
462 1062 727 1129 producat
753 1078 768 1113 :
794 1060 979 1131 plebes
999 1061 1209 1127 scilicet
1230 1070 1431 1117 tutetis
1456 1062 1542 1128 pie
1560 1059 1803 1117 servien-

222 1152 353 1223 tibus
382 1153 487 1209 sibi
518 1152 795 1215 serviunt;
827 1164 883 1211 et
911 1154 1219 1222 praebentes
1242 1155 1505 1217 carnalia,
1533 1155 1805 1221 accipiunt

222 1244 523 1319 spiritaliaa
556 1245 1002 1313 praedicatoribus
1034 1244 1187 1303 verbi
1218 1246 1309 1302 Dc-i
1354 1245 1396 1316 (I
1425 1244 1543 1300 Cor.
1576 1260 1654 1307 ta,
1691 1240 1803 1316 ll),

221 1335 303 1411 qui
323 1345 410 1403 est
450 1338 603 1408 panis
633 1336 723 1407 qui
752 1336 819 1392 de
844 1336 986 1392 celo
1010 1337 1295 1392 descendit
1331 1333 1530 1410 (Joan.
1565 1351 1639 1403 vt,
1666 1336 1758 1405 41)
1789 1352 1801 1389 :

224 1441 304 1498 per
340 1442 487 1497 quos
519 1429 698 1483 adhuc
730 1431 782 1484 in
827 1439 969 1484 terra
1016 1431 1357 1486 ambulantes
1379 1472 1393 1495 ,
1430 1440 1485 1486 et
1529 1441 1804 1487 terrenum

222 1534 405 1597 corpus
423 1533 724 1594 uariantes,
751 1533 971 1595 propter
997 1525 1139 1595 quod
1161 1534 1216 1579 et
1238 1525 1341 1595 ipsi
1362 1534 1503 1585 terra
1529 1527 1804 1593 dicuntur,

223 1612 344 1675 calix
392 1615 691 1686 gratulantis
730 1625 787 1673 et
834 1615 1108 1673 inebrians
1166 1617 1504 1677 ministratur
1552 1615 1801 1685 (Psatm.

222 1724 338 1783 uti,
371 1711 432 1783 5)
459 1727 476 1767 :
503 1721 561 1775 ut
594 1712 837 1771 bibentes
861 1714 1032 1769 sancti
1064 1713 1303 1783 Spiritus
1331 1712 1514 1773 laetitia
1544 1714 1805 1781 replean-

1906 491 2203 563 rel'ugiuni;
2245 509 2309 549 ac
2340 494 2459 549 licet
2489 494 2597 549 sint
2641 494 2861 551 minutis
2891 495 3214 565 quibusdam
3258 498 3498 564 per-catis

1905 587 2104 655 hispidi
2132 597 2186 643 et
2214 588 2417 653 spinosi
2453 587 2628 661 (quod
2659 591 3018 660 signiﬁcatum
3046 600 3134 647 est
3166 590 3495 649 ltericinrum

1904 681 2174 754 uenti-ie).
2200 692 2377 739 taurini
2400 698 2453 739 et
2476 685 2577 754 ipsi
2604 687 3022 756 suscipiuntnra
3045 697 3215 756 petra,
3240 702 3361 757 qua:
3385 688 3501 745 sive

1904 777 1959 833 in
1991 777 2264 833 montibus
2285 816 2303 843 ,
2330 777 2444 837 sive
2475 781 2526 833 in
2551 780 2719 847 mari,
2752 779 2867 837 sive
2896 782 2949 837 in
2976 780 3349 847 convallibus,
3380 797 3500 838 om-

1905 869 2052 927 nium
2081 869 2389 945 e=t.nbique
2422 871 2747 940 praesidium.

1976 960 2158 1031 (Vens.
2189 959 2303 1034 l9.)
2342 959 2488 1017 Fecit
2519 961 2697 1019 laniant
2732 964 2784 1019 in
2810 972 3054 1034 tempore.
3098 962 3367 1019 Fundavit
3392 963 3503 1018 Do-

1906 1055 2091 1113 minus
2134 1055 2432 1112 Ecclesium
2462 1096 2478 1121 ,
2517 1072 2639 1127 quae
2686 1071 2781 1125 per
2827 1057 3139 1124 temporalia
3189 1058 3379 1112 transit
3433 1056 3501 1113 ad

1907 1162 2144 1217 uterus;
2187 1160 2244 1206 et
2272 1152 2516 1217 quatnvis
2541 1150 2607 1206 ad
2638 1152 2934 1207 claritatem
2964 1154 3231 1206 destinata
3270 1154 3338 1207 sit
3374 1168 3502 1222 per-

1906 1256 2106 1316 petem,
2139 1245 2524 1301 mutationibus
2554 1257 2730 1301 tamen
2758 1287 2773 1309 ,
2804 1246 2929 1301 dum
2960 1246 3047 1302 hic
3072 1247 3241 1317 degit,
3269 1247 3502 1304 obnoxia

1908 1349 2011 1394 est.
2038 1337 2133 1395 Sol
2154 1344 2387 1408 cognouit
2408 1355 2651 1393 occasum
2676 1355 2848 1395 suum.
2874 1338 3125 1394 Cbrisms
3148 1341 3361 1410 agnovit
3381 1355 3505 1410 pas-

1908 1432 2115 1488 sionem
2146 1448 2315 1488 suam.
2371 1432 2607 1489 Occasus
2646 1430 2853 1488 Chrisu'
2879 1471 2895 1497 ,
2942 1430 3125 1502 passio
3151 1431 3350 1487 ϐιαίαιί
3396 1440 3502 1488 est.

1907 1525 2014 1585 Sed
2052 1525 2312 1592 numquid
2348 1526 2427 1580 sul
2459 1526 2537 1580 sic
2564 1524 2783 1589 occidit,
2819 1533 2878 1580 ut
2912 1539 3017 1580 non
3047 1524 3293 1580 oriatur?
3333 1524 3507 1579 Num-

1909 1617 2031 1685 quid
2052 1618 2138 1686 qui
2159 1616 2368 1678 dormit.
2394 1631 2497 1670 non
2518 1617 2729 1688 adjiciet
2756 1625 2810 1671 ut
2834 1628 3072 1688 resurgat
3094 1615 3269 1686 (Psal.
3295 1632 3381 1681 ιι..
3410 1614 3509 1687 9)ἳ

1912 1710 2047 1777 Quid
2071 1719 2155 1767 est
2174 1720 2353 1765 autem
2379 1726 2393 1763 :
2423 1710 2645 1781 Agnovit
2665 1726 2903 1765 occasum
2923 1726 3074 1764 suum
3099 1707 3254 1781 (Isai.
3281 1723 3391 1775 un,
3417 1709 3508 1779 ἠς

225 1813 318 1861 tur.
348 1801 424 1871 Ut
458 1804 779 1861 exhilaretur
818 1807 975 1875 {acies
1013 1806 1066 1859 in
1117 1805 1252 1861 oleo.
1304 1805 1487 1867 Gratia
1534 1806 1808 1875 qundam,
1841 1795 1888 1856 Β
1919 1805 2043 1870 uisi,
2078 1803 2278 1870 placuit
2302 1804 2352 1856 ei
2378 1811 2435 1857 ut
2461 1800 2800 1858 moreretur?
2837 1802 3122 1856 Voluntati:
3148 1801 3291 1857 enim
3319 1814 3509 1855 susce-

226 1908 331 1964 qua!
358 1904 443 1949 est
480 1894 758 1949 heminam
791 1894 856 1948 ad
892 1895 1174 1960 homines,
1221 1895 1490 1964 prmripua
1528 1895 1595 1953 ad
1626 1894 1808 1963 conci-

226 1983 447 2051 liandum
490 1997 736 2047 sanctum
764 2003 1004 2043 amorem
1030 2026 1047 2053 ,
1080 1988 1258 2045 oleum
1287 1987 1514 2056 dicitur;
1549 1990 1603 2043 in
1632 1990 1807 2046 nitore

230 2078 431 2147 divino,
465 2096 574 2151 quo
602 2087 772 2136 totum
817 2081 1034 2150 ungitur
1063 2094 1260 2153 corpus
1290 2081 1512 2147 Christi,
1544 2082 1633 2151 qui
1664 2084 1810 2151 prin-

228 2173 457 2243 cipaliter
488 2184 685 2229 unctus
708 2214 723 2240 ,
752 2183 809 2229 et
834 2172 956 2228 fcitis
988 2172 1144 2243 hujus
1175 2184 1258 2229 est
1286 2173 1410 2229 olei.
1455 2174 1520 2229 Et
1545 2175 1695 2246 panis
1719 2191 1810 2230 cor

226 2263 439 2327 limitis
496 2268 791 2339 conﬁrmat.
840 2267 1202 2323 Manifestavit
1256 2268 1325 2325 de
1375 2284 1484 2340 quo
1539 2283 1678 2338 pane
1728 2269 1807 2327 Io-

230 2370 490 2431 queretur.
524 2360 687 2418 Panis
715 2362 858 2417 enim
886 2361 1054 2436 388
1094 2361 1319 2419 visibilis
1352 2374 1593 2419 ventrem
1623 2363 1807 2428 satiat,

233 2454 672 2525 stomachumque
710 2455 1015 2512 continuat.
1061 2457 1167 2517 Iste
1203 2466 1383 2513 atttem
1412 2458 1601 2521 cibus,
1631 2459 1812 2514 cordis

237 2556 393 2619 estet
422 2551 615 2617 autimas:
666 2549 945 2618 fortitudo,
991 2549 1060 2609 de
1114 2565 1223 2620 quo
1277 2553 1390 2620 ipse
1436 2550 1700 2607 Dominus
1723 2552 1809 2617 di-

174 2640 192 2659 ’
239 2636 309 2693 cit
338 2656 353 2693 :
384 2638 492 2712 Ego
516 2658 627 2697 sum
647 2643 800 2717 panis
829 2642 991 2710 vivus,
1016 2642 1104 2712 qui
1129 2643 1192 2699 de
1209 2640 1337 2697 caelo
1363 2644 1603 2699 descendi
1624 2642 1808 2711 (Joan.

242 2744 318 2794 vt,
342 2732 455 2804 il).

311 2822 485 2897 (Wars.
518 2825 624 2899 lli.)
662 2826 1051 2885 Saturabuntstr
1080 2828 1223 2903 ligna
1244 2832 1432 2901 cantpi.
1459 2831 1536 2886 De
1566 2830 1666 2887 ista
1692 2845 1812 2900 gra-

247 2914 313 2991 tia
345 2920 717 2997 saturabuntur
754 2920 894 2989 ligna
935 2922 1133 2993 campi,
1164 2920 1215 2978 id
1244 2930 1346 2987 est,
1383 2923 1565 2988 plebes
1593 2921 1810 2979 Judaeu-

235 3023 369 3064 rutn.
399 3006 469 3067 Et
485 3012 627 3067 cedri
652 3010 857 3076 Libani.
880 3030 1007 3084 quas
1044 3015 1315 3086 plantasti.
1342 3012 1693 3071 Satiabuutur
1715 3014 1813 3069 Inc

226 3103 393 3173 pati:
419 3120 528 3161 non
574 3106 746 3162 solmu
780 3107 1013 3164 humiles
1041 3106 1201 3177 hujus
1240 3108 1460 3175 mundi,
1509 3108 1602 3165 sed
1651 3109 1811 3162 etiam

1915 1896 1991 1964 pit
2018 1910 2233 1951 crucem
2262 1906 2314 1950 et
2346 1905 2609 1959 morienti;
2657 1906 2712 1951 et
2740 1895 2879 1953 sicut
2915 1894 3088 1951 aliena
3131 1905 3255 1950 sunt
3294 1893 3364 1953 ab
3392 1893 3511 1961 ejus

1912 1989 2100 2043 notitia
2146 2002 2270 2058 quin
2320 1985 2426 2055 ipsi
2475 2004 2580 2042 non
2617 1987 2860 2055 tdaceut,
2912 1988 2983 2042 ita
3013 2002 3077 2041 ea
3106 2002 3227 2058 qua:
3249 1987 3513 2045 voluntati

1913 2079 2083 2151 ipsius
2109 2092 2413 2145 congruunt
2445 2079 2596 2135 novit
2631 2090 2795 2150 atque
2822 2081 3123 2149 cognoscit.

1985 2172 2166 2243 (νει-ς.
2196 2173 2287 2239 20,
2317 2171 2436 2245 21.)
2482 2171 2711 2227 Posuisti
2741 2172 3006 2240 tenebras,
3037 2182 3085 2227 et
3123 2173 3264 2243 facta
3288 2180 3363 2225 est
3386 2184 3511 2226 nos.

1912 2263 2047 2319 Cum
2076 2279 2264 2334 passus
2294 2276 2440 2323 esset
2468 2266 2748 2332 Dominus,
2772 2266 3089 2322 conturbata
3119 2276 3244 2321 sunt
3272 2264 3514 2321 tenebris

1916 2358 2223 2415 formidinis
2247 2360 2410 2415 corda
2441 2360 2813 2427 apostolorum
2846 2376 2864 2417 :
2895 2373 2948 2415 et
2977 2360 3223 2431 quaedam
3267 2360 3377 2415 illic
3406 2373 3515 2415 nos

1912 2450 2051 2506 facta
2082 2461 2185 2517 est,
2214 2467 2338 2508 cum
2370 2453 2586 2508 occisus
2614 2464 2699 2508 est
2727 2454 2894 2525 ω
2920 2454 3011 2523 qui
3046 2454 3374 2522 Redemptor
3397 2468 3514 2508 um-

1916 2545 2065 2599 nium
2092 2545 2391 2600 videbatur.
2422 2544 2507 2600 lbi
2538 2549 2926 2616 pertransibunt
2952 2564 3125 2602 omnes
3149 2548 3316 2601 bestia-
3343 2547 3509 2601 siti-at.

1916 2636 2089 2696 (iatuli
2122 2638 2329 2693 leonum
2377 2640 2637 2710 rug‘entes
2672 2649 2727 2693 ut
2766 2639 2996 2708 rapiant,
3028 2649 3311 2708 querentes
3343 2654 3375 2692 a
3408 2638 3515 2692 Bo-

1918 2730 2060 2797 mino
2085 2745 2253 2785 escam
2271 2731 2385 2784 sibi.
2421 2731 2476 2784 In
2503 2729 2601 2787 hac
2634 2743 2795 2786 nocte
2830 2731 3245 2800 desperationis.
3271 2743 3324 2786 et
3351 2732 3401 2785 in
3430 2730 3515 2788 bis

1914 2822 2158 2877 tenebris
2180 2822 2493 2891 ignorantia:
2521 2823 2910 2881 insidiabantur
2930 2822 3120 2879 bestia!
3140 2824 3310 2888 silva,
3334 2822 3384 2876 id
3407 2832 3510 2887 est,

1916 2915 2137 2985 maligni
2167 2914 2421 2982 Spiritus;
2453 2926 2506 2969 et
2535 2917 2697 2973 catuli
2726 2916 2968 2979 leonum,
2993 2916 3096 2971 hoc
3122 2925 3226 2981 est,
3254 2915 3516 2972 savium

1916 3006 2114 3077 quique
2141 3005 2448 3063 daemonum
2474 3051 2489 3075 ,
2539 3006 2783 3065 furentes
2826 3009 2892 3063 ad
2927 3008 3215 3076 rapiendos
3255 3009 3307 3063 in
3334 3022 3516 3063 e-catn

1918 3113 2071 3155 suam
2097 3141 2112 3162 ,
2141 3115 2277 3168 quos
2310 3102 2361 3155 in
2393 3100 2630 3159 tenebris
2662 3101 2999 3163 inﬁdelitatis
3030 3102 3355 3157 invenerint.
3388 3100 3518 3169 Qui-

228 3194 428 3261 mbiles
466 3204 631 3268 atque
673 3198 976 3266 sublimes;
1025 3198 1116 3270 qui
1161 3210 1378 3272 propter
1428 3200 1809 3254 excellentiam
1839 3186 1886 3251 C
1919 3190 2018 3247 bus
2064 3200 2245 3249 tamen
2294 3194 2425 3250 nihil
2456 3203 2481 3232 ι
2508 3195 2667 3249 noxio
2714 3194 2917 3253 iut'ei're
2952 3205 3198 3266 possunt.
3232 3193 3333 3249 nisi
3372 3193 3518 3251 Deus

228 3302 372 3343 suam
396 3290 655 3346 dicuntur
695 3291 844 3348 cedri
880 3308 897 3349 :
927 3292 1021 3349 sed
1062 3307 1193 3363 quas
1237 3293 1496 3362 plantavit
1530 3293 1810 3359 Dominus,

225 3382 310 3452 qui
354 3383 519 3455 etiam
561 3384 631 3442 de
680 3384 937 3443 divitibus
975 3393 1033 3443 et
1068 3386 1398 3455 illustribus,
1430 3388 1627 3443 multos
1647 3386 1815 3457 justi-

227 3470 417 3543 ﬁcavit.

289 3566 472 3638 (Vera,
502 3567 617 3644 1⁸1.)
644 3568 766 3627 Illic
785 3581 1013 3637 passeres
1038 3572 1375 3643 nidiﬁcabunt
1394 3588 1413 3627 :
1436 3573 1608 3644 fulica:
1631 3572 1815 3628 domus

223 3658 327 3735 diu:
349 3670 425 3719 est
452 3677 659 3727 eorum.
691 3662 749 3719 In
775 3664 890 3723 Istis
915 3664 1091 3721 cedris
1116 3663 1328 3731 Libani,
1355 3680 1493 3737 quas
1518 3667 1687 3735 gratis
1721 3666 1814 3722 Dei

218 3750 423 3825 plantat
451 3763 509 3809 et
549 3754 748 3820 satiat,
778 3754 1132 3813 nidiﬁcabunt
1172 3771 1416 3825 passeres
1459 3775 1472 3812 :
1517 3758 1570 3815 lii
1610 3758 1817 3814 scilicet

218 3844 305 3914 qui
329 3845 625 3931 elegerunt
657 3845 1044 3915 humilitatem,
1077 3858 1131 3905 et
1153 3849 1354 3905 relictis
1375 3864 1495 3919 qum
1522 3848 1814 3917 habebant,

216 3940 571 4001 autvenditis
598 3980 616 4008 ,
649 3942 781 3996 nihil
819 3941 921 3997 sibi
954 3942 1005 3997 in
1044 3942 1145 3997 hoc
1191 3943 1393 3998 sazculo
1429 3952 1813 4007 reservarunt;

213 4032 305 4095 sed
324 4032 560 4095 divitum
575 4032 1005 4093 Christianorum
1025 4035 1276 4092 domibus
1294 4036 1539 4107 agrisque
1557 4037 1813 4106 suscepti,

216 4126 545 4203 necessariis
591 4127 798 4181 solatiis
843 4127 1184 4195 adjuvantur.
1217 4126 1316 4195 Qui
1366 4140 1564 4190 tamen,
1610 4128 1731 4182 licet
1764 4128 1815 4181 in

215 4216 505 4289 φάε-(ωιτη
546 4216 829 4275 altitudine
879 4221 1260 4290 requiescant,
1308 4234 1417 4273 non
1468 4220 1596 4287 ipsis
1639 4218 1819 4275 ci-dris

213 4305 437 4366 ducibus
466 4318 741 4376 utuntur;
793 4310 890 4367 sed
932 4311 1109 4380 fulica:
1149 4312 1331 4366 domus
1367 4312 1477 4365 dua:
1505 4321 1577 4364 est
1620 4327 1813 4366 eorum.

211 4399 414 4471 Domus
450 4414 642 4460 autem
682 4403 893 4471 fulicae,
937 4420 1058 4477 quae
1088 4405 1290 4458 marina
1316 4413 1400 4459 est
1424 4402 1567 4473 avis,
1602 4419 1707 4459 non
1738 4412 1818 4459 est

1920 3288 2230 3358 permiserit
2260 3305 2275 3341 :
2304 3300 2358 3342 et
2390 3288 2511 3344 ideo
2539 3290 2607 3343 ab
2639 3291 2756 3357 ipso
2784 3300 2971 3357 petunt
3006 3288 3247 3359 rapiendi
3282 3298 3518 3358 peltasta-

1918 3390 2049 3444 tem,
2067 3382 2221 3450 cujus
2239 3382 2439 3451 judicio
2467 3381 2630 3436 homo
2659 3382 2891 3441 inimicis
2918 3384 3031 3440 suis
3057 3393 3149 3438 aut
3176 3382 3517 3453 castigandus

1918 3474 2170 3538 traditur,
2198 3484 2295 3529 aut
2323 3476 2659 3543 probandus.

1988 3566 2167 3637 (Vers.
2193 3567 2312 3640 22.)
2361 3568 2514 3622 Ortus
2538 3579 2609 3623 est
2638 3572 2737 3633 sol,
2771 3579 2817 3625 et
2845 3572 3138 3644 congregati
3173 3578 3293 3625 sunt
3319 3581 3339 3624 :
3368 3578 3418 3622 et
3446 3569 3504 3623 in

1917 3658 2165 3715 cubilibus
2187 3660 2297 3715 suis
2317 3658 2344 3699 δ
2376 3661 2790 3717 collocabantur.
2816 3658 2881 3716 0:
2898 3672 2982 3716 tus
3011 3672 3094 3716 est
3121 3663 3220 3728 sol,
3254 3660 3378 3732 quia
3411 3674 3508 3715 oc-

1917 3753 2048 3809 cidit
2073 3752 2153 3807 sol
2180 3771 2194 3807 :
2230 3753 2280 3808 id
2311 3762 2414 3821 est,
2444 3754 2695 3810 Chri~tus
2737 3765 2981 3811 mortuus
3006 3755 3263 3819 surrexit.
3295 3765 3352 3811 et
3381 3757 3508 3811 uni-

1918 3859 2135 3900 versum
2178 3844 2438 3903 mundum
2470 3846 2735 3902 claritatis
2781 3860 2896 3902 sua:
2939 3846 3374 3903 mattileststione
3404 3847 3508 3902 im-

1919 3937 2124 4007 plevit:
2158 3947 2212 3992 et
2251 3938 2497 4008 quamvis
2542 3939 2594 3994 in
2626 3938 2883 3995 cordibus
2923 3938 3217 3995 inﬁdelium
3274 3940 3513 3996 tenebra

1919 4038 2290 4103 perseverent,
2334 4032 2571 4088 Ecclesia
2601 4040 2782 4090 tamen
2814 4043 2929 4088 toto
2950 4032 3082 4089 urbe
3112 4042 3402 4101 terrarum,
3426 4037 3516 4091 cui

1919 4123 2004 4184 sol
2032 4132 2116 4179 est
2138 4133 2309 4189 ortus,
2339 4124 2393 4179 in
2418 4124 2621 4181 lumine
2645 4136 2750 4180 est.
2778 4122 2931 4180 [inde
2960 4124 3035 4179 illi
3064 4125 3306 4194 spiritus,
3329 4126 3418 4196 qni
3443 4124 3512 4181 ad

1918 4219 2322 4291 persequendos
2344 4220 2681 4276 Christianos
2704 4220 2993 4286 impiorum
3019 4222 3229 4274 animos
3257 4220 3508 4286 incitant,

1922 4315 1976 4369 in
2010 4324 2154 4371 tanta
2194 4316 2313 4371 luce
2362 4316 2560 4386 ubique
2607 4325 2841 4384 receptae
2887 4319 3127 4371 veritatis
3168 4319 3364 4373 Saevire
3404 4332 3510 4371 non

1921 4407 2143 4475 audent,
2176 4409 2228 4463 in
2272 4423 2366 4464 sua
2413 4409 2610 4465 cubilia
2662 4410 2992 4481 congregati,
3034 4411 3173 4465 intra
3215 4409 3513 4467 inﬁdelium

214 4495 267 4552 in
294 4509 455 4573 terra:
489 4497 857 4553 foraminibus
877 4539 894 4564 ,
927 4513 1102 4568 neque
1128 4497 1181 4552 iu
1212 4497 1375 4551 ramis
1401 4497 1691 4561 arborum;
1724 4495 1817 4551 sed
1847 4567 1887 4573 _
1922 4501 2085 4556 corda
2116 4500 2464 4557 cohibentur.

213 4586 267 4653 in
296 4570 473 4661 petra,
507 4606 633 4663 qua:
658 4590 811 4661 aquis
840 4591 911 4644 sit
939 4590 1288 4645 circumdata.
1319 4589 1474 4644 Petra
1502 4604 1634 4644 vero
1665 4587 1824 4643 intel-
1846 4567 1899 4629 Ῐ)

215 4681 394 4754 ligitur
418 4684 684 4740 Christus
715 4683 759 4751 (I
788 4681 910 4738 Cor.
952 4700 1008 4749 ι,
1039 4683 1122 4755 4),
1151 4683 1247 4753 qui
1273 4683 1585 4751 exemplum
1617 4682 1824 4754 patien-

216 4775 301 4832 tia?
328 4778 576 4848 praebuit
605 4775 897 4832 humilibus
935 4785 992 4832 et
1037 4776 1344 4847 passeribus
1378 4793 1392 4830 :
1431 4792 1661 4847 quorum
1708 4776 1823 4846 ipse

214 4876 296 4933 est
340 4868 661 4936 fortitudo,
709 4876 771 4924 ut
811 4868 1371 4925 circumfrementibus
1422 4868 1675 4923 ﬂuctibus
1715 4884 1822 4924 non

214 4974 583 5028 moveantur;
618 4969 676 5019 et
706 4962 750 5018 si
797 4962 925 5034 quid
965 4963 1018 5018 in
1058 4962 1237 5019 cedris
1284 4963 1472 5019 Libani
1513 4964 1822 5031 oﬂenderit,

211 5055 388 5112 fulica:
417 5059 653 5119 domum
676 5068 994 5125 sequantur.

276 5147 469 5223 (Vers.
513 5147 634 5216 18.)
679 5146 882 5205 Montes
909 5148 1148 5203 altissimi
1177 5150 1357 5215 cervis,
1393 5157 1535 5218 petra
1566 5149 1822 5222 refugium

203 5239 435 5296 lterieiis.
469 5241 638 5301 Cervi
669 5250 798 5297 sunt
826 5242 1006 5313 magni
1045 5252 1100 5299 et
1127 5243 1381 5313 praecipui
1414 5244 1707 5312 spiritales,
1731 5244 1821 5315 qui

204 5335 603 5391 mandatorum
635 5334 732 5389 Dei
769 5335 1148 5391 sublimissima
1177 5352 1406 5408 quaeque
1433 5347 1737 5401 sectantur,
1769 5346 1823 5392 et

205 5423 255 5477 in
288 5426 588 5483 montibus
617 5426 867 5482 habitant
907 5428 1333 5499 Scripturarum.
1382 5427 1487 5485 Sed
1520 5440 1574 5484 et
1606 5428 1699 5500 qui
1728 5445 1825 5485 ex-

274 5594 301 5625 ·
332 5582 551 5661 Lugd,
577 5584 710 5661 nihil
743 5600 911 5661 noxa.
939 5585 1105 5642 Duac.
1135 5595 1191 5643 et
1214 5585 1435 5656 Colon.,
1469 5586 1601 5642 nihil
1631 5587 1820 5643 noxiis.

201 5631 810 5733 tufﬁitii‘iiixie'.

270 5726 301 5769 δ
331 5676 635 5785 ὣῑιίὸηρε
661 5742 810 5783 omne

270 5726 301 5769 υ
331 5726 635 5803 Editibnes
661 5742 851 5803 oumes
883 5742 981 5798 pro
1024 5729 1437 5803 varialectione
1465 5731 1742 5803 assignant
1769 5732 1823 5787 in

201 5805 488 5876 margine,
522 5798 788 5856 cubabant
811 5815 831 5855 :
864 5815 985 5875 qua:
1031 5814 1135 5857 vos
1178 5801 1407 5859 habetur
1441 5804 1494 5859 in
1544 5798 1824 5875 Augustini

1996 4594 2177 4665 (Vera.
2207 4594 2328 4666 25.)
2372 4593 2543 4651 Εεὶυἱι
2585 4594 2739 4650 homo
2764 4596 2830 4650 ad
2857 4612 2989 4664 opus
3014 4612 3183 4664 suum,
3219 4604 3267 4650 et
3294 4596 3364 4651 ad
3390 4614 3518 4670 ope-

1924 4688 2176 4743 rationem
2197 4703 2345 4744 sitam
2368 4704 2528 4757 usque
2551 4687 2619 4742 ad
2648 4704 2929 4760 vesperam.
2960 4688 3095 4757 Quia
3125 4688 3286 4743 modo
3310 4689 3361 4744 in
3388 4704 3521 4758 paco

1926 4781 2187 4837 Ecclesia:
2237 4781 2399 4837 homo
2445 4780 2561 4845 Dei,
2604 4781 2830 4851 jus-tilias
2876 4782 2971 4836 Dei
3026 4780 3290 4848 serviens,
3350 4781 3521 4836 libere

1925 4873 2058 4944 agit,
2105 4882 2159 4928 et
2197 4872 2263 4929 ad
2298 4873 2579 4943 profutura
2629 4874 2733 4930 sibi
2771 4889 2935 4942 opera
2983 4888 3207 4928 secante
3251 4872 3524 4942 ngreditur

1926 4983 2097 5036 usque
2127 4965 2195 5021 ad
2236 4983 2537 5036 vesperam.
2586 4967 2645 5023 In
2677 4968 2782 5023 line
2829 4971 2972 5023 enim
3007 4966 3188 5025 mundi
3229 4963 3334 5020 erit
3368 4979 3521 5034 qua:-

1926 5059 2051 5117 dam
2081 5060 2491 5115 contenebratio
2522 5062 2913 5127 persecutionis
2939 5070 2963 5100 ε
2998 5070 3261 5113 externis.

2001 5151 2182 5224 (Vers.
2204 5152 2322 5219 21.)
2357 5153 2523 5218 Quam
2552 5153 2883 5223 magnificam
2910 5161 3031 5206 sunt
3057 5164 3214 5217 apere
3254 5156 3365 5210 tua,
3415 5145 3520 5200 Do-

1930 5244 2106 5299 mine!
2139 5243 2328 5298 Omnia
2354 5248 2409 5303 in
2436 5245 2691 5316 sapientia
2716 5244 2902 5312 fecisti.
2930 5238 3233 5296 Admiratio
3263 5237 3400 5303 ba‘c,
3418 5251 3525 5303 qua

1929 5336 2325 5408 magniﬁcentia
2359 5348 2607 5407 stupetur
2626 5350 2852 5405 operum
2879 5335 3209 5403 divinorum,
3228 5334 3296 5387 ad
3324 5344 3524 5388 utram—

1930 5445 2037 5501 que
2065 5430 2433 5486 conditionem
2465 5430 2718 5502 pertinet,
2750 5430 2801 5483 id
2830 5438 2934 5494 est,
2969 5437 3025 5482 et
3051 5428 3234 5482 mundi
3266 5428 3447 5496 limus,
3472 5436 3526 5483 et

1933 5590 2274 5644 enarratione
2303 5588 2403 5643 hoc
2437 5588 2556 5641 loco
2586 5602 2751 5643 serm.
2777 5588 2830 5650 ὅ.
2865 5601 3013 5643 num.
3038 5584 3110 5641 εδ
3137 5592 3193 5641 et
3217 5583 3311 5640 Si.

2010 5671 2033 5699 ο
2068 5661 2158 5716 Sic
2204 5660 2375 5727 Lugd.
2402 5662 2591 5712 cdlllO.
2630 5658 2854 5717 anan.,
2906 5657 3072 5713 Duae.
3102 5667 3159 5714 et
3184 5658 3406 5725 Colum,
3437 5672 3517 5716 εε-

1934 5740 2111 5799 terna;
2141 5732 2280 5808 forte
2306 5748 2406 5803 pro
2437 5739 2678 5787 extremis
2705 5741 2795 5785 aut
2824 5738 3072 5786 eatrerna.
