  <div class='ocr_page' id='page_1' title='image "/cluster/home/n/w/nwhite01/storage/ocr_20150623/51/hvd.32044015471568/153.png"; bbox 0 0 4028 6352; ppageno 0'>
   <div class='ocr_carea' id='block_1_1' title="bbox 581 276 688 367">
    <p class='ocr_par' dir='ltr' id='par_1_1' title="bbox 581 276 688 367">
     <span class='ocr_line' id='line_1_1' title="bbox 581 276 688 367; baseline -0.037 0"><span class='ocrx_word' id='word_1_1' title='bbox 581 276 688 367; x_wconf 67' lang='lat' dir='ltr'><strong>sas</strong></span> 
     </span>
    </p>
   </div>
   <div class='ocr_carea' id='block_1_2' title="bbox 1809 297 2622 375">
    <p class='ocr_par' dir='ltr' id='par_1_2' title="bbox 1809 297 2622 375">
     <span class='ocr_line' id='line_1_2' title="bbox 1809 297 2622 375; baseline 0.004 -14"><span class='ocrx_word' id='word_1_2' title='bbox 1809 298 1870 361; x_wconf 80' lang='grc'><strong>8.</strong></span> <span class='ocrx_word' id='word_1_3' title='bbox 1912 297 2257 364; x_wconf 72' lang='lat' dir='ltr'><strong>PROSPEBI</strong></span> <span class='ocrx_word' id='word_1_4' title='bbox 2293 300 2622 375; x_wconf 77' lang='lat' dir='ltr'><strong>AQUITANI</strong></span> 
     </span>
    </p>
   </div>
   <div class='ocr_carea' id='block_1_3' title="bbox 3747 312 3832 375">
    <p class='ocr_par' dir='ltr' id='par_1_3' title="bbox 3747 312 3832 375">
     <span class='ocr_line' id='line_1_3' title="bbox 3747 312 3832 375; baseline 0.047 -4"><span class='ocrx_word' id='word_1_5' title='bbox 3747 312 3832 375; x_wconf 69' lang='lat'><strong>296</strong></span> 
     </span>
    </p>
   </div>
   <div class='ocr_carea' id='block_1_4' title="bbox 587 418 3829 501">
    <p class='ocr_par' dir='ltr' id='par_1_4' title="bbox 587 418 3829 501">
     <span class='ocr_line' id='line_1_4' title="bbox 587 418 3829 501; baseline 0.003 -22"><span class='ocrx_word' id='word_1_6' title='bbox 587 422 862 480; x_wconf 61' lang='lat' dir='ltr'><strong>Ecclesiae.</strong></span> <span class='ocrx_word' id='word_1_7' title='bbox 918 421 1053 493; x_wconf 86' lang='lat' dir='ltr'><strong>Quia</strong></span> <span class='ocrx_word' id='word_1_8' title='bbox 1105 419 1479 495; x_wconf 78' lang='lat' dir='ltr'><strong>temporalium</strong></span> <span class='ocrx_word' id='word_1_9' title='bbox 1535 418 1884 494; x_wconf 77' lang='lat' dir='ltr'><strong>pulchritudo</strong></span> <span class='ocrx_word' id='word_1_10' title='bbox 1938 423 2167 490; x_wconf 80' lang='lat' dir='ltr'><strong>gloriam</strong></span> <span class='ocrx_word' id='word_1_11' title='bbox 2200 430 2242 487; x_wconf 73' lang='grc' dir='ltr'>Α</span> <span class='ocrx_word' id='word_1_12' title='bbox 2272 441 2417 480; x_wconf 78' lang='lat' dir='ltr'><strong>versa</strong></span> <span class='ocrx_word' id='word_1_13' title='bbox 2453 426 2785 492; x_wconf 82' lang='lat' dir='ltr'><strong>reptebuntur</strong></span> <span class='ocrx_word' id='word_1_14' title='bbox 2826 424 3067 482; x_wconf 74' lang='lat' dir='ltr'><strong>bonitate.</strong></span> <span class='ocrx_word' id='word_1_15' title='bbox 3100 426 3369 483; x_wconf 74' lang='lat' dir='ltr'><strong><em>Avertente</em></strong></span> <span class='ocrx_word' id='word_1_16' title='bbox 3392 431 3568 483; x_wconf 86' lang='lat' dir='ltr'><strong>autem</strong></span> <span class='ocrx_word' id='word_1_17' title='bbox 3606 436 3651 485; x_wconf 89' lang='lat' dir='ltr'><strong>te</strong></span> <span class='ocrx_word' id='word_1_18' title='bbox 3676 432 3829 501; x_wconf 79' lang='lat' dir='ltr'><strong>faciem</strong></span> 
     </span>
    </p>
   </div>
   <div class='ocr_carea' id='block_1_5' title="bbox 584 516 2169 587">
    <p class='ocr_par' dir='ltr' id='par_1_5' title="bbox 584 516 2169 587">
     <span class='ocr_line' id='line_1_5' title="bbox 584 516 2169 587; baseline 0.001 -15"><span class='ocrx_word' id='word_1_19' title='bbox 584 518 846 587; x_wconf 63' lang='lat' dir='ltr'><strong>signiﬁcat</strong></span> <span class='ocrx_word' id='word_1_20' title='bbox 892 527 1241 585; x_wconf 61' lang='lat' dir='ltr'><strong>a&#39;ternuruttt,</strong></span> <span class='ocrx_word' id='word_1_21' title='bbox 1287 529 1340 573; x_wconf 91' lang='lat' dir='ltr'><strong>et</strong></span> <span class='ocrx_word' id='word_1_22' title='bbox 1376 531 1469 585; x_wconf 82' lang='lat' dir='ltr'><strong>per</strong></span> <span class='ocrx_word' id='word_1_23' title='bbox 1495 516 1753 583; x_wconf 73' lang='lat' dir='ltr'><strong>visibilia,</strong></span> <span class='ocrx_word' id='word_1_24' title='bbox 1799 532 1861 572; x_wconf 87' lang='lat' dir='ltr'><strong>ea</strong></span> <span class='ocrx_word' id='word_1_25' title='bbox 1892 534 2014 587; x_wconf 70' lang='lat' dir='ltr'><strong>qua:</strong></span> <span class='ocrx_word' id='word_1_26' title='bbox 2062 534 2169 574; x_wconf 88' lang='lat' dir='ltr'><strong>non</strong></span> 
     </span>
    </p>
   </div>
   <div class='ocr_carea' id='block_1_6' title="bbox 584 610 2168 681">
    <p class='ocr_par' dir='ltr' id='par_1_6' title="bbox 584 610 2168 681">
     <span class='ocr_line' id='line_1_6' title="bbox 584 610 2168 681; baseline 0.003 -16"><span class='ocrx_word' id='word_1_27' title='bbox 584 618 847 681; x_wconf 83' lang='lat' dir='ltr'><strong>apparent</strong></span> <span class='ocrx_word' id='word_1_28' title='bbox 881 610 1150 664; x_wconf 71' lang='lat' dir='ltr'><strong>intellecta</strong></span> <span class='ocrx_word' id='word_1_29' title='bbox 1180 610 1585 680; x_wconf 77' lang='lat' dir='ltr'><strong>coit-.piciuutur</strong></span> <span class='ocrx_word' id='word_1_30' title='bbox 1624 610 1797 680; x_wconf 83' lang='lat' dir='ltr'><strong>(Rom.</strong></span> <span class='ocrx_word' id='word_1_31' title='bbox 1830 626 1871 680; x_wconf 85' lang='grc' dir='ltr'>ι,</span> <span class='ocrx_word' id='word_1_32' title='bbox 1894 611 1995 678; x_wconf 77' lang='grc'><strong>20;</strong></span> <span class='ocrx_word' id='word_1_33' title='bbox 2030 610 2168 669; x_wconf 75' lang='lat' dir='ltr'><strong>Heli.</strong></span> 
     </span>
    </p>
   </div>
   <div class='ocr_carea' id='block_1_7' title="bbox 589 702 2172 780">
    <p class='ocr_par' dir='ltr' id='par_1_7' title="bbox 589 702 2172 780">
     <span class='ocr_line' id='line_1_7' title="bbox 589 702 2172 780; baseline 0.002 -20"><span class='ocrx_word' id='word_1_34' title='bbox 589 718 633 770; x_wconf 79' lang='grc' dir='ltr'>ι,</span> <span class='ocrx_word' id='word_1_35' title='bbox 670 704 765 770; x_wconf 86' lang='grc' dir='ltr'><strong>ιο;</strong></span> <span class='ocrx_word' id='word_1_36' title='bbox 797 719 844 759; x_wconf 89' lang='lat' dir='ltr'><strong><em>et</em></strong></span> <span class='ocrx_word' id='word_1_37' title='bbox 875 720 932 769; x_wconf 87' lang='lat' dir='ltr'><strong>tl,</strong></span> <span class='ocrx_word' id='word_1_38' title='bbox 960 706 1054 771; x_wconf 82' lang='lat' dir='ltr'><strong>IO;</strong></span> <span class='ocrx_word' id='word_1_39' title='bbox 1088 702 1287 759; x_wconf 75' lang='lat' dir='ltr'><strong>Calatis.</strong></span> <span class='ocrx_word' id='word_1_40' title='bbox 1316 709 1379 771; x_wconf 93' lang='lat' dir='ltr'><strong>t).</strong></span> <span class='ocrx_word' id='word_1_41' title='bbox 1415 703 1603 760; x_wconf 81' lang='lat' dir='ltr'><strong>Omnia</strong></span> <span class='ocrx_word' id='word_1_42' title='bbox 1633 715 1810 761; x_wconf 71' lang='lat' dir='ltr'><strong>autem</strong></span> <span class='ocrx_word' id='word_1_43' title='bbox 1842 707 1895 761; x_wconf 86' lang='lat' dir='ltr'><strong>in</strong></span> <span class='ocrx_word' id='word_1_44' title='bbox 1923 708 2172 780; x_wconf 73' lang='lat' dir='ltr'><strong>sapientia</strong></span> 
     </span>
    </p>
   </div>
   <div class='ocr_carea' id='block_1_8' title="bbox 584 796 2174 871">
    <p class='ocr_par' dir='ltr' id='par_1_8' title="bbox 584 796 2174 871">
     <span class='ocr_line' id='line_1_8' title="bbox 584 796 2174 871; baseline 0.006 -22"><span class='ocrx_word' id='word_1_45' title='bbox 584 796 775 864; x_wconf 75' lang='lat' dir='ltr'><strong>fecisti,</strong></span> <span class='ocrx_word' id='word_1_46' title='bbox 819 799 868 850; x_wconf 88' lang='lat' dir='ltr'><strong>id</strong></span> <span class='ocrx_word' id='word_1_47' title='bbox 901 807 1005 863; x_wconf 73' lang='lat' dir='ltr'><strong>est,</strong></span> <span class='ocrx_word' id='word_1_48' title='bbox 1043 815 1092 851; x_wconf 93' lang='grc' dir='ltr'><strong>ιιι</strong></span> <span class='ocrx_word' id='word_1_49' title='bbox 1125 798 1345 853; x_wconf 81' lang='lat' dir='ltr'><strong>Cltri-to</strong></span> <span class='ocrx_word' id='word_1_50' title='bbox 1376 801 1511 854; x_wconf 77' lang='lat' dir='ltr'><strong>faeta</strong></span> <span class='ocrx_word' id='word_1_51' title='bbox 1542 808 1686 867; x_wconf 84' lang='lat' dir='ltr'><strong>sunt,</strong></span> <span class='ocrx_word' id='word_1_52' title='bbox 1717 800 1805 871; x_wconf 88' lang='lat' dir='ltr'><strong>qui</strong></span> <span class='ocrx_word' id='word_1_53' title='bbox 1837 809 1921 856; x_wconf 80' lang='lat' dir='ltr'><strong>est</strong></span> <span class='ocrx_word' id='word_1_54' title='bbox 1950 801 2042 857; x_wconf 78' lang='lat' dir='ltr'><strong>Dei</strong></span> <span class='ocrx_word' id='word_1_55' title='bbox 2066 804 2174 858; x_wconf 85' lang='lat' dir='ltr'><strong>vir-</strong></span> 
     </span>
    </p>
   </div>
   <div class='ocr_carea' id='block_1_9' title="bbox 586 891 2167 959">
    <p class='ocr_par' dir='ltr' id='par_1_9' title="bbox 586 891 2167 959">
     <span class='ocr_line' id='line_1_9' title="bbox 586 891 2167 959; baseline 0.003 -14"><span class='ocrx_word' id='word_1_56' title='bbox 586 899 667 945; x_wconf 75' lang='lat' dir='ltr'><strong>tu-</strong></span> <span class='ocrx_word' id='word_1_57' title='bbox 690 900 745 944; x_wconf 83' lang='lat' dir='ltr'><strong>et</strong></span> <span class='ocrx_word' id='word_1_58' title='bbox 784 892 872 945; x_wconf 78' lang='lat' dir='ltr'><strong>ltei</strong></span> <span class='ocrx_word' id='word_1_59' title='bbox 922 891 1205 956; x_wconf 78' lang='lat' dir='ltr'><strong>sapientia.</strong></span> <span class='ocrx_word' id='word_1_60' title='bbox 1246 891 1465 959; x_wconf 79' lang='lat' dir='ltr'><strong>liepleta</strong></span> <span class='ocrx_word' id='word_1_61' title='bbox 1504 902 1579 947; x_wconf 84' lang='lat' dir='ltr'><strong>est</strong></span> <span class='ocrx_word' id='word_1_62' title='bbox 1608 903 1745 947; x_wconf 89' lang='lat' dir='ltr'><strong>terra</strong></span> <span class='ocrx_word' id='word_1_63' title='bbox 1789 904 2030 949; x_wconf 82' lang='lat' dir='ltr'><strong>creatura</strong></span> <span class='ocrx_word' id='word_1_64' title='bbox 2059 906 2167 950; x_wconf 88' lang='lat' dir='ltr'><strong>tua.</strong></span> 
     </span>
    </p>
   </div>
   <div class='ocr_carea' id='block_1_10' title="bbox 584 982 2174 1058">
    <p class='ocr_par' dir='ltr' id='par_1_10' title="bbox 584 982 2174 1058">
     <span class='ocr_line' id='line_1_10' title="bbox 584 982 2174 1058; baseline 0.006 -23"><span class='ocrx_word' id='word_1_65' title='bbox 584 982 715 1037; x_wconf 80' lang='lat' dir='ltr'><strong>Late</strong></span> <span class='ocrx_word' id='word_1_66' title='bbox 742 984 915 1038; x_wconf 68' lang='lat' dir='ltr'><strong>oculis</strong></span> <span class='ocrx_word' id='word_1_67' title='bbox 958 995 1204 1052; x_wconf 84' lang='lat' dir='ltr'><strong>apparet,</strong></span> <span class='ocrx_word' id='word_1_68' title='bbox 1234 994 1289 1039; x_wconf 88' lang='lat' dir='ltr'><strong>et</strong></span> <span class='ocrx_word' id='word_1_69' title='bbox 1338 984 1709 1056; x_wconf 82' lang='lat' dir='ltr'><strong>multipliciter</strong></span> <span class='ocrx_word' id='word_1_70' title='bbox 1736 988 2047 1058; x_wconf 73' lang='lat' dir='ltr'><strong>spectabilis</strong></span> <span class='ocrx_word' id='word_1_71' title='bbox 2089 998 2174 1045; x_wconf 84' lang='lat' dir='ltr'><strong>est</strong></span> 
     </span>
    </p>
   </div>
   <div class='ocr_carea' id='block_1_11' title="bbox 588 1079 2172 1150">
    <p class='ocr_par' dir='ltr' id='par_1_11' title="bbox 588 1079 2172 1150">
     <span class='ocr_line' id='line_1_11' title="bbox 588 1079 2172 1150; baseline 0.008 -23"><span class='ocrx_word' id='word_1_72' title='bbox 588 1079 929 1145; x_wconf 83' lang='lat' dir='ltr'><strong>pulchritudo</strong></span> <span class='ocrx_word' id='word_1_73' title='bbox 974 1079 1262 1136; x_wconf 84' lang='lat' dir='ltr'><strong>mundana.</strong></span> <span class='ocrx_word' id='word_1_74' title='bbox 1299 1096 1422 1149; x_wconf 78' lang='lat' dir='ltr'><strong>quze</strong></span> <span class='ocrx_word' id='word_1_75' title='bbox 1468 1082 1788 1150; x_wconf 77' lang='lat' dir='ltr'><strong>sapientiam</strong></span> <span class='ocrx_word' id='word_1_76' title='bbox 1835 1095 1885 1137; x_wconf 89' lang='lat' dir='ltr'><strong><em>et</em></strong></span> <span class='ocrx_word' id='word_1_77' title='bbox 1916 1081 2172 1139; x_wconf 74' lang='lat' dir='ltr'><strong>virtutem</strong></span> 
     </span>
    </p>
   </div>
   <div class='ocr_carea' id='block_1_12' title="bbox 582 1171 2175 1246">
    <p class='ocr_par' dir='ltr' id='par_1_12' title="bbox 582 1171 2175 1246">
     <span class='ocr_line' id='line_1_12' title="bbox 582 1171 2175 1246; baseline 0.007 -25"><span class='ocrx_word' id='word_1_78' title='bbox 582 1173 661 1223; x_wconf 88' lang='lat' dir='ltr'><strong>sui</strong></span> <span class='ocrx_word' id='word_1_79' title='bbox 692 1182 921 1225; x_wconf 72' lang='lat' dir='ltr'><strong>testatur</strong></span> <span class='ocrx_word' id='word_1_80' title='bbox 943 1172 1199 1226; x_wconf 87' lang='lat' dir='ltr'><strong>auctoris.</strong></span> <span class='ocrx_word' id='word_1_81' title='bbox 1230 1171 1335 1228; x_wconf 89' lang='lat' dir='ltr'><strong>Sed</strong></span> <span class='ocrx_word' id='word_1_82' title='bbox 1367 1174 1513 1229; x_wconf 84' lang='lat' dir='ltr'><strong>illam</strong></span> <span class='ocrx_word' id='word_1_83' title='bbox 1548 1175 1719 1246; x_wconf 86' lang='lat' dir='ltr'><strong>magis</strong></span> <span class='ocrx_word' id='word_1_84' title='bbox 1747 1187 2053 1231; x_wconf 79' lang='lat' dir='ltr'><strong>creaturam</strong></span> <span class='ocrx_word' id='word_1_85' title='bbox 2078 1177 2175 1232; x_wconf 87' lang='lat' dir='ltr'><strong>de-</strong></span> 
     </span>
    </p>
   </div>
   <div class='ocr_carea' id='block_1_13' title="bbox 584 1263 2173 1341">
    <p class='ocr_par' dir='ltr' id='par_1_13' title="bbox 584 1263 2173 1341">
     <span class='ocr_line' id='line_1_13' title="bbox 584 1263 2173 1341; baseline 0.006 -26"><span class='ocrx_word' id='word_1_86' title='bbox 584 1263 771 1320; x_wconf 70' lang='lat' dir='ltr'><strong>bemus</strong></span> <span class='ocrx_word' id='word_1_87' title='bbox 817 1275 960 1319; x_wconf 82' lang='lat' dir='ltr'><strong>alien</strong></span> <span class='ocrx_word' id='word_1_88' title='bbox 986 1268 1124 1332; x_wconf 90' lang='lat' dir='ltr'><strong>lere,</strong></span> <span class='ocrx_word' id='word_1_89' title='bbox 1176 1265 1245 1320; x_wconf 88' lang='lat' dir='ltr'><strong>de</strong></span> <span class='ocrx_word' id='word_1_90' title='bbox 1293 1280 1398 1335; x_wconf 91' lang='lat' dir='ltr'><strong>qua</strong></span> <span class='ocrx_word' id='word_1_91' title='bbox 1437 1265 1568 1322; x_wconf 90' lang='lat' dir='ltr'><strong>dicit</strong></span> <span class='ocrx_word' id='word_1_92' title='bbox 1615 1268 1925 1338; x_wconf 77' lang='lat' dir='ltr'><strong>Apostolus,</strong></span> <span class='ocrx_word' id='word_1_93' title='bbox 1977 1269 2041 1326; x_wconf 88' lang='lat' dir='ltr'><strong>Si</strong></span> <span class='ocrx_word' id='word_1_94' title='bbox 2067 1286 2173 1341; x_wconf 88' lang='lat' dir='ltr'><strong>qua</strong></span> 
     </span>
    </p>
   </div>
   <div class='ocr_carea' id='block_1_14' title="bbox 580 1357 2174 1433">
    <p class='ocr_par' dir='ltr' id='par_1_14' title="bbox 580 1357 2174 1433">
     <span class='ocr_line' id='line_1_14' title="bbox 580 1357 2174 1433; baseline 0.009 -24"><span class='ocrx_word' id='word_1_95' title='bbox 580 1358 739 1428; x_wconf 81' lang='lat' dir='ltr'><strong><em>igitur</em></strong></span> <span class='ocrx_word' id='word_1_96' title='bbox 767 1361 819 1412; x_wconf 89' lang='lat' dir='ltr'><strong>in</strong></span> <span class='ocrx_word' id='word_1_97' title='bbox 848 1357 1054 1413; x_wconf 75' lang='lat' dir='ltr'><strong>Christo</strong></span> <span class='ocrx_word' id='word_1_98' title='bbox 1082 1376 1211 1414; x_wconf 83' lang='lat' dir='ltr'><strong>nova</strong></span> <span class='ocrx_word' id='word_1_99' title='bbox 1240 1373 1496 1422; x_wconf 81' lang='lat' dir='ltr'><strong>creatura.</strong></span> <span class='ocrx_word' id='word_1_100' title='bbox 1516 1373 1682 1418; x_wconf 79' lang='lat' dir='ltr'><strong>vetera</strong></span> <span class='ocrx_word' id='word_1_101' title='bbox 1704 1367 2035 1433; x_wconf 87' lang='lat' dir='ltr'><strong>transierunt,</strong></span> <span class='ocrx_word' id='word_1_102' title='bbox 2057 1383 2174 1423; x_wconf 86' lang='lat' dir='ltr'><strong>ecce</strong></span> 
     </span>
    </p>
   </div>
   <div class='ocr_carea' id='block_1_15' title="bbox 582 1454 2174 1527">
    <p class='ocr_par' dir='ltr' id='par_1_15' title="bbox 582 1454 2174 1527">
     <span class='ocr_line' id='line_1_15' title="bbox 582 1454 2174 1527; baseline 0.008 -22"><span class='ocrx_word' id='word_1_103' title='bbox 582 1454 722 1522; x_wconf 78' lang='lat' dir='ltr'><strong>facta</strong></span> <span class='ocrx_word' id='word_1_104' title='bbox 751 1465 871 1506; x_wconf 88' lang='lat' dir='ltr'><strong>sunt</strong></span> <span class='ocrx_word' id='word_1_105' title='bbox 902 1464 926 1489; x_wconf 78' lang='grc' dir='ltr'><strong>ἰ</strong></span> <span class='ocrx_word' id='word_1_106' title='bbox 958 1471 1090 1509; x_wconf 86' lang='lat' dir='ltr'><strong>nova</strong></span> <span class='ocrx_word' id='word_1_107' title='bbox 1129 1454 1194 1527; x_wconf 91' lang='grc'><strong>(11</strong></span> <span class='ocrx_word' id='word_1_108' title='bbox 1239 1454 1357 1509; x_wconf 87' lang='lat' dir='ltr'><strong>Cor.</strong></span> <span class='ocrx_word' id='word_1_109' title='bbox 1385 1470 1438 1516; x_wconf 85' lang='lat' dir='ltr'><strong>v.</strong></span> <span class='ocrx_word' id='word_1_110' title='bbox 1470 1458 1577 1525; x_wconf 83' lang='grc'><strong>17).</strong></span> <span class='ocrx_word' id='word_1_111' title='bbox 1610 1456 1765 1512; x_wconf 66' lang='grc' dir='ltr'>γυιιίι</span> <span class='ocrx_word' id='word_1_112' title='bbox 1792 1459 1935 1514; x_wconf 89' lang='lat' dir='ltr'><strong>enim</strong></span> <span class='ocrx_word' id='word_1_113' title='bbox 1964 1458 2054 1527; x_wconf 88' lang='lat' dir='ltr'><strong>qui</strong></span> <span class='ocrx_word' id='word_1_114' title='bbox 2088 1475 2174 1516; x_wconf 88' lang='lat' dir='ltr'><strong>re-</strong></span> 
     </span>
    </p>
   </div>
   <div class='ocr_carea' id='block_1_16' title="bbox 582 1548 2166 1622">
    <p class='ocr_par' dir='ltr' id='par_1_16' title="bbox 582 1548 2166 1622">
     <span class='ocr_line' id='line_1_16' title="bbox 582 1548 2166 1622; baseline 0.008 -27"><span class='ocrx_word' id='word_1_115' title='bbox 582 1554 805 1598; x_wconf 77' lang='lat' dir='ltr'><strong>novaret</strong></span> <span class='ocrx_word' id='word_1_116' title='bbox 841 1561 976 1614; x_wconf 69' lang='lat' dir='ltr'><strong>opus</strong></span> <span class='ocrx_word' id='word_1_117' title='bbox 1006 1562 1181 1613; x_wconf 72' lang='lat' dir='ltr'><strong>suum,</strong></span> <span class='ocrx_word' id='word_1_118' title='bbox 1226 1548 1315 1618; x_wconf 87' lang='lat' dir='ltr'><strong>qui</strong></span> <span class='ocrx_word' id='word_1_119' title='bbox 1364 1549 1617 1603; x_wconf 77' lang='lat' dir='ltr'><strong>conlliret</strong></span> <span class='ocrx_word' id='word_1_120' title='bbox 1662 1565 1943 1622; x_wconf 87' lang='lat' dir='ltr'><strong>argentum</strong></span> <span class='ocrx_word' id='word_1_121' title='bbox 1990 1568 2166 1621; x_wconf 89' lang='lat' dir='ltr'><strong>suum,</strong></span> 
     </span>
    </p>
   </div>
   <div class='ocr_carea' id='block_1_17' title="bbox 579 1637 2169 1715">
    <p class='ocr_par' dir='ltr' id='par_1_17' title="bbox 579 1637 2169 1715">
     <span class='ocr_line' id='line_1_17' title="bbox 579 1637 2169 1715; baseline 0.009 -30"><span class='ocrx_word' id='word_1_122' title='bbox 579 1640 669 1704; x_wconf 86' lang='lat' dir='ltr'><strong>qui</strong></span> <span class='ocrx_word' id='word_1_123' title='bbox 707 1637 963 1690; x_wconf 81' lang='lat' dir='ltr'><strong>lortnan-t</strong></span> <span class='ocrx_word' id='word_1_124' title='bbox 1005 1651 1279 1691; x_wconf 82' lang='lat' dir='ltr'><strong>monetam</strong></span> <span class='ocrx_word' id='word_1_125' title='bbox 1325 1655 1500 1694; x_wconf 86' lang='lat' dir='ltr'><strong>suam.</strong></span> <span class='ocrx_word' id='word_1_126' title='bbox 1557 1639 1620 1695; x_wconf 83' lang='lat' dir='ltr'><strong>Et</strong></span> <span class='ocrx_word' id='word_1_127' title='bbox 1664 1642 1908 1698; x_wconf 79' lang='lat' dir='ltr'><strong>videmus</strong></span> <span class='ocrx_word' id='word_1_128' title='bbox 1958 1646 2169 1715; x_wconf 85' lang='lat' dir='ltr'><strong>plenam</strong></span> 
     </span>
    </p>
   </div>
   <div class='ocr_carea' id='block_1_18' title="bbox 579 1726 2168 1807">
    <p class='ocr_par' dir='ltr' id='par_1_18' title="bbox 579 1726 2168 1807">
     <span class='ocr_line' id='line_1_18' title="bbox 579 1726 2168 1807; baseline 0.008 -27"><span class='ocrx_word' id='word_1_129' title='bbox 579 1734 777 1782; x_wconf 86' lang='lat' dir='ltr'><strong>terram</strong></span> <span class='ocrx_word' id='word_1_130' title='bbox 809 1726 1135 1785; x_wconf 74' lang='lat' dir='ltr'><strong>Christianis</strong></span> <span class='ocrx_word' id='word_1_131' title='bbox 1177 1732 1228 1785; x_wconf 92' lang='lat' dir='ltr'><strong>in</strong></span> <span class='ocrx_word' id='word_1_132' title='bbox 1274 1747 1396 1787; x_wconf 89' lang='lat' dir='ltr'><strong>eum</strong></span> <span class='ocrx_word' id='word_1_133' title='bbox 1439 1734 1803 1804; x_wconf 56' lang='lat' dir='ltr'><strong>credentibus,</strong></span> <span class='ocrx_word' id='word_1_134' title='bbox 1835 1746 1890 1791; x_wconf 88' lang='lat' dir='ltr'><strong>et</strong></span> <span class='ocrx_word' id='word_1_135' title='bbox 1919 1736 1984 1791; x_wconf 89' lang='lat' dir='ltr'><strong>ad</strong></span> <span class='ocrx_word' id='word_1_136' title='bbox 2016 1753 2168 1807; x_wconf 81' lang='lat' dir='ltr'><strong>spem</strong></span> 
     </span>
    </p>
   </div>
   <div class='ocr_carea' id='block_1_19' title="bbox 2276 520 3828 591">
    <p class='ocr_par' dir='ltr' id='par_1_19' title="bbox 2276 520 3828 591">
     <span class='ocr_line' id='line_1_19' title="bbox 2276 520 3828 591; baseline 0.006 -18"><span class='ocrx_word' id='word_1_137' title='bbox 2276 526 2441 585; x_wconf 87' lang='lat' dir='ltr'><strong>tuam,</strong></span> <span class='ocrx_word' id='word_1_138' title='bbox 2484 520 2847 575; x_wconf 81' lang='lat' dir='ltr'><strong>turbabuntur.</strong></span> <span class='ocrx_word' id='word_1_139' title='bbox 2878 522 3100 591; x_wconf 79' lang='lat' dir='ltr'><strong>Apertio</strong></span> <span class='ocrx_word' id='word_1_140' title='bbox 3154 536 3343 575; x_wconf 84' lang='lat' dir='ltr'><strong>manus</strong></span> <span class='ocrx_word' id='word_1_141' title='bbox 3374 521 3465 575; x_wconf 82' lang='lat' dir='ltr'><strong>Dei</strong></span> <span class='ocrx_word' id='word_1_142' title='bbox 3495 524 3735 577; x_wconf 83' lang='lat' dir='ltr'><strong>revelatio</strong></span> <span class='ocrx_word' id='word_1_143' title='bbox 3761 538 3828 582; x_wconf 68' lang='lat' dir='ltr'><strong>est</strong></span> 
     </span>
    </p>
   </div>
   <div class='ocr_carea' id='block_1_20' title="bbox 2272 616 3827 675">
    <p class='ocr_par' dir='ltr' id='par_1_20' title="bbox 2272 616 3827 675">
     <span class='ocr_line' id='line_1_20' title="bbox 2272 616 3827 675; baseline 0.002 -3"><span class='ocrx_word' id='word_1_144' title='bbox 2272 616 2495 672; x_wconf 61' lang='lat' dir='ltr'><strong>Christi.</strong></span> <span class='ocrx_word' id='word_1_145' title='bbox 2530 616 2719 672; x_wconf 88' lang='lat' dir='ltr'><strong>Manus</strong></span> <span class='ocrx_word' id='word_1_146' title='bbox 2764 618 2909 673; x_wconf 90' lang='lat' dir='ltr'><strong>enim</strong></span> <span class='ocrx_word' id='word_1_147' title='bbox 2965 616 3178 673; x_wconf 87' lang='lat' dir='ltr'><strong><em>Domini</em></strong></span> <span class='ocrx_word' id='word_1_148' title='bbox 3236 616 3482 671; x_wconf 78' lang='lat' dir='ltr'><strong>Christus</strong></span> <span class='ocrx_word' id='word_1_149' title='bbox 3511 628 3613 673; x_wconf 60' lang='lat' dir='ltr'><strong>Osi.</strong></span> <span class='ocrx_word' id='word_1_150' title='bbox 3646 616 3705 672; x_wconf 81' lang='lat' dir='ltr'><strong>Et</strong></span> <span class='ocrx_word' id='word_1_151' title='bbox 3731 622 3827 675; x_wconf 83' lang='lat' dir='ltr'><strong>bra-</strong></span> 
     </span>
    </p>
   </div>
   <div class='ocr_carea' id='block_1_21' title="bbox 2275 707 3824 783">
    <p class='ocr_par' dir='ltr' id='par_1_21' title="bbox 2275 707 3824 783">
     <span class='ocr_line' id='line_1_21' title="bbox 2275 707 3824 783; baseline 0.003 -19"><span class='ocrx_word' id='word_1_152' title='bbox 2275 707 2449 764; x_wconf 79' lang='lat' dir='ltr'><strong>chium</strong></span> <span class='ocrx_word' id='word_1_153' title='bbox 2483 707 2687 764; x_wconf 79' lang='lat' dir='ltr'><strong><em>Domini</em></strong></span> <span class='ocrx_word' id='word_1_154' title='bbox 2731 714 2814 766; x_wconf 88' lang='lat' dir='ltr'><strong>cui</strong></span> <span class='ocrx_word' id='word_1_155' title='bbox 2842 711 3119 766; x_wconf 53' lang='lat' dir='ltr'><strong>revelatum</strong></span> <span class='ocrx_word' id='word_1_156' title='bbox 3163 718 3239 766; x_wconf 88' lang='lat' dir='ltr'><strong>est</strong></span> <span class='ocrx_word' id='word_1_157' title='bbox 3266 710 3412 783; x_wconf 83' lang='lat' dir='ltr'><strong>(lsai.</strong></span> <span class='ocrx_word' id='word_1_158' title='bbox 3444 724 3557 774; x_wconf 80' lang='lat' dir='ltr'><strong>uti,</strong></span> <span class='ocrx_word' id='word_1_159' title='bbox 3591 710 3674 779; x_wconf 69' lang='lat'><strong>1)?</strong></span> <span class='ocrx_word' id='word_1_160' title='bbox 3698 714 3824 780; x_wconf 79' lang='lat' dir='ltr'><strong>Quod</strong></span> 
     </span>
    </p>
   </div>
   <div class='ocr_carea' id='block_1_22' title="bbox 2275 802 3827 873">
    <p class='ocr_par' dir='ltr' id='par_1_22' title="bbox 2275 802 3827 873">
     <span class='ocr_line' id='line_1_22' title="bbox 2275 802 3827 873; baseline 0.002 -16"><span class='ocrx_word' id='word_1_161' title='bbox 2275 802 2361 857; x_wconf 91' lang='lat' dir='ltr'><strong>cui</strong></span> <span class='ocrx_word' id='word_1_162' title='bbox 2392 803 2680 863; x_wconf 87' lang='lat' dir='ltr'><strong>revelatur.</strong></span> <span class='ocrx_word' id='word_1_163' title='bbox 2712 805 2786 859; x_wconf 88' lang='lat' dir='ltr'><strong>illi</strong></span> <span class='ocrx_word' id='word_1_164' title='bbox 2813 806 3083 872; x_wconf 87' lang='lat' dir='ltr'><strong>aperitur;</strong></span> <span class='ocrx_word' id='word_1_165' title='bbox 3112 813 3167 859; x_wconf 89' lang='lat' dir='ltr'><strong>et</strong></span> <span class='ocrx_word' id='word_1_166' title='bbox 3191 804 3276 859; x_wconf 90' lang='lat' dir='ltr'><strong>cui</strong></span> <span class='ocrx_word' id='word_1_167' title='bbox 3326 802 3586 873; x_wconf 84' lang='lat' dir='ltr'><strong>aperitur,</strong></span> <span class='ocrx_word' id='word_1_168' title='bbox 3619 802 3827 860; x_wconf 68' lang='lat' dir='ltr'><strong>bonit..te</strong></span> 
     </span>
    </p>
   </div>
   <div class='ocr_carea' id='block_1_23' title="bbox 2278 893 3826 966">
    <p class='ocr_par' dir='ltr' id='par_1_23' title="bbox 2278 893 3826 966">
     <span class='ocr_line' id='line_1_23' title="bbox 2278 893 3826 966; baseline 0.004 -18"><span class='ocrx_word' id='word_1_169' title='bbox 2278 893 2549 964; x_wconf 86' lang='lat' dir='ltr'><strong>impletur.</strong></span> <span class='ocrx_word' id='word_1_170' title='bbox 2584 894 2758 966; x_wconf 90' lang='lat' dir='ltr'><strong>thue</strong></span> <span class='ocrx_word' id='word_1_171' title='bbox 2791 898 2927 951; x_wconf 89' lang='lat' dir='ltr'><strong>hanc</strong></span> <span class='ocrx_word' id='word_1_172' title='bbox 2960 898 3253 951; x_wconf 89' lang='lat' dir='ltr'><strong>bonitatem</strong></span> <span class='ocrx_word' id='word_1_173' title='bbox 3307 895 3537 964; x_wconf 80' lang='lat' dir='ltr'><strong>desuper</strong></span> <span class='ocrx_word' id='word_1_174' title='bbox 3584 898 3826 964; x_wconf 73' lang='lat' dir='ltr'><strong>accepisse</strong></span> 
     </span>
    </p>
   </div>
   <div class='ocr_carea' id='block_1_24' title="bbox 2274 988 3826 1060">
    <p class='ocr_par' dir='ltr' id='par_1_24' title="bbox 2274 988 3826 1060">
     <span class='ocr_line' id='line_1_24' title="bbox 2274 988 3826 1060; baseline 0.002 -18"><span class='ocrx_word' id='word_1_175' title='bbox 2274 1000 2337 1042; x_wconf 80' lang='lat' dir='ltr'><strong>se</strong></span> <span class='ocrx_word' id='word_1_176' title='bbox 2381 988 2613 1056; x_wconf 81' lang='lat' dir='ltr'><strong>noverit,</strong></span> <span class='ocrx_word' id='word_1_177' title='bbox 2669 1005 3068 1060; x_wconf 91' lang='lat' dir='ltr'><strong>nonnumquam</strong></span> <span class='ocrx_word' id='word_1_178' title='bbox 3123 990 3378 1043; x_wconf 78' lang='lat' dir='ltr'><strong>Dominus</strong></span> <span class='ocrx_word' id='word_1_179' title='bbox 3426 992 3620 1043; x_wconf 82' lang='lat' dir='ltr'><strong>avertit</strong></span> <span class='ocrx_word' id='word_1_180' title='bbox 3664 990 3826 1045; x_wconf 77' lang='lat' dir='ltr'><strong>[aciem</strong></span> 
     </span>
    </p>
   </div>
   <div class='ocr_carea' id='block_1_25' title="bbox 2275 1079 3824 1150">
    <p class='ocr_par' dir='ltr' id='par_1_25' title="bbox 2275 1079 3824 1150">
     <span class='ocr_line' id='line_1_25' title="bbox 2275 1079 3824 1150; baseline -0.004 -15"><span class='ocrx_word' id='word_1_181' title='bbox 2275 1093 2428 1135; x_wconf 86' lang='lat' dir='ltr'><strong>suam</strong></span> <span class='ocrx_word' id='word_1_182' title='bbox 2457 1096 2470 1133; x_wconf 83' lang='lat'>;</span> <span class='ocrx_word' id='word_1_183' title='bbox 2499 1090 2552 1135; x_wconf 91' lang='lat' dir='ltr'><strong>et</strong></span> <span class='ocrx_word' id='word_1_184' title='bbox 2581 1082 2671 1148; x_wconf 88' lang='lat' dir='ltr'><strong>qui</strong></span> <span class='ocrx_word' id='word_1_185' title='bbox 2712 1081 2992 1135; x_wconf 85' lang='lat' dir='ltr'><strong>videbatur</strong></span> <span class='ocrx_word' id='word_1_186' title='bbox 3033 1080 3223 1150; x_wconf 86' lang='lat' dir='ltr'><strong>plenus</strong></span> <span class='ocrx_word' id='word_1_187' title='bbox 3270 1079 3532 1144; x_wconf 82' lang='lat' dir='ltr'><strong><em>bonitate,</em></strong></span> <span class='ocrx_word' id='word_1_188' title='bbox 3579 1079 3824 1145; x_wconf 79' lang='lat' dir='ltr'><strong>turbatur;</strong></span> 
     </span>
    </p>
   </div>
   <div class='ocr_carea' id='block_1_26' title="bbox 2276 1173 3827 1247">
    <p class='ocr_par' dir='ltr' id='par_1_26' title="bbox 2276 1173 3827 1247">
     <span class='ocr_line' id='line_1_26' title="bbox 2276 1173 3827 1247; baseline 0.001 -19"><span class='ocrx_word' id='word_1_189' title='bbox 2276 1180 2338 1228; x_wconf 86' lang='lat' dir='ltr'><strong>ut</strong></span> <span class='ocrx_word' id='word_1_190' title='bbox 2367 1188 2463 1244; x_wconf 91' lang='lat' dir='ltr'><strong>per</strong></span> <span class='ocrx_word' id='word_1_191' title='bbox 2505 1173 2737 1229; x_wconf 80' lang='lat' dir='ltr'><strong>subitam</strong></span> <span class='ocrx_word' id='word_1_192' title='bbox 2766 1175 2926 1247; x_wconf 63' lang='grc' dir='ltr'><strong>εει</strong></span> <span class='ocrx_word' id='word_1_193' title='bbox 2959 1174 3194 1243; x_wconf 86' lang='lat' dir='ltr'><strong>inopiam</strong></span> <span class='ocrx_word' id='word_1_194' title='bbox 3241 1174 3523 1245; x_wconf 87' lang='lat' dir='ltr'><strong>intelligat,</strong></span> <span class='ocrx_word' id='word_1_195' title='bbox 3556 1174 3693 1228; x_wconf 85' lang='lat' dir='ltr'><strong>illam</strong></span> <span class='ocrx_word' id='word_1_196' title='bbox 3725 1175 3827 1230; x_wconf 87' lang='lat' dir='ltr'><strong>boni</strong></span> 
     </span>
    </p>
   </div>
   <div class='ocr_carea' id='block_1_27' title="bbox 2276 1266 3830 1338">
    <p class='ocr_par' dir='ltr' id='par_1_27' title="bbox 2276 1266 3830 1338">
     <span class='ocr_line' id='line_1_27' title="bbox 2276 1266 3830 1338; baseline 0 -17"><span class='ocrx_word' id='word_1_197' title='bbox 2276 1266 2663 1324; x_wconf 79' lang='lat' dir='ltr'><strong>abundantiam</strong></span> <span class='ocrx_word' id='word_1_198' title='bbox 2693 1284 2798 1324; x_wconf 92' lang='lat' dir='ltr'><strong>nou</strong></span> <span class='ocrx_word' id='word_1_199' title='bbox 2826 1270 2926 1324; x_wconf 85' lang='lat' dir='ltr'><strong>sibi</strong></span> <span class='ocrx_word' id='word_1_200' title='bbox 2958 1270 3123 1324; x_wconf 78' lang='lat' dir='ltr'><strong>fuisse</strong></span> <span class='ocrx_word' id='word_1_201' title='bbox 3151 1268 3220 1323; x_wconf 92' lang='lat' dir='ltr'><strong>de</strong></span> <span class='ocrx_word' id='word_1_202' title='bbox 3248 1267 3483 1338; x_wconf 88' lang='lat' dir='ltr'><strong>proprio.</strong></span> <span class='ocrx_word' id='word_1_203' title='bbox 3514 1267 3718 1337; x_wconf 73' lang='lat' dir='ltr'><strong>Auferes</strong></span> <span class='ocrx_word' id='word_1_204' title='bbox 3743 1269 3830 1338; x_wconf 82' lang='lat' dir='ltr'><strong>spi-</strong></span> 
     </span>
    </p>
   </div>
   <div class='ocr_carea' id='block_1_28' title="bbox 2274 1361 3830 1433">
    <p class='ocr_par' dir='ltr' id='par_1_28' title="bbox 2274 1361 3830 1433">
     <span class='ocr_line' id='line_1_28' title="bbox 2274 1361 3830 1433; baseline 0 -19"><span class='ocrx_word' id='word_1_205' title='bbox 2274 1363 2407 1416; x_wconf 85' lang='lat' dir='ltr'><strong>ritus</strong></span> <span class='ocrx_word' id='word_1_206' title='bbox 2434 1379 2632 1433; x_wconf 88' lang='lat' dir='ltr'><strong>eorum,</strong></span> <span class='ocrx_word' id='word_1_207' title='bbox 2662 1373 2710 1418; x_wconf 89' lang='lat' dir='ltr'><strong><em>et</em></strong></span> <span class='ocrx_word' id='word_1_208' title='bbox 2745 1363 3014 1433; x_wconf 78' lang='lat' dir='ltr'><strong>deﬁcient;</strong></span> <span class='ocrx_word' id='word_1_209' title='bbox 3043 1372 3091 1417; x_wconf 88' lang='lat' dir='ltr'><strong>et</strong></span> <span class='ocrx_word' id='word_1_210' title='bbox 3120 1362 3173 1417; x_wconf 88' lang='lat' dir='ltr'><strong>in</strong></span> <span class='ocrx_word' id='word_1_211' title='bbox 3202 1361 3465 1433; x_wconf 83' lang='lat' dir='ltr'><strong>pulverem</strong></span> <span class='ocrx_word' id='word_1_212' title='bbox 3508 1377 3656 1417; x_wconf 81' lang='lat' dir='ltr'><strong>suum</strong></span> <span class='ocrx_word' id='word_1_213' title='bbox 3690 1377 3830 1416; x_wconf 79' lang='lat' dir='ltr'><strong>rever-</strong></span> 
     </span>
    </p>
   </div>
   <div class='ocr_carea' id='block_1_29' title="bbox 2276 1465 2467 1514">
    <p class='ocr_par' dir='ltr' id='par_1_29' title="bbox 2276 1465 2467 1514">
     <span class='ocr_line' id='line_1_29' title="bbox 2276 1465 2467 1514; baseline 0.021 -5"><span class='ocrx_word' id='word_1_214' title='bbox 2276 1465 2467 1514; x_wconf 90' lang='lat' dir='ltr'><strong>tentur.</strong></span> 
     </span>
    </p>
   </div>
   <div class='ocr_carea' id='block_1_30' title="bbox 2346 1547 3829 1620">
    <p class='ocr_par' dir='ltr' id='par_1_30' title="bbox 2346 1547 3829 1620">
     <span class='ocr_line' id='line_1_30' title="bbox 2346 1547 3829 1620; baseline -0.001 -19"><span class='ocrx_word' id='word_1_215' title='bbox 2346 1549 2447 1616; x_wconf 73' lang='lat' dir='ltr'><strong>Qui</strong></span> <span class='ocrx_word' id='word_1_216' title='bbox 2488 1550 2543 1605; x_wconf 91' lang='lat' dir='ltr'><strong>in</strong></span> <span class='ocrx_word' id='word_1_217' title='bbox 2592 1565 2653 1606; x_wconf 90' lang='lat' dir='ltr'><strong>se</strong></span> <span class='ocrx_word' id='word_1_218' title='bbox 2701 1549 3096 1620; x_wconf 86' lang='lat' dir='ltr'><strong>gloriabantur,</strong></span> <span class='ocrx_word' id='word_1_219' title='bbox 3139 1548 3403 1604; x_wconf 86' lang='lat' dir='ltr'><strong>docentur</strong></span> <span class='ocrx_word' id='word_1_220' title='bbox 3447 1547 3829 1603; x_wconf 83' lang='lat' dir='ltr'><strong>detumescere:</strong></span> 
     </span>
    </p>
   </div>
   <div class='ocr_carea' id='block_1_31' title="bbox 2274 1643 3829 1714">
    <p class='ocr_par' dir='ltr' id='par_1_31' title="bbox 2274 1643 3829 1714">
     <span class='ocr_line' id='line_1_31' title="bbox 2274 1643 3829 1714; baseline -0.003 -17"><span class='ocrx_word' id='word_1_221' title='bbox 2274 1643 2519 1699; x_wconf 81' lang='lat' dir='ltr'><strong>aufertur</strong></span> <span class='ocrx_word' id='word_1_222' title='bbox 2564 1646 2633 1699; x_wconf 92' lang='lat' dir='ltr'><strong>ab</strong></span> <span class='ocrx_word' id='word_1_223' title='bbox 2673 1645 2753 1699; x_wconf 85' lang='lat' dir='ltr'><strong>eis</strong></span> <span class='ocrx_word' id='word_1_224' title='bbox 2790 1646 3010 1714; x_wconf 79' lang='lat' dir='ltr'><strong>spiritus</strong></span> <span class='ocrx_word' id='word_1_225' title='bbox 3054 1643 3341 1713; x_wconf 75' lang='lat' dir='ltr'><strong>superbiae,</strong></span> <span class='ocrx_word' id='word_1_226' title='bbox 3375 1650 3435 1697; x_wconf 92' lang='lat' dir='ltr'><strong>ut</strong></span> <span class='ocrx_word' id='word_1_227' title='bbox 3473 1650 3829 1697; x_wconf 62' lang='lat' dir='ltr'><strong>convatautur</strong></span> 
     </span>
    </p>
   </div>
   <div class='ocr_carea' id='block_1_32' title="bbox 2274 1734 3833 1806">
    <p class='ocr_par' dir='ltr' id='par_1_32' title="bbox 2274 1734 3833 1806">
     <span class='ocr_line' id='line_1_32' title="bbox 2274 1734 3833 1806; baseline -0.002 -16"><span class='ocrx_word' id='word_1_228' title='bbox 2274 1734 2333 1790; x_wconf 90' lang='lat' dir='ltr'><strong>in</strong></span> <span class='ocrx_word' id='word_1_229' title='bbox 2373 1747 2651 1805; x_wconf 76' lang='lat' dir='ltr'><strong>pulverem</strong></span> <span class='ocrx_word' id='word_1_230' title='bbox 2679 1752 2857 1802; x_wconf 91' lang='lat' dir='ltr'><strong>suum,</strong></span> <span class='ocrx_word' id='word_1_231' title='bbox 2904 1747 3261 1806; x_wconf 75' lang='lat' dir='ltr'><strong>agnoscentes</strong></span> <span class='ocrx_word' id='word_1_232' title='bbox 3288 1738 3428 1805; x_wconf 90' lang='lat' dir='ltr'><strong>quod</strong></span> <span class='ocrx_word' id='word_1_233' title='bbox 3460 1744 3623 1790; x_wconf 67' lang='lat' dir='ltr'><strong>terra:</strong></span> <span class='ocrx_word' id='word_1_234' title='bbox 3649 1734 3765 1799; x_wconf 87' lang='lat' dir='ltr'><strong>sint,</strong></span> <span class='ocrx_word' id='word_1_235' title='bbox 3792 1744 3833 1787; x_wconf 88' lang='lat' dir='ltr'><strong>et</strong></span> 
     </span>
    </p>
   </div>
   <div class='ocr_carea' id='block_1_33' title="bbox 580 1820 3833 1900">
    <p class='ocr_par' dir='ltr' id='par_1_33' title="bbox 580 1820 3833 1900">
     <span class='ocr_line' id='line_1_33' title="bbox 580 1820 3833 1900; baseline 0.002 -27"><span class='ocrx_word' id='word_1_236' title='bbox 580 1820 703 1873; x_wconf 89' lang='lat' dir='ltr'><strong>novi</strong></span> <span class='ocrx_word' id='word_1_237' title='bbox 732 1821 936 1881; x_wconf 75' lang='lat' dir='ltr'><strong>s:cru&#39;i.</strong></span> <span class='ocrx_word' id='word_1_238' title='bbox 971 1823 1151 1878; x_wconf 86' lang='lat' dir='ltr'><strong>relicta</strong></span> <span class='ocrx_word' id='word_1_239' title='bbox 1204 1826 1471 1891; x_wconf 65' lang='lat' dir='ltr'><strong>prmterita</strong></span> <span class='ocrx_word' id='word_1_240' title='bbox 1506 1826 1760 1894; x_wconf 77' lang='lat' dir='ltr'><strong>vanitate,</strong></span> <span class='ocrx_word' id='word_1_241' title='bbox 1806 1830 2166 1887; x_wconf 78' lang='lat' dir='ltr'><strong>currentibus.</strong></span> <span class='ocrx_word' id='word_1_242' title='bbox 2200 1831 2245 1893; x_wconf 86' lang='grc' dir='ltr'><strong><em>Β</em></strong></span> <span class='ocrx_word' id='word_1_243' title='bbox 2278 1829 2595 1897; x_wconf 68' lang='grc' dir='ltr'>ιιωιιίιειιιεδ</span> <span class='ocrx_word' id='word_1_244' title='bbox 2625 1828 2767 1900; x_wconf 90' lang='lat' dir='ltr'><strong>quod</strong></span> <span class='ocrx_word' id='word_1_245' title='bbox 2797 1827 3180 1898; x_wconf 88' lang='lat' dir='ltr'><strong>superbieriut,</strong></span> <span class='ocrx_word' id='word_1_246' title='bbox 3210 1838 3268 1882; x_wconf 89' lang='lat' dir='ltr'><strong>ut</strong></span> <span class='ocrx_word' id='word_1_247' title='bbox 3293 1842 3478 1882; x_wconf 82' lang='lat' dir='ltr'><strong>rursus</strong></span> <span class='ocrx_word' id='word_1_248' title='bbox 3502 1824 3739 1882; x_wconf 88' lang='lat' dir='ltr'><strong>bonitate</strong></span> <span class='ocrx_word' id='word_1_249' title='bbox 3765 1838 3833 1880; x_wconf 55' lang='lat' dir='ltr'><strong>re:</strong></span> 
     </span>
    </p>
   </div>
   <div class='ocr_carea' id='block_1_34' title="bbox 647 1912 2173 1994">
    <p class='ocr_par' dir='ltr' id='par_1_34' title="bbox 647 1912 2173 1994">
     <span class='ocr_line' id='line_1_34' title="bbox 647 1912 2173 1994; baseline 0.012 -32"><span class='ocrx_word' id='word_1_250' title='bbox 647 1912 811 1985; x_wconf 79' lang='lat'><strong>390</strong></span> <span class='ocrx_word' id='word_1_251' title='bbox 859 1915 1041 1983; x_wconf 79' lang='lat' dir='ltr'><strong>(\‘ers.</strong></span> <span class='ocrx_word' id='word_1_252' title='bbox 1069 1916 1164 1981; x_wconf 71' lang='lat'><strong>25,</strong></span> <span class='ocrx_word' id='word_1_253' title='bbox 1193 1916 1311 1989; x_wconf 70' lang='lat'><strong>26.)</strong></span> <span class='ocrx_word' id='word_1_254' title='bbox 1346 1918 1461 1972; x_wconf 84' lang='lat' dir='ltr'><strong>Hoc</strong></span> <span class='ocrx_word' id='word_1_255' title='bbox 1494 1935 1636 1974; x_wconf 86' lang='lat' dir='ltr'><strong>mare</strong></span> <span class='ocrx_word' id='word_1_256' title='bbox 1665 1937 1931 1994; x_wconf 86' lang='lat' dir='ltr'><strong>magnum,</strong></span> <span class='ocrx_word' id='word_1_257' title='bbox 1977 1934 2025 1977; x_wconf 86' lang='lat' dir='ltr'><strong>et</strong></span> <span class='ocrx_word' id='word_1_258' title='bbox 2052 1942 2173 1993; x_wconf 80' lang='lat' dir='ltr'><strong>spa-</strong></span> 
     </span>
    </p>
   </div>
   <div class='ocr_carea' id='block_1_35' title="bbox 584 2007 2172 2078">
    <p class='ocr_par' dir='ltr' id='par_1_35' title="bbox 584 2007 2172 2078">
     <span class='ocr_line' id='line_1_35' title="bbox 584 2007 2172 2078; baseline 0.011 -21"><span class='ocrx_word' id='word_1_259' title='bbox 584 2007 808 2070; x_wconf 69' lang='lat' dir='ltr'><strong>tionem;</strong></span> <span class='ocrx_word' id='word_1_260' title='bbox 839 2008 948 2060; x_wconf 88' lang='lat' dir='ltr'><strong>illic</strong></span> <span class='ocrx_word' id='word_1_261' title='bbox 977 2010 1227 2073; x_wconf 80' lang='lat' dir='ltr'><strong>repentia,</strong></span> <span class='ocrx_word' id='word_1_262' title='bbox 1256 2026 1474 2078; x_wconf 82' lang='lat' dir='ltr'><strong>quorum</strong></span> <span class='ocrx_word' id='word_1_263' title='bbox 1502 2030 1605 2067; x_wconf 84' lang='lat' dir='ltr'><strong>non</strong></span> <span class='ocrx_word' id='word_1_264' title='bbox 1632 2026 1703 2069; x_wconf 83' lang='lat' dir='ltr'><strong>est</strong></span> <span class='ocrx_word' id='word_1_265' title='bbox 1733 2033 1993 2071; x_wconf 85' lang='lat' dir='ltr'><strong>numerus.</strong></span> <span class='ocrx_word' id='word_1_266' title='bbox 2022 2018 2172 2074; x_wconf 79' lang='lat' dir='ltr'><strong>Licet</strong></span> 
     </span>
    </p>
   </div>
   <div class='ocr_carea' id='block_1_36' title="bbox 575 2098 2170 2174">
    <p class='ocr_par' dir='ltr' id='par_1_36' title="bbox 575 2098 2170 2174">
     <span class='ocr_line' id='line_1_36' title="bbox 575 2098 2170 2174; baseline 0.011 -25"><span class='ocrx_word' id='word_1_267' title='bbox 575 2098 642 2149; x_wconf 84' lang='lat' dir='ltr'><strong>ad</strong></span> <span class='ocrx_word' id='word_1_268' title='bbox 678 2112 871 2150; x_wconf 83' lang='lat' dir='ltr'><strong>novom</strong></span> <span class='ocrx_word' id='word_1_269' title='bbox 904 2099 1161 2154; x_wconf 70' lang='lat' dir='ltr'><strong>sti-Culum</strong></span> <span class='ocrx_word' id='word_1_270' title='bbox 1193 2117 1331 2155; x_wconf 82' lang='lat' dir='ltr'><strong>nova</strong></span> <span class='ocrx_word' id='word_1_271' title='bbox 1360 2113 1609 2159; x_wconf 80' lang='lat' dir='ltr'><strong>creatura</strong></span> <span class='ocrx_word' id='word_1_272' title='bbox 1655 2112 1939 2174; x_wconf 73' lang='lat' dir='ltr'><strong>pertineat,</strong></span> <span class='ocrx_word' id='word_1_273' title='bbox 1973 2109 2025 2163; x_wconf 89' lang='lat' dir='ltr'><strong>itt</strong></span> <span class='ocrx_word' id='word_1_274' title='bbox 2068 2108 2170 2166; x_wconf 82' lang='lat' dir='ltr'><strong>hac</strong></span> 
     </span>
    </p>
   </div>
   <div class='ocr_carea' id='block_1_37' title="bbox 574 2191 2167 2269">
    <p class='ocr_par' dir='ltr' id='par_1_37' title="bbox 574 2191 2167 2269">
     <span class='ocr_line' id='line_1_37' title="bbox 574 2191 2167 2269; baseline 0.011 -29"><span class='ocrx_word' id='word_1_275' title='bbox 574 2196 750 2243; x_wconf 78' lang='lat' dir='ltr'><strong>tamen</strong></span> <span class='ocrx_word' id='word_1_276' title='bbox 786 2202 890 2243; x_wconf 86' lang='lat' dir='ltr'><strong>vita</strong></span> <span class='ocrx_word' id='word_1_277' title='bbox 926 2191 1320 2260; x_wconf 67' lang='lat' dir='ltr'><strong>peregiiiiatur,</strong></span> <span class='ocrx_word' id='word_1_278' title='bbox 1366 2209 1418 2250; x_wconf 88' lang='lat' dir='ltr'><strong>et</strong></span> <span class='ocrx_word' id='word_1_279' title='bbox 1460 2213 1565 2251; x_wconf 88' lang='lat' dir='ltr'><strong>non</strong></span> <span class='ocrx_word' id='word_1_280' title='bbox 1616 2210 1791 2266; x_wconf 69' lang='lat' dir='ltr'><strong>)20test</strong></span> <span class='ocrx_word' id='word_1_281' title='bbox 1828 2200 1897 2255; x_wconf 87' lang='lat' dir='ltr'><strong>ad</strong></span> <span class='ocrx_word' id='word_1_282' title='bbox 1943 2202 2167 2269; x_wconf 87' lang='lat' dir='ltr'><strong>patriam</strong></span> 
     </span>
    </p>
   </div>
   <div class='ocr_carea' id='block_1_38' title="bbox 573 2284 2169 2361">
    <p class='ocr_par' dir='ltr' id='par_1_38' title="bbox 573 2284 2169 2361">
     <span class='ocr_line' id='line_1_38' title="bbox 573 2284 2169 2361; baseline 0.009 -25"><span class='ocrx_word' id='word_1_283' title='bbox 573 2295 758 2343; x_wconf 72' lang='lat' dir='ltr'><strong>Suam.</strong></span> <span class='ocrx_word' id='word_1_284' title='bbox 791 2284 888 2337; x_wconf 80' lang='lat' dir='ltr'><strong>nisi</strong></span> <span class='ocrx_word' id='word_1_285' title='bbox 921 2300 1015 2350; x_wconf 85' lang='lat' dir='ltr'><strong>per</strong></span> <span class='ocrx_word' id='word_1_286' title='bbox 1039 2290 1139 2341; x_wconf 88' lang='lat' dir='ltr'><strong>ltoc</strong></span> <span class='ocrx_word' id='word_1_287' title='bbox 1171 2303 1421 2357; x_wconf 86' lang='lat' dir='ltr'><strong>magnum</strong></span> <span class='ocrx_word' id='word_1_288' title='bbox 1452 2301 1505 2344; x_wconf 91' lang='lat' dir='ltr'><strong>et</strong></span> <span class='ocrx_word' id='word_1_289' title='bbox 1530 2289 1829 2361; x_wconf 88' lang='lat' dir='ltr'><strong>inquietum</strong></span> <span class='ocrx_word' id='word_1_290' title='bbox 1860 2310 2007 2349; x_wconf 86' lang='lat' dir='ltr'><strong>mare</strong></span> <span class='ocrx_word' id='word_1_291' title='bbox 2028 2296 2169 2352; x_wconf 87' lang='lat' dir='ltr'><strong>inter</strong></span> 
     </span>
    </p>
   </div>
   <div class='ocr_carea' id='block_1_39' title="bbox 575 2376 2169 2444">
    <p class='ocr_par' dir='ltr' id='par_1_39' title="bbox 575 2376 2169 2444">
     <span class='ocr_line' id='line_1_39' title="bbox 575 2376 2169 2444; baseline 0.011 -17"><span class='ocrx_word' id='word_1_292' title='bbox 575 2376 812 2443; x_wconf 77' lang='lat' dir='ltr'><strong>pericula</strong></span> <span class='ocrx_word' id='word_1_293' title='bbox 858 2378 1109 2444; x_wconf 65' lang='lat' dir='ltr'><strong>navigare</strong></span> <span class='ocrx_word' id='word_1_294' title='bbox 1156 2396 1169 2433; x_wconf 91' lang='lat'><strong>:</strong></span> <span class='ocrx_word' id='word_1_295' title='bbox 1222 2380 1513 2438; x_wconf 87' lang='lat' dir='ltr'><strong>insidiante</strong></span> <span class='ocrx_word' id='word_1_296' title='bbox 1563 2384 2036 2442; x_wconf 79' lang='lat' dir='ltr'><strong>innumerabilium</strong></span> <span class='ocrx_word' id='word_1_297' title='bbox 2082 2404 2169 2444; x_wconf 80' lang='lat' dir='ltr'><strong>re—</strong></span> 
     </span>
    </p>
   </div>
   <div class='ocr_carea' id='block_1_40' title="bbox 573 2469 2163 2538">
    <p class='ocr_par' dir='ltr' id='par_1_40' title="bbox 573 2469 2163 2538">
     <span class='ocr_line' id='line_1_40' title="bbox 573 2469 2163 2538; baseline 0.011 -19"><span class='ocrx_word' id='word_1_298' title='bbox 573 2469 976 2536; x_wconf 86' lang='lat' dir='ltr'><strong>pentiumdolo,</strong></span> <span class='ocrx_word' id='word_1_299' title='bbox 994 2471 1095 2526; x_wconf 82' lang='lat' dir='ltr'><strong>hoc</strong></span> <span class='ocrx_word' id='word_1_300' title='bbox 1117 2484 1194 2527; x_wconf 70' lang='lat' dir='ltr'><strong>cst</strong></span> <span class='ocrx_word' id='word_1_301' title='bbox 1221 2477 1402 2527; x_wconf 87' lang='lat' dir='ltr'><strong>multat</strong></span> <span class='ocrx_word' id='word_1_302' title='bbox 1419 2490 1506 2530; x_wconf 91' lang='lat' dir='ltr'><strong>ttm</strong></span> <span class='ocrx_word' id='word_1_303' title='bbox 1531 2478 1883 2533; x_wconf 83' lang='lat' dir='ltr'><strong>tentationum</strong></span> <span class='ocrx_word' id='word_1_304' title='bbox 1909 2478 2163 2538; x_wconf 65' lang='lat' dir='ltr'><strong>incursu:</strong></span> 
     </span>
    </p>
   </div>
   <div class='ocr_carea' id='block_1_41' title="bbox 570 2564 2162 2645">
    <p class='ocr_par' dir='ltr' id='par_1_41' title="bbox 570 2564 2162 2645">
     <span class='ocr_line' id='line_1_41' title="bbox 570 2564 2162 2645; baseline 0.009 -30"><span class='ocrx_word' id='word_1_305' title='bbox 570 2574 600 2613; x_wconf 88' lang='lat' dir='ltr'><strong>a</strong></span> <span class='ocrx_word' id='word_1_306' title='bbox 630 2564 821 2630; x_wconf 80' lang='lat' dir='ltr'><strong>qudius</strong></span> <span class='ocrx_word' id='word_1_307' title='bbox 852 2565 1155 2619; x_wconf 72' lang='lat' dir='ltr'><strong>emendum</strong></span> <span class='ocrx_word' id='word_1_308' title='bbox 1186 2575 1288 2627; x_wconf 83' lang='lat' dir='ltr'><strong>est,</strong></span> <span class='ocrx_word' id='word_1_309' title='bbox 1324 2584 1392 2621; x_wconf 80' lang='lat' dir='ltr'><strong>ne</strong></span> <span class='ocrx_word' id='word_1_310' title='bbox 1418 2572 1543 2622; x_wconf 88' lang='lat' dir='ltr'><strong>dum</strong></span> <span class='ocrx_word' id='word_1_311' title='bbox 1576 2582 1793 2640; x_wconf 77' lang='lat' dir='ltr'><strong>repunt,</strong></span> <span class='ocrx_word' id='word_1_312' title='bbox 1838 2574 2162 2645; x_wconf 77' lang='lat' dir='ltr'><strong>Sttiirepattt;</strong></span> 
     </span>
    </p>
   </div>
   <div class='ocr_carea' id='block_1_42' title="bbox 569 2659 2164 2735">
    <p class='ocr_par' dir='ltr' id='par_1_42' title="bbox 569 2659 2164 2735">
     <span class='ocr_line' id='line_1_42' title="bbox 569 2659 2164 2735; baseline 0.009 -26"><span class='ocrx_word' id='word_1_313' title='bbox 569 2666 621 2709; x_wconf 87' lang='lat' dir='ltr'><strong>et</strong></span> <span class='ocrx_word' id='word_1_314' title='bbox 655 2672 760 2710; x_wconf 89' lang='lat' dir='ltr'><strong>non</strong></span> <span class='ocrx_word' id='word_1_315' title='bbox 794 2659 1153 2713; x_wconf 85' lang='lat' dir='ltr'><strong>recedendum</strong></span> <span class='ocrx_word' id='word_1_316' title='bbox 1192 2679 1220 2714; x_wconf 87' lang='lat' dir='ltr'><strong>a</strong></span> <span class='ocrx_word' id='word_1_317' title='bbox 1256 2663 1400 2731; x_wconf 73' lang='lat' dir='ltr'><strong>ligno</strong></span> <span class='ocrx_word' id='word_1_318' title='bbox 1431 2665 1632 2728; x_wconf 87' lang='lat' dir='ltr'><strong>crocis,</strong></span> <span class='ocrx_word' id='word_1_319' title='bbox 1687 2667 1736 2717; x_wconf 92' lang='lat' dir='ltr'><strong>in</strong></span> <span class='ocrx_word' id='word_1_320' title='bbox 1768 2682 1877 2735; x_wconf 84' lang='lat' dir='ltr'><strong>quo</strong></span> <span class='ocrx_word' id='word_1_321' title='bbox 1916 2666 2018 2721; x_wconf 86' lang='lat' dir='ltr'><strong>hoc</strong></span> <span class='ocrx_word' id='word_1_322' title='bbox 2058 2682 2164 2723; x_wconf 77' lang='lat' dir='ltr'><strong>sae-</strong></span> 
     </span>
    </p>
   </div>
   <div class='ocr_carea' id='block_1_43' title="bbox 571 2751 2157 2823">
    <p class='ocr_par' dir='ltr' id='par_1_43' title="bbox 571 2751 2157 2823">
     <span class='ocr_line' id='line_1_43' title="bbox 571 2751 2157 2823; baseline 0.01 -25"><span class='ocrx_word' id='word_1_323' title='bbox 571 2761 694 2800; x_wconf 89' lang='lat' dir='ltr'><strong>vum</strong></span> <span class='ocrx_word' id='word_1_324' title='bbox 728 2765 876 2803; x_wconf 83' lang='lat' dir='ltr'><strong>mare</strong></span> <span class='ocrx_word' id='word_1_325' title='bbox 905 2754 1004 2803; x_wconf 82' lang='lat' dir='ltr'><strong>sub</strong></span> <span class='ocrx_word' id='word_1_326' title='bbox 1036 2751 1236 2807; x_wconf 81' lang='lat' dir='ltr'><strong>Citriin</strong></span> <span class='ocrx_word' id='word_1_327' title='bbox 1264 2755 1644 2823; x_wconf 73' lang='lat' dir='ltr'><strong>gubernaculis</strong></span> <span class='ocrx_word' id='word_1_328' title='bbox 1673 2766 1997 2813; x_wconf 80' lang='lat' dir='ltr'><strong>transeatur.</strong></span> <span class='ocrx_word' id='word_1_329' title='bbox 2031 2760 2157 2814; x_wconf 69' lang='lat' dir='ltr'><strong>Anio</strong></span> 
     </span>
    </p>
   </div>
   <div class='ocr_carea' id='block_1_44' title="bbox 570 2842 2161 2918">
    <p class='ocr_par' dir='ltr' id='par_1_44' title="bbox 570 2842 2161 2918">
     <span class='ocr_line' id='line_1_44' title="bbox 570 2842 2161 2918; baseline 0.011 -27"><span class='ocrx_word' id='word_1_330' title='bbox 570 2842 730 2892; x_wconf 81' lang='lat' dir='ltr'><strong>utalia</strong></span> <span class='ocrx_word' id='word_1_331' title='bbox 759 2844 953 2912; x_wconf 87' lang='lat' dir='ltr'><strong>pusilla</strong></span> <span class='ocrx_word' id='word_1_332' title='bbox 991 2856 1039 2896; x_wconf 87' lang='lat' dir='ltr'><strong>et</strong></span> <span class='ocrx_word' id='word_1_333' title='bbox 1073 2862 1297 2918; x_wconf 83' lang='lat' dir='ltr'><strong>magna;</strong></span> <span class='ocrx_word' id='word_1_334' title='bbox 1342 2849 1450 2901; x_wconf 86' lang='lat' dir='ltr'><strong>illic</strong></span> <span class='ocrx_word' id='word_1_335' title='bbox 1499 2866 1649 2903; x_wconf 82' lang='lat' dir='ltr'><strong>nares</strong></span> <span class='ocrx_word' id='word_1_336' title='bbox 1681 2851 2056 2907; x_wconf 80' lang='lat' dir='ltr'><strong>rommeubmt.</strong></span> <span class='ocrx_word' id='word_1_337' title='bbox 2104 2852 2161 2908; x_wconf 81' lang='lat' dir='ltr'><strong>in</strong></span> 
     </span>
    </p>
   </div>
   <div class='ocr_carea' id='block_1_45' title="bbox 570 2928 2164 3012">
    <p class='ocr_par' dir='ltr' id='par_1_45' title="bbox 570 2928 2164 3012">
     <span class='ocr_line' id='line_1_45' title="bbox 570 2928 2164 3012; baseline 0.012 -29"><span class='ocrx_word' id='word_1_338' title='bbox 570 2928 617 2983; x_wconf 85' lang='lat' dir='ltr'><strong>lt-</strong></span> <span class='ocrx_word' id='word_1_339' title='bbox 643 2944 675 2985; x_wconf 89' lang='lat' dir='ltr'><strong>c</strong></span> <span class='ocrx_word' id='word_1_340' title='bbox 703 2932 835 2986; x_wconf 72' lang='lat' dir='ltr'><strong>litati</strong></span> <span class='ocrx_word' id='word_1_341' title='bbox 874 2942 1000 2988; x_wconf 89' lang='lat' dir='ltr'><strong>sunt</strong></span> <span class='ocrx_word' id='word_1_342' title='bbox 1028 2937 1309 3003; x_wconf 69' lang='grc' dir='ltr'>ἱιιΙιιιαιιεες</span> <span class='ocrx_word' id='word_1_343' title='bbox 1342 2955 1391 2993; x_wconf 81' lang='lat' dir='ltr'><strong>et</strong></span> <span class='ocrx_word' id='word_1_344' title='bbox 1430 2943 1568 2995; x_wconf 88' lang='lat' dir='ltr'><strong>inter</strong></span> <span class='ocrx_word' id='word_1_345' title='bbox 1606 2959 1771 3012; x_wconf 82' lang='lat' dir='ltr'><strong>aquas</strong></span> <span class='ocrx_word' id='word_1_346' title='bbox 1800 2960 2013 2999; x_wconf 87' lang='lat' dir='ltr'><strong>amaras</strong></span> <span class='ocrx_word' id='word_1_347' title='bbox 2054 2958 2164 3002; x_wconf 86' lang='lat' dir='ltr'><strong>ste-</strong></span> 
     </span>
    </p>
   </div>
   <div class='ocr_carea' id='block_1_46' title="bbox 572 3022 2157 3107">
    <p class='ocr_par' dir='ltr' id='par_1_46' title="bbox 572 3022 2157 3107">
     <span class='ocr_line' id='line_1_46' title="bbox 572 3022 2157 3107; baseline 0.01 -31"><span class='ocrx_word' id='word_1_348' title='bbox 572 3022 808 3091; x_wconf 73' lang='lat' dir='ltr'><strong>tilesque</strong></span> <span class='ocrx_word' id='word_1_349' title='bbox 831 3043 923 3081; x_wconf 78' lang='lat' dir='ltr'><strong>ver</strong></span> <span class='ocrx_word' id='word_1_350' title='bbox 957 3040 1116 3084; x_wconf 89' lang='lat' dir='ltr'><strong>antur</strong></span> <span class='ocrx_word' id='word_1_351' title='bbox 1143 3030 1319 3098; x_wconf 66' lang='lat' dir='ltr'><strong>pusilli</strong></span> <span class='ocrx_word' id='word_1_352' title='bbox 1349 3045 1397 3085; x_wconf 90' lang='lat' dir='ltr'><strong>et</strong></span> <span class='ocrx_word' id='word_1_353' title='bbox 1424 3036 1625 3096; x_wconf 65' lang='lat' dir='ltr'><strong>magni,</strong></span> <span class='ocrx_word' id='word_1_354' title='bbox 1658 3036 1705 3089; x_wconf 92' lang='lat' dir='ltr'><strong>id</strong></span> <span class='ocrx_word' id='word_1_355' title='bbox 1734 3050 1839 3102; x_wconf 67' lang='grc' dir='ltr'><strong>ρει,</strong></span> <span class='ocrx_word' id='word_1_356' title='bbox 1863 3048 1916 3092; x_wconf 92' lang='lat' dir='ltr'><strong>et</strong></span> <span class='ocrx_word' id='word_1_357' title='bbox 1939 3038 2157 3107; x_wconf 74' lang='lat' dir='ltr'><strong>infirmi,</strong></span> 
     </span>
    </p>
   </div>
   <div class='ocr_carea' id='block_1_47' title="bbox 571 3119 2159 3197">
    <p class='ocr_par' dir='ltr' id='par_1_47' title="bbox 571 3119 2159 3197">
     <span class='ocr_line' id='line_1_47' title="bbox 571 3119 2159 3197; baseline 0.011 -24"><span class='ocrx_word' id='word_1_358' title='bbox 571 3132 623 3173; x_wconf 89' lang='lat' dir='ltr'><strong>et</strong></span> <span class='ocrx_word' id='word_1_359' title='bbox 657 3119 910 3189; x_wconf 70' lang='lat' dir='ltr'><strong>primates</strong></span> <span class='ocrx_word' id='word_1_360' title='bbox 938 3122 1093 3178; x_wconf 79' lang='lat' dir='ltr'><strong>istius</strong></span> <span class='ocrx_word' id='word_1_361' title='bbox 1136 3128 1359 3181; x_wconf 58' lang='lat' dir='ltr'><strong>sa&#39;culi:</strong></span> <span class='ocrx_word' id='word_1_362' title='bbox 1392 3130 1481 3197; x_wconf 88' lang='lat' dir='ltr'><strong>qui</strong></span> <span class='ocrx_word' id='word_1_363' title='bbox 1532 3130 1650 3184; x_wconf 87' lang='lat' dir='ltr'><strong>licet</strong></span> <span class='ocrx_word' id='word_1_364' title='bbox 1681 3132 2000 3187; x_wconf 75' lang='lat' dir='ltr'><strong>CitriSIiana:</strong></span> <span class='ocrx_word' id='word_1_365' title='bbox 2031 3136 2159 3189; x_wconf 89' lang='lat' dir='ltr'><strong>reli-</strong></span> 
     </span>
    </p>
   </div>
   <div class='ocr_carea' id='block_1_48' title="bbox 2311 1923 2541 1978">
    <p class='ocr_par' dir='ltr' id='par_1_48' title="bbox 2311 1923 2541 1978">
     <span class='ocr_line' id='line_1_48' title="bbox 2311 1923 2541 1978; baseline -0.004 -2"><span class='ocrx_word' id='word_1_366' title='bbox 2311 1923 2541 1978; x_wconf 76' lang='lat' dir='ltr'><strong>lcantur.</strong></span> 
     </span>
    </p>
   </div>
   <div class='ocr_carea' id='block_1_49' title="bbox 2275 1938 3829 2087">
    <p class='ocr_par' dir='ltr' id='par_1_49' title="bbox 2275 1938 3829 2087">
     <span class='ocr_line' id='line_1_49' title="bbox 2275 1938 3829 2087; baseline -0.008 -14"><span class='ocrx_word' id='word_1_367' title='bbox 2275 1938 2675 2087; x_wconf 49' lang='grc' dir='ltr'><strong>Ρμᾶηέΐυξόο.)</strong></span> <span class='ocrx_word' id='word_1_368' title='bbox 2726 2013 2913 2069; x_wconf 82' lang='lat' dir='ltr'><strong><em>Emitte</em></strong></span> <span class='ocrx_word' id='word_1_369' title='bbox 2958 2014 3214 2086; x_wconf 87' lang='lat' dir='ltr'><strong>Spiritum</strong></span> <span class='ocrx_word' id='word_1_370' title='bbox 3251 2024 3413 2079; x_wconf 87' lang='lat' dir='ltr'><strong>tuum,</strong></span> <span class='ocrx_word' id='word_1_371' title='bbox 3444 2020 3491 2066; x_wconf 87' lang='lat' dir='ltr'><strong>et</strong></span> <span class='ocrx_word' id='word_1_372' title='bbox 3534 2010 3829 2074; x_wconf 75' lang='lat' dir='ltr'><strong>creabantur,</strong></span> 
     </span>
    </p>
   </div>
   <div class='ocr_carea' id='block_1_50' title="bbox 2270 2106 3834 2179">
    <p class='ocr_par' dir='ltr' id='par_1_50' title="bbox 2270 2106 3834 2179">
     <span class='ocr_line' id='line_1_50' title="bbox 2270 2106 3834 2179; baseline -0.005 -16"><span class='ocrx_word' id='word_1_373' title='bbox 2270 2117 2319 2163; x_wconf 86' lang='lat' dir='ltr'><strong>ct</strong></span> <span class='ocrx_word' id='word_1_374' title='bbox 2343 2110 2603 2162; x_wconf 81' lang='lat' dir='ltr'><strong>renouabis</strong></span> <span class='ocrx_word' id='word_1_375' title='bbox 2633 2108 2818 2179; x_wconf 79' lang='lat' dir='ltr'><strong>faciem</strong></span> <span class='ocrx_word' id='word_1_376' title='bbox 2846 2118 3014 2162; x_wconf 70' lang='lat' dir='ltr'><strong>terrm.</strong></span> <span class='ocrx_word' id='word_1_377' title='bbox 3051 2106 3226 2178; x_wconf 88' lang='lat' dir='ltr'><strong>Ipsius</strong></span> <span class='ocrx_word' id='word_1_378' title='bbox 3256 2107 3388 2160; x_wconf 83' lang='lat' dir='ltr'><strong>enim</strong></span> <span class='ocrx_word' id='word_1_379' title='bbox 3430 2123 3610 2159; x_wconf 87' lang='lat' dir='ltr'><strong>sumus</strong></span> <span class='ocrx_word' id='word_1_380' title='bbox 3657 2107 3834 2177; x_wconf 74' lang='lat' dir='ltr'><strong>ﬁgmen-</strong></span> 
     </span>
    </p>
   </div>
   <div class='ocr_carea' id='block_1_51' title="bbox 2270 2198 3833 2271">
    <p class='ocr_par' dir='ltr' id='par_1_51' title="bbox 2270 2198 3833 2271">
     <span class='ocr_line' id='line_1_51' title="bbox 2270 2198 3833 2271; baseline -0.006 -16"><span class='ocrx_word' id='word_1_381' title='bbox 2270 2212 2398 2266; x_wconf 86' lang='lat' dir='ltr'><strong>tum,</strong></span> <span class='ocrx_word' id='word_1_382' title='bbox 2431 2203 2563 2256; x_wconf 81' lang='lat' dir='ltr'><strong>dicit</strong></span> <span class='ocrx_word' id='word_1_383' title='bbox 2609 2203 2927 2271; x_wconf 85' lang='lat' dir='ltr'><strong>Apostolus.</strong></span> <span class='ocrx_word' id='word_1_384' title='bbox 2974 2200 3131 2254; x_wconf 85' lang='lat' dir='ltr'><strong>creati</strong></span> <span class='ocrx_word' id='word_1_385' title='bbox 3165 2202 3215 2252; x_wconf 89' lang='lat' dir='ltr'><strong>in</strong></span> <span class='ocrx_word' id='word_1_386' title='bbox 3265 2199 3503 2266; x_wconf 76' lang='lat' dir='ltr'><strong>operibus</strong></span> <span class='ocrx_word' id='word_1_387' title='bbox 3534 2198 3698 2261; x_wconf 83' lang='lat' dir='ltr'><strong>bonis,</strong></span> <span class='ocrx_word' id='word_1_388' title='bbox 3742 2210 3833 2264; x_wconf 77' lang='lat' dir='ltr'><strong>qua</strong></span> 
     </span>
    </p>
   </div>
   <div class='ocr_carea' id='block_1_52' title="bbox 2270 2285 3832 2367">
    <p class='ocr_par' dir='ltr' id='par_1_52' title="bbox 2270 2285 3832 2367">
     <span class='ocr_line' id='line_1_52' title="bbox 2270 2285 3832 2367; baseline -0.006 -16"><span class='ocrx_word' id='word_1_389' title='bbox 2270 2299 2582 2367; x_wconf 73' lang='lat' dir='ltr'><strong>praeparavit</strong></span> <span class='ocrx_word' id='word_1_390' title='bbox 2613 2296 2772 2364; x_wconf 88' lang='lat' dir='ltr'><strong>Deus,</strong></span> <span class='ocrx_word' id='word_1_391' title='bbox 2798 2304 2853 2350; x_wconf 88' lang='lat' dir='ltr'><strong>ut</strong></span> <span class='ocrx_word' id='word_1_392' title='bbox 2879 2295 2932 2350; x_wconf 88' lang='lat' dir='ltr'><strong><em>in</em></strong></span> <span class='ocrx_word' id='word_1_393' title='bbox 2954 2294 3060 2349; x_wconf 81' lang='lat' dir='ltr'><strong>illis</strong></span> <span class='ocrx_word' id='word_1_394' title='bbox 3082 2293 3395 2348; x_wconf 82' lang='lat' dir='ltr'><strong>ambulemus</strong></span> <span class='ocrx_word' id='word_1_395' title='bbox 3414 2289 3641 2362; x_wconf 79' lang='lat' dir='ltr'><strong>(Ephes.</strong></span> <span class='ocrx_word' id='word_1_396' title='bbox 3668 2285 3832 2355; x_wconf 77' lang='grc' dir='ltr'><strong>ιι,10).</strong></span> 
     </span>
    </p>
   </div>
   <div class='ocr_carea' id='block_1_53' title="bbox 2268 2380 3835 2461">
    <p class='ocr_par' dir='ltr' id='par_1_53' title="bbox 2268 2380 3835 2461">
     <span class='ocr_line' id='line_1_53' title="bbox 2268 2380 3835 2461; baseline -0.009 -16"><span class='ocrx_word' id='word_1_397' title='bbox 2268 2393 2316 2445; x_wconf 81' lang='grc' dir='ltr'>Λ</span> <span class='ocrx_word' id='word_1_398' title='bbox 2347 2391 2550 2460; x_wconf 88' lang='lat' dir='ltr'><strong>Spiritu</strong></span> <span class='ocrx_word' id='word_1_399' title='bbox 2595 2389 2693 2445; x_wconf 89' lang='lat' dir='ltr'><strong>Dei</strong></span> <span class='ocrx_word' id='word_1_400' title='bbox 2728 2394 3035 2461; x_wconf 87' lang='lat' dir='ltr'><strong>accepimus</strong></span> <span class='ocrx_word' id='word_1_401' title='bbox 3063 2388 3315 2458; x_wconf 78' lang='lat' dir='ltr'><strong>gratiam,</strong></span> <span class='ocrx_word' id='word_1_402' title='bbox 3356 2395 3415 2439; x_wconf 92' lang='lat' dir='ltr'><strong>ut</strong></span> <span class='ocrx_word' id='word_1_403' title='bbox 3459 2384 3683 2455; x_wconf 52' lang='lat' dir='ltr'><strong>justitiie</strong></span> <span class='ocrx_word' id='word_1_404' title='bbox 3718 2380 3835 2434; x_wconf 80' lang='lat' dir='ltr'><strong>viva-</strong></span> 
     </span>
    </p>
   </div>
   <div class='ocr_carea' id='block_1_54' title="bbox 2268 2472 3831 2553">
    <p class='ocr_par' dir='ltr' id='par_1_54' title="bbox 2268 2472 3831 2553">
     <span class='ocr_line' id='line_1_54' title="bbox 2268 2472 3831 2553; baseline -0.009 -15"><span class='ocrx_word' id='word_1_405' title='bbox 2268 2499 2412 2539; x_wconf 91' lang='lat' dir='ltr'><strong>mus.</strong></span> <span class='ocrx_word' id='word_1_406' title='bbox 2445 2484 2584 2539; x_wconf 88' lang='lat' dir='ltr'><strong>Deus</strong></span> <span class='ocrx_word' id='word_1_407' title='bbox 2615 2486 2760 2538; x_wconf 88' lang='lat' dir='ltr'><strong>enim</strong></span> <span class='ocrx_word' id='word_1_408' title='bbox 2785 2480 3043 2553; x_wconf 74' lang='lat' dir='ltr'><strong>iustiﬁcat</strong></span> <span class='ocrx_word' id='word_1_409' title='bbox 3073 2481 3318 2549; x_wconf 86' lang='lat' dir='ltr'><strong>impium,</strong></span> <span class='ocrx_word' id='word_1_410' title='bbox 3345 2490 3397 2533; x_wconf 91' lang='lat' dir='ltr'><strong>et</strong></span> <span class='ocrx_word' id='word_1_411' title='bbox 3420 2485 3653 2533; x_wconf 82' lang='lat' dir='ltr'><strong>renovat</strong></span> <span class='ocrx_word' id='word_1_412' title='bbox 3676 2472 3831 2528; x_wconf 73' lang='lat' dir='ltr'><strong>faciem</strong></span> 
     </span>
    </p>
   </div>
   <div class='ocr_carea' id='block_1_55' title="bbox 2269 2573 3836 2643">
    <p class='ocr_par' dir='ltr' id='par_1_55' title="bbox 2269 2573 3836 2643">
     <span class='ocr_line' id='line_1_55' title="bbox 2269 2573 3836 2643; baseline -0.011 -10"><span class='ocrx_word' id='word_1_413' title='bbox 2269 2586 2449 2643; x_wconf 72' lang='lat' dir='ltr'><strong>teme,</strong></span> <span class='ocrx_word' id='word_1_414' title='bbox 2480 2576 2722 2631; x_wconf 84' lang='lat' dir='ltr'><strong>condens</strong></span> <span class='ocrx_word' id='word_1_415' title='bbox 2749 2579 2800 2629; x_wconf 88' lang='lat' dir='ltr'><strong>in</strong></span> <span class='ocrx_word' id='word_1_416' title='bbox 2834 2583 2947 2629; x_wconf 91' lang='lat' dir='ltr'><strong>toto</strong></span> <span class='ocrx_word' id='word_1_417' title='bbox 2979 2573 3179 2628; x_wconf 88' lang='lat' dir='ltr'><strong>mundo</strong></span> <span class='ocrx_word' id='word_1_418' title='bbox 3213 2587 3402 2626; x_wconf 90' lang='lat' dir='ltr'><strong>novam</strong></span> <span class='ocrx_word' id='word_1_419' title='bbox 3425 2583 3731 2626; x_wconf 80' lang='lat' dir='ltr'><strong>creaturam</strong></span> <span class='ocrx_word' id='word_1_420' title='bbox 3760 2577 3836 2634; x_wconf 88' lang='lat' dir='ltr'><strong>per</strong></span> 
     </span>
    </p>
   </div>
   <div class='ocr_carea' id='block_1_56' title="bbox 2266 2656 3835 2740">
    <p class='ocr_par' dir='ltr' id='par_1_56' title="bbox 2266 2656 3835 2740">
     <span class='ocr_line' id='line_1_56' title="bbox 2266 2656 3835 2740; baseline -0.008 -16"><span class='ocrx_word' id='word_1_421' title='bbox 2266 2670 2513 2739; x_wconf 83' lang='lat' dir='ltr'><strong>spiritum</strong></span> <span class='ocrx_word' id='word_1_422' title='bbox 2542 2670 2751 2740; x_wconf 72' lang='lat' dir='ltr'><strong>gratiae,</strong></span> <span class='ocrx_word' id='word_1_423' title='bbox 2781 2678 2837 2721; x_wconf 91' lang='lat' dir='ltr'><strong>ut</strong></span> <span class='ocrx_word' id='word_1_424' title='bbox 2866 2667 3114 2739; x_wconf 84' lang='lat' dir='ltr'><strong>deposito</strong></span> <span class='ocrx_word' id='word_1_425' title='bbox 3144 2677 3331 2723; x_wconf 84' lang='lat' dir='ltr'><strong>vetere</strong></span> <span class='ocrx_word' id='word_1_426' title='bbox 3357 2664 3593 2728; x_wconf 88' lang='lat' dir='ltr'><strong>homine,</strong></span> <span class='ocrx_word' id='word_1_427' title='bbox 3633 2662 3685 2718; x_wconf 84' lang='lat' dir='ltr'><strong>iu</strong></span> <span class='ocrx_word' id='word_1_428' title='bbox 3712 2656 3835 2716; x_wconf 81' lang='lat' dir='ltr'><strong>novi-</strong></span> 
     </span>
    </p>
   </div>
   <div class='ocr_carea' id='block_1_57' title="bbox 2268 2762 2919 2817">
    <p class='ocr_par' dir='ltr' id='par_1_57' title="bbox 2268 2762 2919 2817">
     <span class='ocr_line' id='line_1_57' title="bbox 2268 2762 2919 2817; baseline -0.002 -1"><span class='ocrx_word' id='word_1_429' title='bbox 2268 2772 2380 2817; x_wconf 89' lang='lat' dir='ltr'><strong>tate</strong></span> <span class='ocrx_word' id='word_1_430' title='bbox 2412 2763 2531 2816; x_wconf 79' lang='lat' dir='ltr'><strong>vita:</strong></span> <span class='ocrx_word' id='word_1_431' title='bbox 2556 2762 2919 2816; x_wconf 87' lang='lat' dir='ltr'><strong>ambulemus.</strong></span> 
     </span>
    </p>
   </div>
   <div class='ocr_carea' id='block_1_58' title="bbox 2339 2843 3833 2929">
    <p class='ocr_par' dir='ltr' id='par_1_58' title="bbox 2339 2843 3833 2929">
     <span class='ocr_line' id='line_1_58' title="bbox 2339 2843 3833 2929; baseline -0.01 -19"><span class='ocrx_word' id='word_1_432' title='bbox 2339 2856 2521 2929; x_wconf 84' lang='lat' dir='ltr'><strong>(Vers.</strong></span> <span class='ocrx_word' id='word_1_433' title='bbox 2547 2857 2667 2924; x_wconf 78' lang='grc'><strong>51.)</strong></span> <span class='ocrx_word' id='word_1_434' title='bbox 2697 2855 2781 2911; x_wconf 83' lang='lat' dir='ltr'><strong>Sit</strong></span> <span class='ocrx_word' id='word_1_435' title='bbox 2810 2853 2977 2926; x_wconf 86' lang='lat' dir='ltr'><strong>gloria</strong></span> <span class='ocrx_word' id='word_1_436' title='bbox 3010 2853 3215 2908; x_wconf 83' lang='lat' dir='ltr'><strong>Domini</strong></span> <span class='ocrx_word' id='word_1_437' title='bbox 3252 2853 3304 2906; x_wconf 86' lang='lat' dir='ltr'><strong><em>in</em></strong></span> <span class='ocrx_word' id='word_1_438' title='bbox 3333 2861 3582 2906; x_wconf 67' lang='lat' dir='ltr'><strong>internum</strong></span> <span class='ocrx_word' id='word_1_439' title='bbox 3611 2863 3635 2901; x_wconf 87' lang='lat'><strong><em>:</em></strong></span> <span class='ocrx_word' id='word_1_440' title='bbox 3662 2843 3833 2901; x_wconf 68' lang='lat' dir='ltr'><strong>lit-tabi-</strong></span> 
     </span>
    </p>
   </div>
   <div class='ocr_carea' id='block_1_59' title="bbox 2266 2937 3833 3017">
    <p class='ocr_par' dir='ltr' id='par_1_59' title="bbox 2266 2937 3833 3017">
     <span class='ocr_line' id='line_1_59' title="bbox 2266 2937 3833 3017; baseline -0.011 -13"><span class='ocrx_word' id='word_1_441' title='bbox 2266 2958 2351 3004; x_wconf 87' lang='lat' dir='ltr'><strong>tur</strong></span> <span class='ocrx_word' id='word_1_442' title='bbox 2380 2948 2633 3005; x_wconf 88' lang='lat' dir='ltr'><strong>Dominus</strong></span> <span class='ocrx_word' id='word_1_443' title='bbox 2674 2949 2728 3002; x_wconf 87' lang='lat' dir='ltr'><strong>in</strong></span> <span class='ocrx_word' id='word_1_444' title='bbox 2777 2948 3019 3017; x_wconf 82' lang='lat' dir='ltr'><strong>operibus</strong></span> <span class='ocrx_word' id='word_1_445' title='bbox 3062 2950 3189 3002; x_wconf 88' lang='lat' dir='ltr'><strong>suis.</strong></span> <span class='ocrx_word' id='word_1_446' title='bbox 3234 2946 3346 3001; x_wconf 85' lang='lat' dir='ltr'><strong>Deo</strong></span> <span class='ocrx_word' id='word_1_447' title='bbox 3390 2959 3519 3015; x_wconf 72' lang='lat' dir='ltr'><strong>ergo</strong></span> <span class='ocrx_word' id='word_1_448' title='bbox 3548 2945 3623 2997; x_wconf 81' lang='lat' dir='ltr'><strong>sit.</strong></span> <span class='ocrx_word' id='word_1_449' title='bbox 3667 2937 3833 3010; x_wconf 73' lang='lat' dir='ltr'><strong>gloria,</strong></span> 
     </span>
    </p>
   </div>
   <div class='ocr_carea' id='block_1_60' title="bbox 2267 3032 3835 3110">
    <p class='ocr_par' dir='ltr' id='par_1_60' title="bbox 2267 3032 3835 3110">
     <span class='ocr_line' id='line_1_60' title="bbox 2267 3032 3835 3110; baseline -0.009 -13"><span class='ocrx_word' id='word_1_450' title='bbox 2267 3041 2409 3097; x_wconf 87' lang='lat' dir='ltr'><strong>Deus</strong></span> <span class='ocrx_word' id='word_1_451' title='bbox 2436 3043 2646 3098; x_wconf 82' lang='lat' dir='ltr'><strong>ltetetttr</strong></span> <span class='ocrx_word' id='word_1_452' title='bbox 2672 3042 2724 3096; x_wconf 92' lang='lat' dir='ltr'><strong>in</strong></span> <span class='ocrx_word' id='word_1_453' title='bbox 2754 3041 3012 3110; x_wconf 86' lang='lat' dir='ltr'><strong>Operibus</strong></span> <span class='ocrx_word' id='word_1_454' title='bbox 3034 3044 3163 3094; x_wconf 88' lang='lat' dir='ltr'><strong>suis.</strong></span> <span class='ocrx_word' id='word_1_455' title='bbox 3194 3038 3331 3106; x_wconf 84' lang='lat' dir='ltr'><strong>Quia</strong></span> <span class='ocrx_word' id='word_1_456' title='bbox 3376 3036 3422 3090; x_wconf 83' lang='lat' dir='ltr'><strong>si</strong></span> <span class='ocrx_word' id='word_1_457' title='bbox 3461 3034 3587 3107; x_wconf 87' lang='lat' dir='ltr'><strong>quid</strong></span> <span class='ocrx_word' id='word_1_458' title='bbox 3644 3032 3835 3087; x_wconf 78' lang='lat' dir='ltr'><strong>laudan-</strong></span> 
     </span>
    </p>
   </div>
   <div class='ocr_carea' id='block_1_61' title="bbox 2265 3120 3834 3205">
    <p class='ocr_par' dir='ltr' id='par_1_61' title="bbox 2265 3120 3834 3205">
     <span class='ocr_line' id='line_1_61' title="bbox 2265 3120 3834 3205; baseline -0.009 -16"><span class='ocrx_word' id='word_1_459' title='bbox 2265 3134 2415 3201; x_wconf 88' lang='lat' dir='ltr'><strong>dum,</strong></span> <span class='ocrx_word' id='word_1_460' title='bbox 2446 3135 2490 3189; x_wconf 90' lang='lat' dir='ltr'><strong>si</strong></span> <span class='ocrx_word' id='word_1_461' title='bbox 2525 3134 2651 3205; x_wconf 90' lang='lat' dir='ltr'><strong>quid</strong></span> <span class='ocrx_word' id='word_1_462' title='bbox 2696 3133 2985 3188; x_wconf 64' lang='lat' dir='ltr'><strong>laetandum</strong></span> <span class='ocrx_word' id='word_1_463' title='bbox 3015 3131 3084 3187; x_wconf 90' lang='lat' dir='ltr'><strong>ab</strong></span> <span class='ocrx_word' id='word_1_464' title='bbox 3109 3132 3326 3186; x_wconf 87' lang='lat' dir='ltr'><strong>homine</strong></span> <span class='ocrx_word' id='word_1_465' title='bbox 3366 3132 3562 3199; x_wconf 79' lang='lat' dir='ltr'><strong>agitur,</strong></span> <span class='ocrx_word' id='word_1_466' title='bbox 3602 3139 3735 3196; x_wconf 81' lang='lat' dir='ltr'><strong>Opus</strong></span> <span class='ocrx_word' id='word_1_467' title='bbox 3758 3120 3834 3177; x_wconf 87' lang='lat' dir='ltr'><strong>Dei</strong></span> 
     </span>
    </p>
   </div>
   <div class='ocr_carea' id='block_1_62' title="bbox 569 3208 3832 3297">
    <p class='ocr_par' dir='ltr' id='par_1_62' title="bbox 569 3208 3832 3297">
     <span class='ocr_line' id='line_1_62' title="bbox 569 3208 3832 3297; baseline 0.002 -34"><span class='ocrx_word' id='word_1_468' title='bbox 569 3208 713 3280; x_wconf 64' lang='lat' dir='ltr'><strong>gi-vni</strong></span> <span class='ocrx_word' id='word_1_469' title='bbox 758 3218 1132 3277; x_wconf 57' lang='lat' dir='ltr'><strong>adversentur.</strong></span> <span class='ocrx_word' id='word_1_470' title='bbox 1182 3228 1357 3274; x_wconf 85' lang='lat' dir='ltr'><strong>tamen</strong></span> <span class='ocrx_word' id='word_1_471' title='bbox 1400 3222 1541 3279; x_wconf 86' lang='lat' dir='ltr'><strong>inter</strong></span> <span class='ocrx_word' id='word_1_472' title='bbox 1582 3225 1727 3291; x_wconf 85' lang='lat' dir='ltr'><strong>ipsos</strong></span> <span class='ocrx_word' id='word_1_473' title='bbox 1755 3235 1899 3280; x_wconf 88' lang='lat' dir='ltr'><strong>tutus</strong></span> <span class='ocrx_word' id='word_1_474' title='bbox 1929 3237 2013 3281; x_wconf 90' lang='lat' dir='ltr'><strong>est</strong></span> <span class='ocrx_word' id='word_1_475' title='bbox 2038 3243 2164 3281; x_wconf 89' lang='lat' dir='ltr'><strong>nos-</strong></span> <span class='ocrx_word' id='word_1_476' title='bbox 2188 3222 2232 3283; x_wconf 91' lang='lat' dir='ltr'>C</span> <span class='ocrx_word' id='word_1_477' title='bbox 2265 3238 2369 3288; x_wconf 87' lang='lat' dir='ltr'><strong>est,</strong></span> <span class='ocrx_word' id='word_1_478' title='bbox 2395 3235 2452 3281; x_wconf 87' lang='lat' dir='ltr'><strong>et</strong></span> <span class='ocrx_word' id='word_1_479' title='bbox 2488 3240 2682 3281; x_wconf 90' lang='lat' dir='ltr'><strong>munus</strong></span> <span class='ocrx_word' id='word_1_480' title='bbox 2721 3227 2911 3297; x_wconf 69' lang='lat' dir='ltr'><strong>gratia:</strong></span> <span class='ocrx_word' id='word_1_481' title='bbox 2946 3224 3086 3295; x_wconf 89' lang='lat' dir='ltr'><strong>ejus,</strong></span> <span class='ocrx_word' id='word_1_482' title='bbox 3134 3224 3223 3291; x_wconf 91' lang='lat' dir='ltr'><strong>qui</strong></span> <span class='ocrx_word' id='word_1_483' title='bbox 3264 3220 3441 3277; x_wconf 81' lang='lat' dir='ltr'><strong>aufert</strong></span> <span class='ocrx_word' id='word_1_484' title='bbox 3488 3221 3735 3291; x_wconf 86' lang='lat' dir='ltr'><strong>spiritum</strong></span> <span class='ocrx_word' id='word_1_485' title='bbox 3758 3228 3832 3269; x_wconf 82' lang='lat' dir='ltr'><strong>su-</strong></span> 
     </span>
    </p>
   </div>
   <div class='ocr_carea' id='block_1_63' title="bbox 572 3308 2161 3385">
    <p class='ocr_par' dir='ltr' id='par_1_63' title="bbox 572 3308 2161 3385">
     <span class='ocr_line' id='line_1_63' title="bbox 572 3308 2161 3385; baseline 0.013 -29"><span class='ocrx_word' id='word_1_486' title='bbox 572 3312 773 3357; x_wconf 86' lang='lat' dir='ltr'><strong>trarum</strong></span> <span class='ocrx_word' id='word_1_487' title='bbox 806 3308 1022 3361; x_wconf 85' lang='lat' dir='ltr'><strong>navium</strong></span> <span class='ocrx_word' id='word_1_488' title='bbox 1045 3321 1422 3378; x_wconf 82' lang='lat' dir='ltr'><strong>commeatus;</strong></span> <span class='ocrx_word' id='word_1_489' title='bbox 1457 3314 1565 3367; x_wconf 88' lang='lat' dir='ltr'><strong>hoc</strong></span> <span class='ocrx_word' id='word_1_490' title='bbox 1591 3326 1693 3384; x_wconf 69' lang='lat' dir='ltr'><strong>est,</strong></span> <span class='ocrx_word' id='word_1_491' title='bbox 1727 3316 1869 3372; x_wconf 87' lang='lat' dir='ltr'><strong>inter</strong></span> <span class='ocrx_word' id='word_1_492' title='bbox 1894 3323 2161 3385; x_wconf 85' lang='lat' dir='ltr'><strong>procellas</strong></span> 
     </span>
    </p>
   </div>
   <div class='ocr_carea' id='block_1_64' title="bbox 568 3395 2156 3476">
    <p class='ocr_par' dir='ltr' id='par_1_64' title="bbox 568 3395 2156 3476">
     <span class='ocr_line' id='line_1_64' title="bbox 568 3395 2156 3476; baseline 0.013 -28"><span class='ocrx_word' id='word_1_493' title='bbox 568 3403 626 3449; x_wconf 83' lang='lat' dir='ltr'><strong>et</strong></span> <span class='ocrx_word' id='word_1_494' title='bbox 671 3395 864 3451; x_wconf 77' lang='lat' dir='ltr'><strong>ﬂuetus</strong></span> <span class='ocrx_word' id='word_1_495' title='bbox 896 3402 1080 3465; x_wconf 71' lang='lat' dir='ltr'><strong>maris,</strong></span> <span class='ocrx_word' id='word_1_496' title='bbox 1129 3396 1461 3473; x_wconf 73' lang='lat' dir='ltr'><strong>gubernante</strong></span> <span class='ocrx_word' id='word_1_497' title='bbox 1505 3403 1744 3476; x_wconf 80' lang='lat' dir='ltr'><strong>Christo,</strong></span> <span class='ocrx_word' id='word_1_498' title='bbox 1799 3410 2156 3468; x_wconf 65' lang='lat' dir='ltr'><strong>E&#39;CICSIal&#39;tllii</strong></span> 
     </span>
    </p>
   </div>
   <div class='ocr_carea' id='block_1_65' title="bbox 571 3493 2161 3569">
    <p class='ocr_par' dir='ltr' id='par_1_65' title="bbox 571 3493 2161 3569">
     <span class='ocr_line' id='line_1_65' title="bbox 571 3493 2161 3569; baseline 0.011 -28"><span class='ocrx_word' id='word_1_499' title='bbox 571 3494 716 3542; x_wconf 86' lang='lat' dir='ltr'><strong>tutus</strong></span> <span class='ocrx_word' id='word_1_500' title='bbox 738 3501 821 3545; x_wconf 86' lang='lat' dir='ltr'><strong>est</strong></span> <span class='ocrx_word' id='word_1_501' title='bbox 842 3509 1054 3549; x_wconf 84' lang='lat' dir='ltr'><strong>cursus.</strong></span> <span class='ocrx_word' id='word_1_502' title='bbox 1089 3493 1261 3550; x_wconf 87' lang='lat' dir='ltr'><strong>Draco</strong></span> <span class='ocrx_word' id='word_1_503' title='bbox 1285 3499 1379 3551; x_wconf 85' lang='lat' dir='ltr'><strong>iste</strong></span> <span class='ocrx_word' id='word_1_504' title='bbox 1401 3515 1547 3569; x_wconf 85' lang='lat' dir='ltr'><strong>quem</strong></span> <span class='ocrx_word' id='word_1_505' title='bbox 1578 3501 1812 3569; x_wconf 79' lang='lat' dir='ltr'><strong>formasti</strong></span> <span class='ocrx_word' id='word_1_506' title='bbox 1837 3504 1906 3556; x_wconf 82' lang='lat' dir='ltr'><strong>att</strong></span> <span class='ocrx_word' id='word_1_507' title='bbox 1935 3504 2161 3560; x_wconf 86' lang='lat' dir='ltr'><strong>illuden-</strong></span> 
     </span>
    </p>
   </div>
   <div class='ocr_carea' id='block_1_66' title="bbox 570 3582 788 3639">
    <p class='ocr_par' dir='ltr' id='par_1_66' title="bbox 570 3582 788 3639">
     <span class='ocr_line' id='line_1_66' title="bbox 570 3582 788 3639; baseline 0.014 -4"><span class='ocrx_word' id='word_1_508' title='bbox 570 3582 691 3636; x_wconf 87' lang='lat' dir='ltr'><strong>dttm</strong></span> <span class='ocrx_word' id='word_1_509' title='bbox 723 3585 788 3639; x_wconf 82' lang='lat' dir='ltr'><strong>ei.</strong></span> 
     </span>
    </p>
   </div>
   <div class='ocr_carea' id='block_1_67' title="bbox 640 3675 2157 3759">
    <p class='ocr_par' dir='ltr' id='par_1_67' title="bbox 640 3675 2157 3759">
     <span class='ocr_line' id='line_1_67' title="bbox 640 3675 2157 3759; baseline 0.012 -29"><span class='ocrx_word' id='word_1_510' title='bbox 640 3675 695 3730; x_wconf 85' lang='grc' dir='ltr'>1ιι</span> <span class='ocrx_word' id='word_1_511' title='bbox 739 3677 870 3731; x_wconf 86' lang='lat' dir='ltr'><strong>mari</strong></span> <span class='ocrx_word' id='word_1_512' title='bbox 916 3680 1019 3733; x_wconf 86' lang='lat' dir='ltr'><strong>isto</strong></span> <span class='ocrx_word' id='word_1_513' title='bbox 1049 3696 1265 3751; x_wconf 86' lang='lat' dir='ltr'><strong>magno.</strong></span> <span class='ocrx_word' id='word_1_514' title='bbox 1317 3683 1404 3738; x_wconf 90' lang='lat' dir='ltr'><strong>ubi</strong></span> <span class='ocrx_word' id='word_1_515' title='bbox 1452 3694 1574 3739; x_wconf 83' lang='lat' dir='ltr'><strong>sunt</strong></span> <span class='ocrx_word' id='word_1_516' title='bbox 1618 3688 1881 3754; x_wconf 74' lang='lat' dir='ltr'><strong>repentis,</strong></span> <span class='ocrx_word' id='word_1_517' title='bbox 1928 3706 2157 3759; x_wconf 86' lang='lat' dir='ltr'><strong>quorum</strong></span> 
     </span>
    </p>
   </div>
   <div class='ocr_carea' id='block_1_68' title="bbox 567 3776 2158 3856">
    <p class='ocr_par' dir='ltr' id='par_1_68' title="bbox 567 3776 2158 3856">
     <span class='ocr_line' id='line_1_68' title="bbox 567 3776 2158 3856; baseline 0.011 -32"><span class='ocrx_word' id='word_1_518' title='bbox 567 3784 673 3826; x_wconf 86' lang='lat' dir='ltr'><strong>non</strong></span> <span class='ocrx_word' id='word_1_519' title='bbox 707 3782 785 3824; x_wconf 87' lang='lat' dir='ltr'><strong>est</strong></span> <span class='ocrx_word' id='word_1_520' title='bbox 819 3788 1094 3841; x_wconf 84' lang='lat' dir='ltr'><strong>numerus,</strong></span> <span class='ocrx_word' id='word_1_521' title='bbox 1120 3777 1207 3829; x_wconf 80' lang='lat' dir='ltr'><strong>ubi</strong></span> <span class='ocrx_word' id='word_1_522' title='bbox 1240 3776 1488 3833; x_wconf 84' lang='lat' dir='ltr'><strong>animalia</strong></span> <span class='ocrx_word' id='word_1_523' title='bbox 1524 3783 1715 3849; x_wconf 77' lang='lat' dir='ltr'><strong>pusilla</strong></span> <span class='ocrx_word' id='word_1_524' title='bbox 1746 3793 1801 3838; x_wconf 74' lang='grc' dir='ltr'><strong>ιιι</strong></span> <span class='ocrx_word' id='word_1_525' title='bbox 1828 3802 2039 3856; x_wconf 61' lang='lat' dir='ltr'><strong>magna,</strong></span> <span class='ocrx_word' id='word_1_526' title='bbox 2068 3789 2158 3842; x_wconf 90' lang='lat' dir='ltr'><strong>ubi</strong></span> 
     </span>
    </p>
   </div>
   <div class='ocr_carea' id='block_1_69' title="bbox 568 3863 2161 3944">
    <p class='ocr_par' dir='ltr' id='par_1_69' title="bbox 568 3863 2161 3944">
     <span class='ocr_line' id='line_1_69' title="bbox 568 3863 2161 3944; baseline 0.014 -31"><span class='ocrx_word' id='word_1_527' title='bbox 568 3863 730 3917; x_wconf 72' lang='lat' dir='ltr'><strong>Plinltt</strong></span> <span class='ocrx_word' id='word_1_528' title='bbox 797 3876 1104 3922; x_wconf 87' lang='lat' dir='ltr'><strong>nostrarum</strong></span> <span class='ocrx_word' id='word_1_529' title='bbox 1159 3872 1371 3925; x_wconf 81' lang='lat' dir='ltr'><strong>navium</strong></span> <span class='ocrx_word' id='word_1_530' title='bbox 1430 3889 1798 3944; x_wconf 69' lang='lat' dir='ltr'><strong>commeatus;</strong></span> <span class='ocrx_word' id='word_1_531' title='bbox 1853 3880 1923 3933; x_wconf 86' lang='lat' dir='ltr'><strong>ibi</strong></span> <span class='ocrx_word' id='word_1_532' title='bbox 1976 3890 2059 3935; x_wconf 87' lang='lat' dir='ltr'><strong>est</strong></span> <span class='ocrx_word' id='word_1_533' title='bbox 2105 3894 2161 3938; x_wconf 90' lang='lat' dir='ltr'><strong>et</strong></span> 
     </span>
    </p>
   </div>
   <div class='ocr_carea' id='block_1_70' title="bbox 567 3955 2155 4041">
    <p class='ocr_par' dir='ltr' id='par_1_70' title="bbox 567 3955 2155 4041">
     <span class='ocr_line' id='line_1_70' title="bbox 567 3955 2155 4041; baseline 0.014 -33"><span class='ocrx_word' id='word_1_534' title='bbox 567 3955 751 4017; x_wconf 73' lang='lat' dir='ltr'><strong>dracti.</strong></span> <span class='ocrx_word' id='word_1_535' title='bbox 788 3961 877 4027; x_wconf 90' lang='lat' dir='ltr'><strong>qui</strong></span> <span class='ocrx_word' id='word_1_536' title='bbox 926 3960 993 4014; x_wconf 80' lang='lat' dir='ltr'><strong>de</strong></span> <span class='ocrx_word' id='word_1_537' title='bbox 1042 3964 1269 4017; x_wconf 84' lang='lat' dir='ltr'><strong>summis</strong></span> <span class='ocrx_word' id='word_1_538' title='bbox 1302 3968 1351 4018; x_wconf 93' lang='lat' dir='ltr'><strong>in</strong></span> <span class='ocrx_word' id='word_1_539' title='bbox 1395 3967 1496 4021; x_wconf 89' lang='lat' dir='ltr'><strong>ima</strong></span> <span class='ocrx_word' id='word_1_540' title='bbox 1527 3968 1773 4037; x_wconf 66' lang='lat' dir='ltr'><strong>deiectus</strong></span> <span class='ocrx_word' id='word_1_541' title='bbox 1804 3973 2008 4039; x_wconf 86' lang='lat' dir='ltr'><strong>judicio</strong></span> <span class='ocrx_word' id='word_1_542' title='bbox 2043 3975 2155 4041; x_wconf 81' lang='lat' dir='ltr'><strong>Dei,</strong></span> 
     </span>
    </p>
   </div>
   <div class='ocr_carea' id='block_1_71' title="bbox 566 4041 2162 4126">
    <p class='ocr_par' dir='ltr' id='par_1_71' title="bbox 566 4041 2162 4126">
     <span class='ocr_line' id='line_1_71' title="bbox 566 4041 2162 4126; baseline 0.016 -30"><span class='ocrx_word' id='word_1_543' title='bbox 566 4047 631 4097; x_wconf 89' lang='lat' dir='ltr'><strong>ad</strong></span> <span class='ocrx_word' id='word_1_544' title='bbox 664 4048 762 4101; x_wconf 57' lang='lat' dir='ltr'><strong>hoc</strong></span> <span class='ocrx_word' id='word_1_545' title='bbox 797 4067 864 4103; x_wconf 75' lang='lat' dir='ltr'><strong>ex</strong></span> <span class='ocrx_word' id='word_1_546' title='bbox 893 4041 1082 4118; x_wconf 59' lang='lat' dir='ltr'><strong>angelo</strong></span> <span class='ocrx_word' id='word_1_547' title='bbox 1121 4054 1367 4109; x_wconf 74' lang='lat' dir='ltr'><strong>diabolus</strong></span> <span class='ocrx_word' id='word_1_548' title='bbox 1413 4056 1584 4112; x_wconf 78' lang='lat' dir='ltr'><strong>factus</strong></span> <span class='ocrx_word' id='word_1_549' title='bbox 1614 4074 1715 4126; x_wconf 79' lang='lat' dir='ltr'><strong>cst,</strong></span> <span class='ocrx_word' id='word_1_550' title='bbox 1761 4075 1811 4113; x_wconf 91' lang='lat' dir='ltr'><strong>ut</strong></span> <span class='ocrx_word' id='word_1_551' title='bbox 1849 4066 2066 4119; x_wconf 71' lang='lat' dir='ltr'><strong>malitim</strong></span> <span class='ocrx_word' id='word_1_552' title='bbox 2106 4077 2162 4123; x_wconf 88' lang='lat' dir='ltr'><strong>et</strong></span> 
     </span>
    </p>
   </div>
   <div class='ocr_carea' id='block_1_72' title="bbox 567 4142 2163 4223">
    <p class='ocr_par' dir='ltr' id='par_1_72' title="bbox 567 4142 2163 4223">
     <span class='ocr_line' id='line_1_72' title="bbox 567 4142 2163 4223; baseline 0.016 -31"><span class='ocrx_word' id='word_1_553' title='bbox 567 4142 815 4197; x_wconf 60' lang='lat' dir='ltr'><strong>nequitiac</strong></span> <span class='ocrx_word' id='word_1_554' title='bbox 850 4145 1015 4210; x_wconf 86' lang='lat' dir='ltr'><strong>ipsius</strong></span> <span class='ocrx_word' id='word_1_555' title='bbox 1054 4163 1081 4198; x_wconf 70' lang='grc' dir='ltr'>τι</span> <span class='ocrx_word' id='word_1_556' title='bbox 1111 4156 1312 4203; x_wconf 74' lang='lat' dir='ltr'><strong>sanctis</strong></span> <span class='ocrx_word' id='word_1_557' title='bbox 1367 4152 1701 4207; x_wconf 70' lang='lat' dir='ltr'><strong>illmleretur.</strong></span> <span class='ocrx_word' id='word_1_558' title='bbox 1737 4155 1837 4223; x_wconf 81' lang='lat' dir='ltr'><strong>Qui</strong></span> <span class='ocrx_word' id='word_1_559' title='bbox 1873 4162 1972 4213; x_wconf 76' lang='lat' dir='ltr'><strong>etsi</strong></span> <span class='ocrx_word' id='word_1_560' title='bbox 2008 4161 2163 4217; x_wconf 83' lang='lat' dir='ltr'><strong>inde-</strong></span> 
     </span>
    </p>
   </div>
   <div class='ocr_carea' id='block_1_73' title="bbox 568 4235 2157 4310">
    <p class='ocr_par' dir='ltr' id='par_1_73' title="bbox 568 4235 2157 4310">
     <span class='ocr_line' id='line_1_73' title="bbox 568 4235 2157 4310; baseline 0.013 -23"><span class='ocrx_word' id='word_1_561' title='bbox 568 4235 809 4288; x_wconf 71' lang='lat' dir='ltr'><strong>sinenter</strong></span> <span class='ocrx_word' id='word_1_562' title='bbox 856 4235 1017 4292; x_wconf 14' lang='lat' dir='ltr'><strong>lilibet</strong></span> <span class='ocrx_word' id='word_1_563' title='bbox 1061 4242 1286 4294; x_wconf 79' lang='lat' dir='ltr'><strong>nocendi</strong></span> <span class='ocrx_word' id='word_1_564' title='bbox 1329 4244 1702 4310; x_wconf 68' lang='lat' dir='ltr'><strong>cupiditatem,</strong></span> <span class='ocrx_word' id='word_1_565' title='bbox 1752 4253 1949 4305; x_wconf 72' lang='lat' dir='ltr'><strong>nemini</strong></span> <span class='ocrx_word' id='word_1_566' title='bbox 1981 4261 2157 4308; x_wconf 76' lang='lat' dir='ltr'><strong>tamen</strong></span> 
     </span>
    </p>
   </div>
   <div class='ocr_carea' id='block_1_74' title="bbox 569 4326 1927 4406">
    <p class='ocr_par' dir='ltr' id='par_1_74' title="bbox 569 4326 1927 4406">
     <span class='ocr_line' id='line_1_74' title="bbox 569 4326 1927 4406; baseline 0.014 -27"><span class='ocrx_word' id='word_1_567' title='bbox 569 4326 687 4397; x_wconf 87' lang='lat' dir='ltr'><strong>plus</strong></span> <span class='ocrx_word' id='word_1_568' title='bbox 712 4332 1067 4385; x_wconf 65' lang='lat' dir='ltr'><strong>tentitionu&#39;n</strong></span> <span class='ocrx_word' id='word_1_569' title='bbox 1096 4346 1266 4396; x_wconf 72' lang='lat' dir='ltr'><strong>toteSI</strong></span> <span class='ocrx_word' id='word_1_570' title='bbox 1295 4336 1496 4390; x_wconf 70' lang='lat' dir='ltr'><strong>inferre</strong></span> <span class='ocrx_word' id='word_1_571' title='bbox 1521 4354 1681 4406; x_wconf 84' lang='lat' dir='ltr'><strong>quam</strong></span> <span class='ocrx_word' id='word_1_572' title='bbox 1712 4342 1927 4398; x_wconf 88' lang='lat' dir='ltr'><strong>sinitur.</strong></span> 
     </span>
    </p>
   </div>
   <div class='ocr_carea' id='block_1_75' title="bbox 636 4419 2157 4503">
    <p class='ocr_par' dir='ltr' id='par_1_75' title="bbox 636 4419 2157 4503">
     <span class='ocr_line' id='line_1_75' title="bbox 636 4419 2157 4503; baseline 0.013 -31"><span class='ocrx_word' id='word_1_573' title='bbox 636 4420 818 4485; x_wconf 76' lang='lat' dir='ltr'><strong>(Vrrs.</strong></span> <span class='ocrx_word' id='word_1_574' title='bbox 842 4419 932 4487; x_wconf 72' lang='lat'><strong>27,</strong></span> <span class='ocrx_word' id='word_1_575' title='bbox 962 4422 1053 4488; x_wconf 62' lang='lat'><strong>18,</strong></span> <span class='ocrx_word' id='word_1_576' title='bbox 1082 4423 1153 4480; x_wconf 77' lang='lat'><strong>:9</strong></span> <span class='ocrx_word' id='word_1_577' title='bbox 1183 4428 1202 4495; x_wconf 85' lang='lat'><strong>)</strong></span> <span class='ocrx_word' id='word_1_578' title='bbox 1228 4426 1417 4479; x_wconf 83' lang='lat' dir='ltr'><strong>Omnia</strong></span> <span class='ocrx_word' id='word_1_579' title='bbox 1441 4446 1472 4480; x_wconf 83' lang='grc' dir='ltr'><em>α</em></span> <span class='ocrx_word' id='word_1_580' title='bbox 1504 4441 1549 4481; x_wconf 87' lang='lat' dir='ltr'><strong>Ie</strong></span> <span class='ocrx_word' id='word_1_581' title='bbox 1579 4442 1897 4503; x_wconf 74' lang='lat' dir='ltr'><strong>exspectant,</strong></span> <span class='ocrx_word' id='word_1_582' title='bbox 1923 4435 2157 4503; x_wconf 84' lang='lat' dir='ltr'><strong>Domine,</strong></span> 
     </span>
    </p>
   </div>
   <div class='ocr_carea' id='block_1_76' title="bbox 564 4511 2161 4593">
    <p class='ocr_par' dir='ltr' id='par_1_76' title="bbox 564 4511 2161 4593">
     <span class='ocr_line' id='line_1_76' title="bbox 564 4511 2161 4593; baseline 0.015 -30"><span class='ocrx_word' id='word_1_583' title='bbox 564 4522 619 4564; x_wconf 89' lang='lat' dir='ltr'><strong>ut</strong></span> <span class='ocrx_word' id='word_1_584' title='bbox 646 4511 735 4563; x_wconf 71' lang='lat' dir='ltr'><strong>des</strong></span> <span class='ocrx_word' id='word_1_585' title='bbox 762 4512 866 4567; x_wconf 84' lang='lat' dir='ltr'><strong>illis</strong></span> <span class='ocrx_word' id='word_1_586' title='bbox 907 4515 1074 4568; x_wconf 84' lang='lat' dir='ltr'><strong>cibum</strong></span> <span class='ocrx_word' id='word_1_587' title='bbox 1106 4519 1157 4571; x_wconf 86' lang='lat' dir='ltr'><strong>in</strong></span> <span class='ocrx_word' id='word_1_588' title='bbox 1186 4531 1409 4591; x_wconf 85' lang='lat' dir='ltr'><strong>tempore</strong></span> <span class='ocrx_word' id='word_1_589' title='bbox 1438 4534 1752 4593; x_wconf 70' lang='lat' dir='ltr'><strong>opportuno.</strong></span> <span class='ocrx_word' id='word_1_590' title='bbox 1789 4526 1958 4583; x_wconf 84' lang='lat' dir='ltr'><strong>Dante</strong></span> <span class='ocrx_word' id='word_1_591' title='bbox 1988 4546 2055 4592; x_wconf 82' lang='lat' dir='ltr'><strong>te,</strong></span> <span class='ocrx_word' id='word_1_592' title='bbox 2082 4533 2161 4587; x_wconf 86' lang='lat' dir='ltr'><strong>illi</strong></span> 
     </span>
    </p>
   </div>
   <div class='ocr_carea' id='block_1_77' title="bbox 2263 3320 3279 3390">
    <p class='ocr_par' dir='ltr' id='par_1_77' title="bbox 2263 3320 3279 3390">
     <span class='ocr_line' id='line_1_77' title="bbox 2263 3320 3279 3390; baseline -0.003 -16"><span class='ocrx_word' id='word_1_593' title='bbox 2263 3320 2508 3390; x_wconf 77' lang='lat' dir='ltr'><strong>perbum,</strong></span> <span class='ocrx_word' id='word_1_594' title='bbox 2532 3333 2587 3376; x_wconf 89' lang='lat' dir='ltr'><strong>et</strong></span> <span class='ocrx_word' id='word_1_595' title='bbox 2607 3321 2700 3376; x_wconf 87' lang='lat' dir='ltr'><strong>dat</strong></span> <span class='ocrx_word' id='word_1_596' title='bbox 2730 3320 2991 3390; x_wconf 91' lang='lat' dir='ltr'><strong>Spiritum</strong></span> <span class='ocrx_word' id='word_1_597' title='bbox 3014 3329 3279 3374; x_wconf 87' lang='lat' dir='ltr'><strong>sanctum.</strong></span> 
     </span>
    </p>
   </div>
   <div class='ocr_carea' id='block_1_78' title="bbox 2335 3408 3835 3488">
    <p class='ocr_par' dir='ltr' id='par_1_78' title="bbox 2335 3408 3835 3488">
     <span class='ocr_line' id='line_1_78' title="bbox 2335 3408 3835 3488; baseline -0.011 -16"><span class='ocrx_word' id='word_1_598' title='bbox 2335 3416 2517 3488; x_wconf 84' lang='lat' dir='ltr'><strong>(Vers.</strong></span> <span class='ocrx_word' id='word_1_599' title='bbox 2541 3415 2656 3488; x_wconf 74' lang='grc'><strong>52.)</strong></span> <span class='ocrx_word' id='word_1_600' title='bbox 2690 3415 2790 3480; x_wconf 82' lang='lat' dir='ltr'><strong>Qui</strong></span> <span class='ocrx_word' id='word_1_601' title='bbox 2809 3414 2990 3485; x_wconf 84' lang='lat' dir='ltr'><strong>aspicit</strong></span> <span class='ocrx_word' id='word_1_602' title='bbox 3017 3422 3228 3479; x_wconf 78' lang='lat' dir='ltr'><strong>terrain,</strong></span> <span class='ocrx_word' id='word_1_603' title='bbox 3250 3421 3301 3465; x_wconf 87' lang='lat' dir='ltr'><strong>et</strong></span> <span class='ocrx_word' id='word_1_604' title='bbox 3324 3408 3449 3481; x_wconf 82' lang='lat' dir='ltr'><strong>facit</strong></span> <span class='ocrx_word' id='word_1_605' title='bbox 3475 3424 3585 3465; x_wconf 85' lang='lat' dir='ltr'><strong>eam</strong></span> <span class='ocrx_word' id='word_1_606' title='bbox 3612 3416 3835 3465; x_wconf 83' lang='lat' dir='ltr'><strong>tremere;</strong></span> 
     </span>
    </p>
   </div>
   <div class='ocr_carea' id='block_1_79' title="bbox 2261 3500 3834 3583">
    <p class='ocr_par' dir='ltr' id='par_1_79' title="bbox 2261 3500 3834 3583">
     <span class='ocr_line' id='line_1_79' title="bbox 2261 3500 3834 3583; baseline -0.008 -18"><span class='ocrx_word' id='word_1_607' title='bbox 2261 3513 2349 3583; x_wconf 76' lang='lat' dir='ltr'><strong>qui</strong></span> <span class='ocrx_word' id='word_1_608' title='bbox 2376 3512 2539 3582; x_wconf 84' lang='lat' dir='ltr'><strong>tangit</strong></span> <span class='ocrx_word' id='word_1_609' title='bbox 2568 3520 2790 3576; x_wconf 87' lang='lat' dir='ltr'><strong>montes,</strong></span> <span class='ocrx_word' id='word_1_610' title='bbox 2817 3518 2866 3565; x_wconf 92' lang='lat' dir='ltr'><strong>et</strong></span> <span class='ocrx_word' id='word_1_611' title='bbox 2892 3507 3234 3579; x_wconf 81' lang='lat' dir='ltr'><strong>fumigabunt.</strong></span> <span class='ocrx_word' id='word_1_612' title='bbox 3264 3506 3389 3559; x_wconf 72' lang='lat' dir='ltr'><strong>llaec</strong></span> <span class='ocrx_word' id='word_1_613' title='bbox 3413 3516 3577 3573; x_wconf 84' lang='lat' dir='ltr'><strong>opera</strong></span> <span class='ocrx_word' id='word_1_614' title='bbox 3603 3500 3697 3555; x_wconf 90' lang='lat' dir='ltr'><strong>Dei</strong></span> <span class='ocrx_word' id='word_1_615' title='bbox 3724 3512 3834 3550; x_wconf 69' lang='lat' dir='ltr'><strong>ron-</strong></span> 
     </span>
    </p>
   </div>
   <div class='ocr_carea' id='block_1_80' title="bbox 2263 3596 3833 3672">
    <p class='ocr_par' dir='ltr' id='par_1_80' title="bbox 2263 3596 3833 3672">
     <span class='ocr_line' id='line_1_80' title="bbox 2263 3596 3833 3672; baseline -0.011 -12"><span class='ocrx_word' id='word_1_616' title='bbox 2263 3607 2525 3660; x_wconf 74' lang='lat' dir='ltr'><strong>vcrtentis</strong></span> <span class='ocrx_word' id='word_1_617' title='bbox 2546 3619 2790 3665; x_wconf 75' lang='lat' dir='ltr'><strong>aversos.</strong></span> <span class='ocrx_word' id='word_1_618' title='bbox 2822 3614 2877 3658; x_wconf 90' lang='grc' dir='ltr'><strong>ιιι</strong></span> <span class='ocrx_word' id='word_1_619' title='bbox 2910 3604 3146 3672; x_wconf 77' lang='lat' dir='ltr'><strong>aSpiciat</strong></span> <span class='ocrx_word' id='word_1_620' title='bbox 3168 3599 3233 3653; x_wconf 90' lang='lat' dir='ltr'><strong>ad</strong></span> <span class='ocrx_word' id='word_1_621' title='bbox 3262 3611 3461 3653; x_wconf 91' lang='lat' dir='ltr'><strong>terram</strong></span> <span class='ocrx_word' id='word_1_622' title='bbox 3488 3596 3833 3663; x_wconf 63' lang='lat' dir='ltr'><strong>praiidettlem</strong></span> 
     </span>
    </p>
   </div>
   <div class='ocr_carea' id='block_1_81' title="bbox 2262 3688 3832 3765">
    <p class='ocr_par' dir='ltr' id='par_1_81' title="bbox 2262 3688 3832 3765">
     <span class='ocr_line' id='line_1_81' title="bbox 2262 3688 3832 3765; baseline -0.011 -12"><span class='ocrx_word' id='word_1_623' title='bbox 2262 3699 2387 3764; x_wconf 85' lang='lat' dir='ltr'><strong>sibi,</strong></span> <span class='ocrx_word' id='word_1_624' title='bbox 2421 3714 2483 3755; x_wconf 85' lang='lat' dir='ltr'><strong>ac</strong></span> <span class='ocrx_word' id='word_1_625' title='bbox 2515 3699 2582 3753; x_wconf 89' lang='lat' dir='ltr'><strong>de</strong></span> <span class='ocrx_word' id='word_1_626' title='bbox 2606 3698 2716 3753; x_wconf 88' lang='lat' dir='ltr'><strong>suis</strong></span> <span class='ocrx_word' id='word_1_627' title='bbox 2750 3696 2954 3751; x_wconf 89' lang='lat' dir='ltr'><strong>viribus</strong></span> <span class='ocrx_word' id='word_1_628' title='bbox 2983 3704 3425 3765; x_wconf 67' lang='lat' dir='ltr'><strong>prwsumentem.</strong></span> <span class='ocrx_word' id='word_1_629' title='bbox 3461 3700 3514 3745; x_wconf 88' lang='lat' dir='ltr'><strong>et</strong></span> <span class='ocrx_word' id='word_1_630' title='bbox 3545 3688 3706 3743; x_wconf 81' lang='lat' dir='ltr'><strong>faeiat</strong></span> <span class='ocrx_word' id='word_1_631' title='bbox 3732 3696 3832 3739; x_wconf 79' lang='lat' dir='ltr'><strong>eam</strong></span> 
     </span>
    </p>
   </div>
   <div class='ocr_carea' id='block_1_82' title="bbox 2266 3785 3832 3855">
    <p class='ocr_par' dir='ltr' id='par_1_82' title="bbox 2266 3785 3832 3855">
     <span class='ocr_line' id='line_1_82' title="bbox 2266 3785 3832 3855; baseline -0.005 -9"><span class='ocrx_word' id='word_1_632' title='bbox 2266 3804 2521 3855; x_wconf 84' lang='lat' dir='ltr'><strong>tremere,</strong></span> <span class='ocrx_word' id='word_1_633' title='bbox 2550 3804 2601 3847; x_wconf 94' lang='lat' dir='ltr'><strong>et</strong></span> <span class='ocrx_word' id='word_1_634' title='bbox 2629 3793 2767 3846; x_wconf 86' lang='lat' dir='ltr'><strong>lianc</strong></span> <span class='ocrx_word' id='word_1_635' title='bbox 2788 3791 2888 3845; x_wconf 80' lang='lat' dir='ltr'><strong>sibi</strong></span> <span class='ocrx_word' id='word_1_636' title='bbox 2914 3803 3035 3844; x_wconf 83' lang='lat' dir='ltr'><strong>esse</strong></span> <span class='ocrx_word' id='word_1_637' title='bbox 3057 3802 3272 3843; x_wconf 78' lang='lat' dir='ltr'><strong>causam</strong></span> <span class='ocrx_word' id='word_1_638' title='bbox 3305 3786 3555 3839; x_wconf 83' lang='lat' dir='ltr'><strong>tremoris</strong></span> <span class='ocrx_word' id='word_1_639' title='bbox 3575 3785 3832 3845; x_wconf 64' lang='lat' dir='ltr'><strong>agito-eat.</strong></span> 
     </span>
    </p>
   </div>
   <div class='ocr_carea' id='block_1_83' title="bbox 2262 3878 3838 3956">
    <p class='ocr_par' dir='ltr' id='par_1_83' title="bbox 2262 3878 3838 3956">
     <span class='ocr_line' id='line_1_83' title="bbox 2262 3878 3838 3956; baseline -0.011 -17"><span class='ocrx_word' id='word_1_640' title='bbox 2262 3888 2385 3956; x_wconf 87' lang='lat' dir='ltr'><strong>quia</strong></span> <span class='ocrx_word' id='word_1_641' title='bbox 2424 3885 2563 3940; x_wconf 70' lang='lat' dir='ltr'><strong>Deus</strong></span> <span class='ocrx_word' id='word_1_642' title='bbox 2592 3882 2621 3922; x_wconf 69' lang='grc' dir='ltr'><strong>ι)</strong></span> <span class='ocrx_word' id='word_1_643' title='bbox 2656 3885 2706 3938; x_wconf 93' lang='lat' dir='ltr'><strong>in</strong></span> <span class='ocrx_word' id='word_1_644' title='bbox 2755 3884 2872 3951; x_wconf 79' lang='lat' dir='ltr'><strong>ipso</strong></span> <span class='ocrx_word' id='word_1_645' title='bbox 2911 3892 3166 3952; x_wconf 70' lang='lat' dir='ltr'><strong>operator</strong></span> <span class='ocrx_word' id='word_1_646' title='bbox 3210 3890 3267 3933; x_wconf 89' lang='lat' dir='ltr'><strong>ut</strong></span> <span class='ocrx_word' id='word_1_647' title='bbox 3310 3878 3447 3931; x_wconf 89' lang='lat' dir='ltr'><strong>bona</strong></span> <span class='ocrx_word' id='word_1_648' title='bbox 3500 3879 3589 3939; x_wconf 81' lang='lat' dir='ltr'><strong>sit,</strong></span> <span class='ocrx_word' id='word_1_649' title='bbox 3644 3886 3745 3943; x_wconf 90' lang='lat' dir='ltr'><strong>quo</strong></span> <span class='ocrx_word' id='word_1_650' title='bbox 3788 3881 3838 3922; x_wconf 85' lang='lat' dir='ltr'><strong>se</strong></span> 
     </span>
    </p>
   </div>
   <div class='ocr_carea' id='block_1_84' title="bbox 2264 3972 3837 4039">
    <p class='ocr_par' dir='ltr' id='par_1_84' title="bbox 2264 3972 3837 4039">
     <span class='ocr_line' id='line_1_84' title="bbox 2264 3972 3837 4039; baseline -0.008 -10"><span class='ocrx_word' id='word_1_651' title='bbox 2264 3986 2543 4031; x_wconf 75' lang='lat' dir='ltr'><strong>avertente</strong></span> <span class='ocrx_word' id='word_1_652' title='bbox 2572 3975 2867 4031; x_wconf 76' lang='lat' dir='ltr'><strong>defecerat.</strong></span> <span class='ocrx_word' id='word_1_653' title='bbox 2904 3974 3105 4029; x_wconf 72' lang='lat' dir='ltr'><strong>Eodem</strong></span> <span class='ocrx_word' id='word_1_654' title='bbox 3138 3983 3318 4027; x_wconf 81' lang='lat' dir='ltr'><strong>autem</strong></span> <span class='ocrx_word' id='word_1_655' title='bbox 3361 3984 3530 4039; x_wconf 85' lang='lat' dir='ltr'><strong>opere</strong></span> <span class='ocrx_word' id='word_1_656' title='bbox 3565 3972 3837 4035; x_wconf 74' lang='lat' dir='ltr'><strong>tanguntur</strong></span> 
     </span>
    </p>
   </div>
   <div class='ocr_carea' id='block_1_85' title="bbox 2264 4056 3837 4137">
    <p class='ocr_par' dir='ltr' id='par_1_85' title="bbox 2264 4056 3837 4137">
     <span class='ocr_line' id='line_1_85' title="bbox 2264 4056 3837 4137; baseline -0.011 -11"><span class='ocrx_word' id='word_1_657' title='bbox 2264 4081 2319 4126; x_wconf 91' lang='lat' dir='ltr'><strong><em>et</em></strong></span> <span class='ocrx_word' id='word_1_658' title='bbox 2346 4082 2581 4135; x_wconf 86' lang='lat' dir='ltr'><strong>montes,</strong></span> <span class='ocrx_word' id='word_1_659' title='bbox 2614 4070 2663 4123; x_wconf 88' lang='lat' dir='ltr'><strong>id</strong></span> <span class='ocrx_word' id='word_1_660' title='bbox 2696 4080 2797 4136; x_wconf 86' lang='lat' dir='ltr'><strong>est,</strong></span> <span class='ocrx_word' id='word_1_661' title='bbox 2843 4068 3190 4122; x_wconf 89' lang='lat' dir='ltr'><strong>sublimiores</strong></span> <span class='ocrx_word' id='word_1_662' title='bbox 3214 4065 3458 4137; x_wconf 85' lang='lat' dir='ltr'><strong>quidam,</strong></span> <span class='ocrx_word' id='word_1_663' title='bbox 3502 4072 3553 4115; x_wconf 84' lang='lat' dir='ltr'><strong>et</strong></span> <span class='ocrx_word' id='word_1_664' title='bbox 3587 4056 3837 4130; x_wconf 79' lang='lat' dir='ltr'><strong>potentio-</strong></span> 
     </span>
    </p>
   </div>
   <div class='ocr_carea' id='block_1_86' title="bbox 2262 4151 3832 4233">
    <p class='ocr_par' dir='ltr' id='par_1_86' title="bbox 2262 4151 3832 4233">
     <span class='ocr_line' id='line_1_86' title="bbox 2262 4151 3832 4233; baseline -0.011 -15"><span class='ocrx_word' id='word_1_665' title='bbox 2262 4179 2350 4219; x_wconf 86' lang='lat' dir='ltr'><strong>res</strong></span> <span class='ocrx_word' id='word_1_666' title='bbox 2382 4164 2539 4233; x_wconf 76' lang='lat' dir='ltr'><strong>huius</strong></span> <span class='ocrx_word' id='word_1_667' title='bbox 2576 4163 2761 4218; x_wconf 53' lang='grc' dir='ltr'><strong>ενοι]Ιί</strong></span> <span class='ocrx_word' id='word_1_668' title='bbox 2796 4180 2807 4215; x_wconf 90' lang='lat'>:</span> <span class='ocrx_word' id='word_1_669' title='bbox 2842 4173 2887 4216; x_wconf 85' lang='lat' dir='ltr'><strong>et</strong></span> <span class='ocrx_word' id='word_1_670' title='bbox 2919 4160 3262 4230; x_wconf 78' lang='lat' dir='ltr'><strong>fumigabuttt.</strong></span> <span class='ocrx_word' id='word_1_671' title='bbox 3298 4161 3345 4211; x_wconf 87' lang='lat' dir='ltr'><strong>id</strong></span> <span class='ocrx_word' id='word_1_672' title='bbox 3372 4168 3479 4218; x_wconf 81' lang='lat' dir='ltr'><strong>eSl,</strong></span> <span class='ocrx_word' id='word_1_673' title='bbox 3507 4156 3709 4209; x_wconf 80' lang='lat' dir='ltr'><strong>daliuttt</strong></span> <span class='ocrx_word' id='word_1_674' title='bbox 3736 4151 3832 4202; x_wconf 83' lang='lat' dir='ltr'><strong>Deo</strong></span> 
     </span>
    </p>
   </div>
   <div class='ocr_carea' id='block_1_87' title="bbox 2264 4242 3838 4323">
    <p class='ocr_par' dir='ltr' id='par_1_87' title="bbox 2264 4242 3838 4323">
     <span class='ocr_line' id='line_1_87' title="bbox 2264 4242 3838 4323; baseline -0.012 -11"><span class='ocrx_word' id='word_1_675' title='bbox 2264 4258 2684 4318; x_wconf 71' lang='lat' dir='ltr'><strong>coalessioncm,</strong></span> <span class='ocrx_word' id='word_1_676' title='bbox 2719 4268 2768 4308; x_wconf 85' lang='lat' dir='ltr'><strong>et</strong></span> <span class='ocrx_word' id='word_1_677' title='bbox 2807 4268 2993 4323; x_wconf 70' lang='lat' dir='ltr'><strong>pret-es</strong></span> <span class='ocrx_word' id='word_1_678' title='bbox 3021 4269 3258 4321; x_wconf 72' lang='lat' dir='ltr'><strong>ipsorum</strong></span> <span class='ocrx_word' id='word_1_679' title='bbox 3287 4250 3353 4305; x_wconf 89' lang='lat' dir='ltr'><strong>ad</strong></span> <span class='ocrx_word' id='word_1_680' title='bbox 3385 4251 3572 4312; x_wconf 86' lang='lat' dir='ltr'><strong>Deum,</strong></span> <span class='ocrx_word' id='word_1_681' title='bbox 3606 4250 3694 4316; x_wconf 85' lang='lat' dir='ltr'><strong>qui</strong></span> <span class='ocrx_word' id='word_1_682' title='bbox 3728 4242 3838 4296; x_wconf 87' lang='lat' dir='ltr'><strong>illos</strong></span> 
     </span>
    </p>
   </div>
   <div class='ocr_carea' id='block_1_88' title="bbox 2264 4348 3140 4420">
    <p class='ocr_par' dir='ltr' id='par_1_88' title="bbox 2264 4348 3140 4420">
     <span class='ocr_line' id='line_1_88' title="bbox 2264 4348 3140 4420; baseline -0.005 -15"><span class='ocrx_word' id='word_1_683' title='bbox 2264 4350 2459 4420; x_wconf 69' lang='lat' dir='ltr'><strong>tetigit.</strong></span> <span class='ocrx_word' id='word_1_684' title='bbox 2486 4352 2637 4413; x_wconf 83' lang='lat' dir='ltr'><strong>quasi</strong></span> <span class='ocrx_word' id='word_1_685' title='bbox 2673 4352 2851 4402; x_wconf 73' lang='grc' dir='ltr'>[ιιιιιιιε</span> <span class='ocrx_word' id='word_1_686' title='bbox 2874 4348 3140 4401; x_wconf 75' lang='lat' dir='ltr'><strong>ascendit.</strong></span> 
     </span>
    </p>
   </div>
   <div class='ocr_carea' id='block_1_89' title="bbox 2337 4434 3838 4516">
    <p class='ocr_par' dir='ltr' id='par_1_89' title="bbox 2337 4434 3838 4516">
     <span class='ocr_line' id='line_1_89' title="bbox 2337 4434 3838 4516; baseline -0.008 -19"><span class='ocrx_word' id='word_1_687' title='bbox 2337 4444 2518 4516; x_wconf 82' lang='lat' dir='ltr'><strong>(Vers.</strong></span> <span class='ocrx_word' id='word_1_688' title='bbox 2552 4444 2666 4511; x_wconf 68' lang='lat'><strong>53.)</strong></span> <span class='ocrx_word' id='word_1_689' title='bbox 2696 4441 2921 4497; x_wconf 79' lang='lat' dir='ltr'><strong>Cantabo</strong></span> <span class='ocrx_word' id='word_1_690' title='bbox 2971 4442 3188 4495; x_wconf 83' lang='lat' dir='ltr'><strong>Domino</strong></span> <span class='ocrx_word' id='word_1_691' title='bbox 3218 4441 3269 4493; x_wconf 89' lang='lat' dir='ltr'><strong>in</strong></span> <span class='ocrx_word' id='word_1_692' title='bbox 3302 4438 3405 4492; x_wconf 74' lang='lat' dir='ltr'><strong>vita</strong></span> <span class='ocrx_word' id='word_1_693' title='bbox 3436 4455 3586 4505; x_wconf 83' lang='lat' dir='ltr'><strong>mea;</strong></span> <span class='ocrx_word' id='word_1_694' title='bbox 3634 4434 3838 4506; x_wconf 71' lang='lat' dir='ltr'><strong>psallam</strong></span> 
     </span>
    </p>
   </div>
   <div class='ocr_carea' id='block_1_90' title="bbox 2269 4528 3834 4602">
    <p class='ocr_par' dir='ltr' id='par_1_90' title="bbox 2269 4528 3834 4602">
     <span class='ocr_line' id='line_1_90' title="bbox 2269 4528 3834 4602; baseline -0.008 -13"><span class='ocrx_word' id='word_1_695' title='bbox 2269 4535 2374 4590; x_wconf 86' lang='lat' dir='ltr'><strong>Deo</strong></span> <span class='ocrx_word' id='word_1_696' title='bbox 2402 4551 2535 4599; x_wconf 88' lang='lat' dir='ltr'><strong>meo,</strong></span> <span class='ocrx_word' id='word_1_697' title='bbox 2564 4536 2809 4602; x_wconf 81' lang='lat' dir='ltr'><strong>qttmudiu</strong></span> <span class='ocrx_word' id='word_1_698' title='bbox 2845 4551 2980 4589; x_wconf 87' lang='lat' dir='ltr'><strong>sum.</strong></span> <span class='ocrx_word' id='word_1_699' title='bbox 3034 4531 3249 4594; x_wconf 83' lang='lat' dir='ltr'><strong>Omnia,</strong></span> <span class='ocrx_word' id='word_1_700' title='bbox 3298 4532 3492 4602; x_wconf 82' lang='lat' dir='ltr'><strong>inquit.</strong></span> <span class='ocrx_word' id='word_1_701' title='bbox 3541 4532 3604 4583; x_wconf 84' lang='lat' dir='ltr'><strong>ad</strong></span> <span class='ocrx_word' id='word_1_702' title='bbox 3641 4528 3834 4582; x_wconf 70' lang='lat' dir='ltr'><strong>laudem</strong></span> 
     </span>
    </p>
   </div>
   <div class='ocr_carea' id='block_1_91' title="bbox 566 4602 3837 4695">
    <p class='ocr_par' dir='ltr' id='par_1_91' title="bbox 566 4602 3837 4695">
     <span class='ocr_line' id='line_1_91' title="bbox 566 4602 3837 4695; baseline 0.004 -36"><span class='ocrx_word' id='word_1_703' title='bbox 566 4602 825 4673; x_wconf 79' lang='lat' dir='ltr'><strong>co&#39;ligent.</strong></span> <span class='ocrx_word' id='word_1_704' title='bbox 859 4604 1137 4662; x_wconf 74' lang='lat' dir='ltr'><strong>Uiiivcrsis</strong></span> <span class='ocrx_word' id='word_1_705' title='bbox 1185 4612 1521 4680; x_wconf 86' lang='lat' dir='ltr'><strong>repentibus.</strong></span> <span class='ocrx_word' id='word_1_706' title='bbox 1569 4627 1778 4673; x_wconf 79' lang='lat' dir='ltr'><strong>CHIICIIS</strong></span> <span class='ocrx_word' id='word_1_707' title='bbox 1810 4622 2154 4688; x_wconf 85' lang='lat' dir='ltr'><strong>animalibus,</strong></span> <span class='ocrx_word' id='word_1_708' title='bbox 2183 4620 2236 4680; x_wconf 85' lang='lat' dir='ltr'><strong>D</strong></span> <span class='ocrx_word' id='word_1_709' title='bbox 2265 4628 2357 4683; x_wconf 90' lang='lat' dir='ltr'><strong>Dei</strong></span> <span class='ocrx_word' id='word_1_710' title='bbox 2392 4628 2644 4689; x_wconf 78' lang='lat' dir='ltr'><strong>referam,</strong></span> <span class='ocrx_word' id='word_1_711' title='bbox 2678 4640 2726 4682; x_wconf 76' lang='lat' dir='ltr'><strong>et</strong></span> <span class='ocrx_word' id='word_1_712' title='bbox 2763 4628 3049 4683; x_wconf 89' lang='lat' dir='ltr'><strong>Dominum</strong></span> <span class='ocrx_word' id='word_1_713' title='bbox 3083 4627 3136 4681; x_wconf 92' lang='lat' dir='ltr'><strong>in</strong></span> <span class='ocrx_word' id='word_1_714' title='bbox 3168 4626 3421 4680; x_wconf 90' lang='lat' dir='ltr'><strong>omnibus</strong></span> <span class='ocrx_word' id='word_1_715' title='bbox 3454 4626 3708 4695; x_wconf 83' lang='lat' dir='ltr'><strong>Operibos</strong></span> <span class='ocrx_word' id='word_1_716' title='bbox 3736 4619 3837 4675; x_wconf 87' lang='lat' dir='ltr'><strong>suis</strong></span> 
     </span>
    </p>
   </div>
   <div class='ocr_carea' id='block_1_92' title="bbox 564 4697 2159 4783">
    <p class='ocr_par' dir='ltr' id='par_1_92' title="bbox 564 4697 2159 4783">
     <span class='ocr_line' id='line_1_92' title="bbox 564 4697 2159 4783; baseline 0.014 -34"><span class='ocrx_word' id='word_1_717' title='bbox 564 4708 724 4765; x_wconf 86' lang='lat' dir='ltr'><strong>atque</strong></span> <span class='ocrx_word' id='word_1_718' title='bbox 751 4698 848 4762; x_wconf 84' lang='lat' dir='ltr'><strong>ipsi</strong></span> <span class='ocrx_word' id='word_1_719' title='bbox 876 4697 1097 4753; x_wconf 70' lang='lat' dir='ltr'><strong>diaccmi</strong></span> <span class='ocrx_word' id='word_1_720' title='bbox 1125 4718 1229 4755; x_wconf 89' lang='lat' dir='ltr'><strong>non</strong></span> <span class='ocrx_word' id='word_1_721' title='bbox 1257 4707 1491 4775; x_wconf 83' lang='lat' dir='ltr'><strong>suppetit</strong></span> <span class='ocrx_word' id='word_1_722' title='bbox 1518 4709 1691 4775; x_wconf 80' lang='lat' dir='ltr'><strong>cilius,</strong></span> <span class='ocrx_word' id='word_1_723' title='bbox 1736 4711 1833 4765; x_wconf 88' lang='lat' dir='ltr'><strong>uisi</strong></span> <span class='ocrx_word' id='word_1_724' title='bbox 1866 4729 2023 4783; x_wconf 86' lang='lat' dir='ltr'><strong>quem</strong></span> <span class='ocrx_word' id='word_1_725' title='bbox 2052 4716 2159 4770; x_wconf 85' lang='lat' dir='ltr'><strong>Do-</strong></span> 
     </span>
    </p>
   </div>
   <div class='ocr_carea' id='block_1_93' title="bbox 564 4790 2157 4878">
    <p class='ocr_par' dir='ltr' id='par_1_93' title="bbox 564 4790 2157 4878">
     <span class='ocr_line' id='line_1_93' title="bbox 564 4790 2157 4878; baseline 0.012 -35"><span class='ocrx_word' id='word_1_726' title='bbox 564 4790 743 4845; x_wconf 78' lang='lat' dir='ltr'><strong>minus</strong></span> <span class='ocrx_word' id='word_1_727' title='bbox 770 4791 1000 4847; x_wconf 76' lang='lat' dir='ltr'><strong>dt&#39;dt&#39;l’li.</strong></span> <span class='ocrx_word' id='word_1_728' title='bbox 1025 4794 1280 4862; x_wconf 78' lang='lat' dir='ltr'><strong>Quamvis</strong></span> <span class='ocrx_word' id='word_1_729' title='bbox 1303 4797 1447 4852; x_wconf 88' lang='lat' dir='ltr'><strong>enim</strong></span> <span class='ocrx_word' id='word_1_730' title='bbox 1476 4800 1642 4855; x_wconf 82' lang='lat' dir='ltr'><strong>draco</strong></span> <span class='ocrx_word' id='word_1_731' title='bbox 1666 4820 1883 4875; x_wconf 83' lang='lat' dir='ltr'><strong>semper</strong></span> <span class='ocrx_word' id='word_1_732' title='bbox 1904 4810 1974 4862; x_wconf 76' lang='lat' dir='ltr'><strong>sit</strong></span> <span class='ocrx_word' id='word_1_733' title='bbox 2005 4811 2157 4878; x_wconf 88' lang='lat' dir='ltr'><strong>cupi-</strong></span> 
     </span>
    </p>
   </div>
   <div class='ocr_carea' id='block_1_94' title="bbox 560 4882 2155 4967">
    <p class='ocr_par' dir='ltr' id='par_1_94' title="bbox 560 4882 2155 4967">
     <span class='ocr_line' id='line_1_94' title="bbox 560 4882 2155 4967; baseline 0.014 -32"><span class='ocrx_word' id='word_1_734' title='bbox 560 4883 662 4936; x_wconf 64' lang='lat' dir='ltr'><strong>dus</strong></span> <span class='ocrx_word' id='word_1_735' title='bbox 711 4882 776 4936; x_wconf 90' lang='lat' dir='ltr'><strong>ad</strong></span> <span class='ocrx_word' id='word_1_736' title='bbox 827 4890 1153 4953; x_wconf 69' lang='lat' dir='ltr'><strong>vorandum,</strong></span> <span class='ocrx_word' id='word_1_737' title='bbox 1196 4904 1385 4945; x_wconf 89' lang='lat' dir='ltr'><strong>vorare</strong></span> <span class='ocrx_word' id='word_1_738' title='bbox 1439 4902 1616 4949; x_wconf 87' lang='lat' dir='ltr'><strong>tamen</strong></span> <span class='ocrx_word' id='word_1_739' title='bbox 1650 4911 1756 4951; x_wconf 91' lang='lat' dir='ltr'><strong>non</strong></span> <span class='ocrx_word' id='word_1_740' title='bbox 1808 4910 2002 4967; x_wconf 68' lang='lat' dir='ltr'><strong>powst,</strong></span> <span class='ocrx_word' id='word_1_741' title='bbox 2052 4902 2155 4958; x_wconf 75' lang='lat' dir='ltr'><strong>nisi</strong></span> 
     </span>
    </p>
   </div>
   <div class='ocr_carea' id='block_1_95' title="bbox 560 4976 2153 5050">
    <p class='ocr_par' dir='ltr' id='par_1_95' title="bbox 560 4976 2153 5050">
     <span class='ocr_line' id='line_1_95' title="bbox 560 4976 2153 5050; baseline 0.016 -26"><span class='ocrx_word' id='word_1_742' title='bbox 560 4976 700 5043; x_wconf 84' lang='lat' dir='ltr'><strong>quod</strong></span> <span class='ocrx_word' id='word_1_743' title='bbox 735 4977 874 5031; x_wconf 79' lang='lat' dir='ltr'><strong>Deos</strong></span> <span class='ocrx_word' id='word_1_744' title='bbox 911 4979 1088 5047; x_wconf 77' lang='lat' dir='ltr'><strong>justus</strong></span> <span class='ocrx_word' id='word_1_745' title='bbox 1117 4982 1357 5036; x_wconf 83' lang='lat' dir='ltr'><strong>ciborum</strong></span> <span class='ocrx_word' id='word_1_746' title='bbox 1398 4989 1638 5041; x_wconf 89' lang='lat' dir='ltr'><strong>omnium</strong></span> <span class='ocrx_word' id='word_1_747' title='bbox 1688 4989 2010 5049; x_wconf 87' lang='lat' dir='ltr'><strong>distributor</strong></span> <span class='ocrx_word' id='word_1_748' title='bbox 2040 4996 2153 5050; x_wconf 86' lang='lat' dir='ltr'><strong>esui</strong></span> 
     </span>
    </p>
   </div>
   <div class='ocr_carea' id='block_1_96' title="bbox 558 5069 2151 5157">
    <p class='ocr_par' dir='ltr' id='par_1_96' title="bbox 558 5069 2151 5157">
     <span class='ocr_line' id='line_1_96' title="bbox 558 5069 2151 5157; baseline 0.016 -41"><span class='ocrx_word' id='word_1_749' title='bbox 558 5069 673 5135; x_wconf 78' lang='lat' dir='ltr'><strong>t‘jllS</strong></span> <span class='ocrx_word' id='word_1_750' title='bbox 700 5070 993 5126; x_wconf 73' lang='lat' dir='ltr'><strong>addixerit.</strong></span> <span class='ocrx_word' id='word_1_751' title='bbox 1030 5072 1125 5127; x_wconf 85' lang='lat' dir='ltr'><strong>Est</strong></span> <span class='ocrx_word' id='word_1_752' title='bbox 1151 5088 1330 5130; x_wconf 88' lang='lat' dir='ltr'><strong>autem</strong></span> <span class='ocrx_word' id='word_1_753' title='bbox 1363 5092 1485 5135; x_wconf 82' lang='lat' dir='ltr'><strong>esca</strong></span> <span class='ocrx_word' id='word_1_754' title='bbox 1537 5082 1704 5147; x_wconf 82' lang='lat' dir='ltr'><strong>ipsius</strong></span> <span class='ocrx_word' id='word_1_755' title='bbox 1749 5094 1894 5140; x_wconf 86' lang='lat' dir='ltr'><strong>terra</strong></span> <span class='ocrx_word' id='word_1_756' title='bbox 1944 5085 2151 5157; x_wconf 81' lang='lat' dir='ltr'><strong>(Cenes.</strong></span> 
     </span>
    </p>
   </div>
   <div class='ocr_carea' id='block_1_97' title="bbox 560 5164 2151 5243">
    <p class='ocr_par' dir='ltr' id='par_1_97' title="bbox 560 5164 2151 5243">
     <span class='ocr_line' id='line_1_97' title="bbox 560 5164 2151 5243; baseline 0.016 -30"><span class='ocrx_word' id='word_1_757' title='bbox 560 5175 635 5219; x_wconf 83' lang='lat' dir='ltr'><strong>ut.</strong></span> <span class='ocrx_word' id='word_1_758' title='bbox 678 5164 780 5235; x_wconf 67' lang='grc'><strong>14).</strong></span> <span class='ocrx_word' id='word_1_759' title='bbox 820 5166 933 5220; x_wconf 86' lang='grc' dir='ltr'>Νοιι</span> <span class='ocrx_word' id='word_1_760' title='bbox 976 5169 1135 5237; x_wconf 79' lang='lat' dir='ltr'><strong>igitur</strong></span> <span class='ocrx_word' id='word_1_761' title='bbox 1179 5170 1422 5226; x_wconf 85' lang='lat' dir='ltr'><strong>edendos</strong></span> <span class='ocrx_word' id='word_1_762' title='bbox 1462 5174 1700 5239; x_wconf 80' lang='lat' dir='ltr'><strong>dabitur,</strong></span> <span class='ocrx_word' id='word_1_763' title='bbox 1731 5181 1820 5243; x_wconf 88' lang='lat' dir='ltr'><strong>qui</strong></span> <span class='ocrx_word' id='word_1_764' title='bbox 1872 5192 2013 5235; x_wconf 86' lang='lat' dir='ltr'><strong>terra</strong></span> <span class='ocrx_word' id='word_1_765' title='bbox 2046 5198 2151 5238; x_wconf 90' lang='lat' dir='ltr'><strong>non</strong></span> 
     </span>
    </p>
   </div>
   <div class='ocr_carea' id='block_1_98' title="bbox 560 5254 2154 5339">
    <p class='ocr_par' dir='ltr' id='par_1_98' title="bbox 560 5254 2154 5339">
     <span class='ocr_line' id='line_1_98' title="bbox 560 5254 2154 5339; baseline 0.013 -31"><span class='ocrx_word' id='word_1_766' title='bbox 560 5254 740 5318; x_wconf 77' lang='lat' dir='ltr'><strong>fuerit.</strong></span> <span class='ocrx_word' id='word_1_767' title='bbox 787 5259 892 5315; x_wconf 87' lang='lat' dir='ltr'><strong>hoc</strong></span> <span class='ocrx_word' id='word_1_768' title='bbox 939 5271 1042 5324; x_wconf 63' lang='lat' dir='ltr'><strong>est,</strong></span> <span class='ocrx_word' id='word_1_769' title='bbox 1086 5263 1178 5333; x_wconf 86' lang='lat' dir='ltr'><strong>qui</strong></span> <span class='ocrx_word' id='word_1_770' title='bbox 1222 5279 1330 5317; x_wconf 91' lang='lat' dir='ltr'><strong>non</strong></span> <span class='ocrx_word' id='word_1_771' title='bbox 1375 5279 1435 5320; x_wconf 91' lang='lat' dir='ltr'><strong>se</strong></span> <span class='ocrx_word' id='word_1_772' title='bbox 1477 5268 1708 5322; x_wconf 64' lang='lat' dir='ltr'><strong>torri-nis</strong></span> <span class='ocrx_word' id='word_1_773' title='bbox 1762 5271 2154 5339; x_wconf 77' lang='lat' dir='ltr'><strong>cupiditatibus</strong></span> 
     </span>
    </p>
   </div>
   <div class='ocr_carea' id='block_1_99' title="bbox 558 5352 2155 5434">
    <p class='ocr_par' dir='ltr' id='par_1_99' title="bbox 558 5352 2155 5434">
     <span class='ocr_line' id='line_1_99' title="bbox 558 5352 2155 5434; baseline 0.015 -34"><span class='ocrx_word' id='word_1_774' title='bbox 558 5352 873 5420; x_wconf 74' lang='lat' dir='ltr'><strong>actibus-ine</strong></span> <span class='ocrx_word' id='word_1_775' title='bbox 910 5356 1197 5412; x_wconf 86' lang='lat' dir='ltr'><strong>dediderit.</strong></span> <span class='ocrx_word' id='word_1_776' title='bbox 1232 5358 1503 5431; x_wconf 73' lang='lat' dir='ltr'><strong>Aperiente</strong></span> <span class='ocrx_word' id='word_1_777' title='bbox 1532 5373 1580 5416; x_wconf 94' lang='lat' dir='ltr'><strong>te</strong></span> <span class='ocrx_word' id='word_1_778' title='bbox 1602 5380 1809 5418; x_wconf 86' lang='lat' dir='ltr'><strong>manum</strong></span> <span class='ocrx_word' id='word_1_779' title='bbox 1838 5374 2001 5434; x_wconf 87' lang='lat' dir='ltr'><strong>tuam,</strong></span> <span class='ocrx_word' id='word_1_780' title='bbox 2035 5371 2155 5423; x_wconf 87' lang='lat' dir='ltr'><strong>uni-</strong></span> 
     </span>
    </p>
   </div>
   <div class='ocr_carea' id='block_1_100' title="bbox 636 5538 2144 5609">
    <p class='ocr_par' dir='ltr' id='par_1_100' title="bbox 636 5538 2144 5609">
     <span class='ocr_line' id='line_1_100' title="bbox 636 5538 2144 5609; baseline 0.008 -17"><span class='ocrx_word' id='word_1_781' title='bbox 636 5546 663 5576; x_wconf 76' lang='grc' dir='ltr'>ι</span> <span class='ocrx_word' id='word_1_782' title='bbox 702 5538 800 5593; x_wconf 83' lang='lat' dir='ltr'><strong>llic</strong></span> <span class='ocrx_word' id='word_1_783' title='bbox 863 5544 1192 5599; x_wconf 65' lang='lat' dir='ltr'><strong>recentiores</strong></span> <span class='ocrx_word' id='word_1_784' title='bbox 1256 5544 1523 5601; x_wconf 72' lang='lat' dir='ltr'><strong>editiones</strong></span> <span class='ocrx_word' id='word_1_785' title='bbox 1584 5547 1904 5604; x_wconf 74' lang='lat' dir='ltr'><strong>addiderunt</strong></span> <span class='ocrx_word' id='word_1_786' title='bbox 1952 5567 2144 5609; x_wconf 79' lang='lat' dir='ltr'><strong>vorem</strong></span> 
     </span>
    </p>
   </div>
   <div class='ocr_carea' id='block_1_101' title="bbox 564 5611 2149 5690">
    <p class='ocr_par' dir='ltr' id='par_1_101' title="bbox 564 5611 2149 5690">
     <span class='ocr_line' id='line_1_101' title="bbox 564 5611 2149 5690; baseline 0 -12"><span class='ocrx_word' id='word_1_787' title='bbox 564 5611 736 5665; x_wconf 71' lang='grc' dir='ltr'><strong>οηπηία</strong></span> <span class='ocrx_word' id='word_1_788' title='bbox 769 5629 886 5677; x_wconf 74' lang='grc' dir='ltr'><strong>⁸1⁸ἰ¹¹</strong></span> <span class='ocrx_word' id='word_1_789' title='bbox 905 5618 1049 5666; x_wconf 64' lang='lat' dir='ltr'><strong>&quot;MM</strong></span> <span class='ocrx_word' id='word_1_790' title='bbox 1077 5633 1105 5668; x_wconf 70' lang='grc' dir='ltr'><strong>ιι</strong></span> <span class='ocrx_word' id='word_1_791' title='bbox 1129 5628 1356 5690; x_wconf 68' lang='lat' dir='ltr'><strong>quatuor</strong></span> <span class='ocrx_word' id='word_1_792' title='bbox 1381 5619 1652 5673; x_wconf 74' lang='lat' dir='ltr'><strong>veteribus</strong></span> <span class='ocrx_word' id='word_1_793' title='bbox 1670 5664 1683 5679; x_wconf 84' lang='grc'>,</span> <span class='ocrx_word' id='word_1_794' title='bbox 1702 5633 1753 5675; x_wconf 75' lang='grc' dir='ltr'><strong>ιιι</strong></span> <span class='ocrx_word' id='word_1_795' title='bbox 1776 5638 1844 5690; x_wconf 87' lang='lat' dir='ltr'><strong>qu</strong></span> <span class='ocrx_word' id='word_1_796' title='bbox 1863 5639 1935 5676; x_wconf 73' lang='grc' dir='ltr'>,ιιι</span> <span class='ocrx_word' id='word_1_797' title='bbox 1959 5627 2149 5680; x_wconf 67' lang='lat' dir='ltr'><strong>abesse</strong></span> 
     </span>
    </p>
   </div>
   <div class='ocr_carea' id='block_1_102' title="bbox 563 5686 2147 5765">
    <p class='ocr_par' dir='ltr' id='par_1_102' title="bbox 563 5686 2147 5765">
     <span class='ocr_line' id='line_1_102' title="bbox 563 5686 2147 5765; baseline 0.013 -35"><span class='ocrx_word' id='word_1_798' title='bbox 563 5686 744 5739; x_wconf 69' lang='lat' dir='ltr'><strong>solere</strong></span> <span class='ocrx_word' id='word_1_799' title='bbox 769 5698 797 5735; x_wconf 88' lang='lat' dir='ltr'><strong>a</strong></span> <span class='ocrx_word' id='word_1_800' title='bbox 824 5698 953 5765; x_wconf 79' lang='lat' dir='ltr'><strong>mss.</strong></span> <span class='ocrx_word' id='word_1_801' title='bbox 981 5700 1219 5739; x_wconf 80' lang='lat' dir='ltr'><strong>notatum</strong></span> <span class='ocrx_word' id='word_1_802' title='bbox 1252 5689 1481 5765; x_wconf 70' lang='lat' dir='ltr'><strong>legimus</strong></span> <span class='ocrx_word' id='word_1_803' title='bbox 1504 5690 1555 5744; x_wconf 88' lang='lat' dir='ltr'><strong>in</strong></span> <span class='ocrx_word' id='word_1_804' title='bbox 1590 5686 1883 5755; x_wconf 72' lang='lat' dir='ltr'><strong>Augustino</strong></span> <span class='ocrx_word' id='word_1_805' title='bbox 1908 5695 1995 5749; x_wconf 81' lang='lat' dir='ltr'><strong>hic</strong></span> <span class='ocrx_word' id='word_1_806' title='bbox 2020 5698 2147 5765; x_wconf 89' lang='lat' dir='ltr'><strong>loci,</strong></span> 
     </span>
    </p>
   </div>
   <div class='ocr_carea' id='block_1_103' title="bbox 567 5754 1941 5824">
    <p class='ocr_par' dir='ltr' id='par_1_103' title="bbox 567 5754 1941 5824">
     <span class='ocr_line' id='line_1_103' title="bbox 567 5754 1941 5824; baseline 0.009 -18"><span class='ocrx_word' id='word_1_807' title='bbox 567 5766 621 5811; x_wconf 79' lang='lat' dir='ltr'><strong>et</strong></span> <span class='ocrx_word' id='word_1_808' title='bbox 639 5770 810 5824; x_wconf 80' lang='lat' dir='ltr'><strong>supra</strong></span> <span class='ocrx_word' id='word_1_809' title='bbox 833 5754 944 5824; x_wconf 83' lang='lat' dir='ltr'><strong>jam</strong></span> <span class='ocrx_word' id='word_1_810' title='bbox 979 5774 1080 5809; x_wconf 79' lang='lat' dir='ltr'><strong>non</strong></span> <span class='ocrx_word' id='word_1_811' title='bbox 1113 5760 1279 5812; x_wconf 77' lang='lat' dir='ltr'><strong>semel</strong></span> <span class='ocrx_word' id='word_1_812' title='bbox 1314 5763 1487 5817; x_wconf 65' lang='lat' dir='ltr'><strong>oinitt’i</strong></span> <span class='ocrx_word' id='word_1_813' title='bbox 1514 5754 1941 5820; x_wconf 69' lang='lat' dir='ltr'><strong>oIiSeriaViutns.</strong></span> 
     </span>
    </p>
   </div>
   <div class='ocr_carea' id='block_1_104' title="bbox 636 5823 2150 5910">
    <p class='ocr_par' dir='ltr' id='par_1_104' title="bbox 636 5823 2150 5910">
     <span class='ocr_line' id='line_1_104' title="bbox 636 5823 2150 5910; baseline 0.008 -26"><span class='ocrx_word' id='word_1_814' title='bbox 636 5823 664 5869; x_wconf 72' lang='grc' dir='ltr'>δ</span> <span class='ocrx_word' id='word_1_815' title='bbox 692 5823 878 5896; x_wconf 70' lang='lat' dir='ltr'><strong>Forte,</strong></span> <span class='ocrx_word' id='word_1_816' title='bbox 918 5826 971 5883; x_wconf 79' lang='lat' dir='ltr'><strong>iit</strong></span> <span class='ocrx_word' id='word_1_817' title='bbox 999 5830 1150 5897; x_wconf 78' lang='lat' dir='ltr'><strong>ipsa;</strong></span> <span class='ocrx_word' id='word_1_818' title='bbox 1182 5830 1388 5889; x_wconf 80' lang='lat' dir='ltr'><strong>scilicet</strong></span> <span class='ocrx_word' id='word_1_819' title='bbox 1416 5844 1577 5903; x_wconf 83' lang='lat' dir='ltr'><strong>terra,</strong></span> <span class='ocrx_word' id='word_1_820' title='bbox 1624 5846 1679 5891; x_wconf 87' lang='lat' dir='ltr'><strong>ut</strong></span> <span class='ocrx_word' id='word_1_821' title='bbox 1718 5837 1850 5892; x_wconf 81' lang='lat' dir='ltr'><strong>bona</strong></span> <span class='ocrx_word' id='word_1_822' title='bbox 1876 5837 1962 5893; x_wconf 84' lang='lat' dir='ltr'><strong>sit.</strong></span> <span class='ocrx_word' id='word_1_823' title='bbox 1996 5838 2150 5910; x_wconf 84' lang='lat' dir='ltr'><strong>Quod</strong></span> 
     </span>
    </p>
   </div>
   <div class='ocr_carea' id='block_1_105' title="bbox 2261 4722 2800 4777">
    <p class='ocr_par' dir='ltr' id='par_1_105' title="bbox 2261 4722 2800 4777">
     <span class='ocr_line' id='line_1_105' title="bbox 2261 4722 2800 4777; baseline 0 0"><span class='ocrx_word' id='word_1_824' title='bbox 2261 4722 2378 4777; x_wconf 85' lang='lat' dir='ltr'><strong>sine</strong></span> <span class='ocrx_word' id='word_1_825' title='bbox 2409 4724 2513 4777; x_wconf 87' lang='lat' dir='ltr'><strong>line</strong></span> <span class='ocrx_word' id='word_1_826' title='bbox 2546 4722 2666 4775; x_wconf 79' lang='lat' dir='ltr'><strong>lauti</strong></span> <span class='ocrx_word' id='word_1_827' title='bbox 2689 4722 2800 4776; x_wconf 71' lang='lat' dir='ltr'><strong>ibo.</strong></span> 
     </span>
    </p>
   </div>
   <div class='ocr_carea' id='block_1_106' title="bbox 2336 4812 3839 4885">
    <p class='ocr_par' dir='ltr' id='par_1_106' title="bbox 2336 4812 3839 4885">
     <span class='ocr_line' id='line_1_106' title="bbox 2336 4812 3839 4885; baseline -0.009 -16"><span class='ocrx_word' id='word_1_828' title='bbox 2336 4814 2516 4885; x_wconf 85' lang='lat' dir='ltr'><strong>(Vers.</strong></span> <span class='ocrx_word' id='word_1_829' title='bbox 2542 4813 2659 4881; x_wconf 73' lang='grc'><strong>54.)</strong></span> <span class='ocrx_word' id='word_1_830' title='bbox 2690 4814 2877 4867; x_wconf 76' lang='lat' dir='ltr'><strong>Suavis</strong></span> <span class='ocrx_word' id='word_1_831' title='bbox 2906 4813 2971 4866; x_wconf 90' lang='lat' dir='ltr'><strong>sit</strong></span> <span class='ocrx_word' id='word_1_832' title='bbox 2994 4814 3041 4866; x_wconf 88' lang='lat' dir='ltr'><strong>ei</strong></span> <span class='ocrx_word' id='word_1_833' title='bbox 3072 4812 3353 4874; x_wconf 84' lang='lat' dir='ltr'><strong>disputatio</strong></span> <span class='ocrx_word' id='word_1_834' title='bbox 3386 4827 3528 4875; x_wconf 79' lang='lat' dir='ltr'><strong>mea;</strong></span> <span class='ocrx_word' id='word_1_835' title='bbox 3557 4825 3649 4881; x_wconf 81' lang='lat' dir='ltr'><strong><em>ego</em></strong></span> <span class='ocrx_word' id='word_1_836' title='bbox 3679 4816 3839 4859; x_wconf 81' lang='lat' dir='ltr'><strong>autem</strong></span> 
     </span>
    </p>
   </div>
   <div class='ocr_carea' id='block_1_107' title="bbox 2252 4897 3839 4981">
    <p class='ocr_par' dir='ltr' id='par_1_107' title="bbox 2252 4897 3839 4981">
     <span class='ocr_line' id='line_1_107' title="bbox 2252 4897 3839 4981; baseline -0.009 -19"><span class='ocrx_word' id='word_1_837' title='bbox 2252 4908 2581 4981; x_wconf 72' lang='lat' dir='ltr'><strong>jucundobor</strong></span> <span class='ocrx_word' id='word_1_838' title='bbox 2610 4909 2663 4960; x_wconf 86' lang='lat' dir='ltr'><strong>in</strong></span> <span class='ocrx_word' id='word_1_839' title='bbox 2696 4906 2936 4960; x_wconf 83' lang='lat' dir='ltr'><strong>Domino.</strong></span> <span class='ocrx_word' id='word_1_840' title='bbox 2969 4906 3162 4962; x_wconf 77' lang='lat' dir='ltr'><strong>Suavis</strong></span> <span class='ocrx_word' id='word_1_841' title='bbox 3199 4919 3276 4960; x_wconf 85' lang='lat' dir='ltr'><strong>est</strong></span> <span class='ocrx_word' id='word_1_842' title='bbox 3314 4904 3538 4957; x_wconf 53' lang='lat' dir='ltr'><strong>Domino</strong></span> <span class='ocrx_word' id='word_1_843' title='bbox 3563 4897 3839 4969; x_wconf 64' lang='lat' dir='ltr'><strong>disputatio</strong></span> 
     </span>
    </p>
   </div>
   <div class='ocr_carea' id='block_1_108' title="bbox 2262 4992 3841 5068">
    <p class='ocr_par' dir='ltr' id='par_1_108' title="bbox 2262 4992 3841 5068">
     <span class='ocr_line' id='line_1_108' title="bbox 2262 4992 3841 5068; baseline -0.011 -14"><span class='ocrx_word' id='word_1_844' title='bbox 2262 5002 2404 5055; x_wconf 87' lang='lat' dir='ltr'><strong>illius</strong></span> <span class='ocrx_word' id='word_1_845' title='bbox 2469 5001 2556 5066; x_wconf 84' lang='lat' dir='ltr'><strong>qui</strong></span> <span class='ocrx_word' id='word_1_846' title='bbox 2610 5015 2706 5068; x_wconf 75' lang='lat' dir='ltr'><strong>per</strong></span> <span class='ocrx_word' id='word_1_847' title='bbox 2764 5000 3023 5052; x_wconf 71' lang='lat' dir='ltr'><strong>humilem</strong></span> <span class='ocrx_word' id='word_1_848' title='bbox 3084 4995 3483 5049; x_wconf 65' lang='lat' dir='ltr'><strong>confessionem</strong></span> <span class='ocrx_word' id='word_1_849' title='bbox 3546 5010 3602 5046; x_wconf 77' lang='lat' dir='ltr'><strong>se</strong></span> <span class='ocrx_word' id='word_1_850' title='bbox 3651 4992 3841 5044; x_wconf 76' lang='lat' dir='ltr'><strong>indicat</strong></span> 
     </span>
    </p>
   </div>
   <div class='ocr_carea' id='block_1_109' title="bbox 2262 5080 3839 5155">
    <p class='ocr_par' dir='ltr' id='par_1_109' title="bbox 2262 5080 3839 5155">
     <span class='ocr_line' id='line_1_109' title="bbox 2262 5080 3839 5155; baseline -0.011 -8"><span class='ocrx_word' id='word_1_851' title='bbox 2262 5094 2449 5149; x_wconf 63' lang='lat' dir='ltr'><strong>scienti</strong></span> <span class='ocrx_word' id='word_1_852' title='bbox 2483 5094 2612 5155; x_wconf 84' lang='lat' dir='ltr'><strong>Deo,</strong></span> <span class='ocrx_word' id='word_1_853' title='bbox 2653 5102 2703 5146; x_wconf 90' lang='lat' dir='ltr'><strong>et</strong></span> <span class='ocrx_word' id='word_1_854' title='bbox 2729 5092 2813 5146; x_wconf 89' lang='lat' dir='ltr'><strong>cui</strong></span> <span class='ocrx_word' id='word_1_855' title='bbox 2848 5107 2905 5145; x_wconf 68' lang='lat' dir='ltr'><strong>se</strong></span> <span class='ocrx_word' id='word_1_856' title='bbox 2936 5090 3136 5144; x_wconf 87' lang='lat' dir='ltr'><strong>indicat</strong></span> <span class='ocrx_word' id='word_1_857' title='bbox 3165 5090 3423 5142; x_wconf 82' lang='lat' dir='ltr'><strong>nescienti</strong></span> <span class='ocrx_word' id='word_1_858' title='bbox 3457 5088 3616 5140; x_wconf 83' lang='lat' dir='ltr'><strong>Deus.</strong></span> <span class='ocrx_word' id='word_1_859' title='bbox 3650 5084 3721 5136; x_wconf 76' lang='lat' dir='ltr'><strong>De</strong></span> <span class='ocrx_word' id='word_1_860' title='bbox 3748 5080 3839 5133; x_wconf 67' lang='lat' dir='ltr'><strong>bvc</strong></span> 
     </span>
    </p>
   </div>
   <div class='ocr_carea' id='block_1_110' title="bbox 2261 5179 3843 5255">
    <p class='ocr_par' dir='ltr' id='par_1_110' title="bbox 2261 5179 3843 5255">
     <span class='ocr_line' id='line_1_110' title="bbox 2261 5179 3843 5255; baseline -0.011 -14"><span class='ocrx_word' id='word_1_861' title='bbox 2261 5200 2441 5242; x_wconf 91' lang='lat' dir='ltr'><strong>autem</strong></span> <span class='ocrx_word' id='word_1_862' title='bbox 2482 5189 2571 5241; x_wconf 76' lang='lat' dir='ltr'><strong>tali</strong></span> <span class='ocrx_word' id='word_1_863' title='bbox 2616 5186 2979 5255; x_wconf 87' lang='lat' dir='ltr'><strong>disputatione</strong></span> <span class='ocrx_word' id='word_1_864' title='bbox 3010 5184 3183 5238; x_wconf 86' lang='lat' dir='ltr'><strong>oritur</strong></span> <span class='ocrx_word' id='word_1_865' title='bbox 3210 5183 3498 5237; x_wconf 63' lang='lat' dir='ltr'><strong>delectatio</strong></span> <span class='ocrx_word' id='word_1_866' title='bbox 3527 5199 3539 5233; x_wconf 88' lang='lat'>:</span> <span class='ocrx_word' id='word_1_867' title='bbox 3574 5179 3690 5247; x_wconf 86' lang='lat' dir='ltr'><strong>quia</strong></span> <span class='ocrx_word' id='word_1_868' title='bbox 3720 5190 3843 5229; x_wconf 81' lang='lat' dir='ltr'><strong>cou-</strong></span> 
     </span>
    </p>
   </div>
   <div class='ocr_carea' id='block_1_111' title="bbox 2262 5273 3842 5349">
    <p class='ocr_par' dir='ltr' id='par_1_111' title="bbox 2262 5273 3842 5349">
     <span class='ocr_line' id='line_1_111' title="bbox 2262 5273 3842 5349; baseline -0.008 -15"><span class='ocrx_word' id='word_1_869' title='bbox 2262 5280 2426 5335; x_wconf 78' lang='lat' dir='ltr'><strong>fessio</strong></span> <span class='ocrx_word' id='word_1_870' title='bbox 2473 5295 2578 5336; x_wconf 92' lang='lat' dir='ltr'><strong>non</strong></span> <span class='ocrx_word' id='word_1_871' title='bbox 2610 5280 2662 5334; x_wconf 92' lang='lat' dir='ltr'><strong>in</strong></span> <span class='ocrx_word' id='word_1_872' title='bbox 2712 5294 2771 5333; x_wconf 91' lang='lat' dir='ltr'><strong>se</strong></span> <span class='ocrx_word' id='word_1_873' title='bbox 2800 5277 3108 5349; x_wconf 84' lang='lat' dir='ltr'><strong>gloriantis,</strong></span> <span class='ocrx_word' id='word_1_874' title='bbox 3137 5277 3189 5331; x_wconf 92' lang='lat' dir='ltr'><strong>in</strong></span> <span class='ocrx_word' id='word_1_875' title='bbox 3231 5276 3559 5346; x_wconf 87' lang='lat' dir='ltr'><strong>agnitionem</strong></span> <span class='ocrx_word' id='word_1_876' title='bbox 3608 5273 3693 5326; x_wconf 87' lang='lat' dir='ltr'><strong>Dei</strong></span> <span class='ocrx_word' id='word_1_877' title='bbox 3723 5279 3842 5337; x_wconf 84' lang='lat' dir='ltr'><strong>pro-</strong></span> 
     </span>
    </p>
   </div>
   <div class='ocr_carea' id='block_1_112' title="bbox 2264 5373 2397 5428">
    <p class='ocr_par' dir='ltr' id='par_1_112' title="bbox 2264 5373 2397 5428">
     <span class='ocr_line' id='line_1_112' title="bbox 2264 5373 2397 5428; baseline 0.008 -1"><span class='ocrx_word' id='word_1_878' title='bbox 2264 5373 2397 5428; x_wconf 73' lang='lat' dir='ltr'><strong>(icit.</strong></span> 
     </span>
    </p>
   </div>
   <div class='ocr_carea' id='block_1_113' title="bbox 2255 5534 3895 5623">
    <p class='ocr_par' dir='ltr' id='par_1_113' title="bbox 2255 5534 3895 5623">
     <span class='ocr_line' id='line_1_113' title="bbox 2255 5534 3895 5623; baseline -0.007 -15"><span class='ocrx_word' id='word_1_879' title='bbox 2255 5554 2299 5608; x_wconf 88' lang='lat' dir='ltr'><strong>si</strong></span> <span class='ocrx_word' id='word_1_880' title='bbox 2335 5553 2402 5609; x_wconf 89' lang='lat' dir='ltr'><strong>de</strong></span> <span class='ocrx_word' id='word_1_881' title='bbox 2443 5568 2660 5607; x_wconf 86' lang='lat' dir='ltr'><strong>nomine</strong></span> <span class='ocrx_word' id='word_1_882' title='bbox 2695 5553 2785 5606; x_wconf 71' lang='lat' dir='ltr'><strong>illa</strong></span> <span class='ocrx_word' id='word_1_883' title='bbox 2828 5562 2969 5607; x_wconf 77' lang='lat' dir='ltr'><strong>terra</strong></span> <span class='ocrx_word' id='word_1_884' title='bbox 3001 5559 3187 5605; x_wconf 86' lang='lat' dir='ltr'><strong>notato</strong></span> <span class='ocrx_word' id='word_1_885' title='bbox 3228 5551 3402 5616; x_wconf 90' lang='lat' dir='ltr'><strong>primo</strong></span> <span class='ocrx_word' id='word_1_886' title='bbox 3447 5562 3609 5623; x_wconf 72' lang='lat' dir='ltr'><strong>sensu</strong></span> <span class='ocrx_word' id='word_1_887' title='bbox 3653 5534 3847 5623; x_wconf 66' lang='lat' dir='ltr'><strong>exponi</strong></span> <span class='ocrx_word' id='word_1_888' title='bbox 3890 5560 3895 5565; x_wconf 89' lang='grc'><strong>·</strong></span> 
     </span>
    </p>
   </div>
   <div class='ocr_carea' id='block_1_114' title="bbox 2256 5622 3846 5694">
    <p class='ocr_par' dir='ltr' id='par_1_114' title="bbox 2256 5622 3846 5694">
     <span class='ocr_line' id='line_1_114' title="bbox 2256 5622 3846 5694; baseline -0.009 -16"><span class='ocrx_word' id='word_1_889' title='bbox 2256 5627 2501 5687; x_wconf 67' lang='lat' dir='ltr'><strong>dubi-ret,</strong></span> <span class='ocrx_word' id='word_1_890' title='bbox 2532 5626 2753 5679; x_wconf 69' lang='lat' dir='ltr'><strong>thISSPl</strong></span> <span class='ocrx_word' id='word_1_891' title='bbox 2785 5636 2954 5690; x_wconf 79' lang='lat' dir='ltr'><strong>certe,</strong></span> <span class='ocrx_word' id='word_1_892' title='bbox 2998 5625 3051 5677; x_wconf 90' lang='lat' dir='ltr'><strong>in</strong></span> <span class='ocrx_word' id='word_1_893' title='bbox 3084 5624 3197 5692; x_wconf 79' lang='lat' dir='ltr'><strong>ipso</strong></span> <span class='ocrx_word' id='word_1_894' title='bbox 3228 5630 3469 5694; x_wconf 76' lang='lat' dir='ltr'><strong>operatur</strong></span> <span class='ocrx_word' id='word_1_895' title='bbox 3496 5622 3726 5694; x_wconf 6' lang='lat' dir='ltr'><strong>utgbouus</strong></span> <span class='ocrx_word' id='word_1_896' title='bbox 3754 5622 3846 5694; x_wconf 53' lang='lat' dir='ltr'><strong>ait;</strong></span> 
     </span>
    </p>
   </div>
   <div class='ocr_carea' id='block_1_115' title="bbox 2259 5679 3848 5753">
    <p class='ocr_par' dir='ltr' id='par_1_115' title="bbox 2259 5679 3848 5753">
     <span class='ocr_line' id='line_1_115' title="bbox 2259 5679 3848 5753; baseline -0.009 -1"><span class='ocrx_word' id='word_1_897' title='bbox 2259 5679 2538 5752; x_wconf 66' lang='lat' dir='ltr'><strong>Editioui-s</strong></span> <span class='ocrx_word' id='word_1_898' title='bbox 2584 5708 2785 5753; x_wconf 77' lang='lat' dir='ltr'><strong>nostra:</strong></span> <span class='ocrx_word' id='word_1_899' title='bbox 2827 5697 2895 5752; x_wconf 88' lang='lat' dir='ltr'><strong>ad</strong></span> <span class='ocrx_word' id='word_1_900' title='bbox 2942 5679 3045 5751; x_wconf 76' lang='lat' dir='ltr'><strong>itoc</strong></span> <span class='ocrx_word' id='word_1_901' title='bbox 3087 5679 3311 5749; x_wconf 81' lang='lat' dir='ltr'><strong>dubiuin</strong></span> <span class='ocrx_word' id='word_1_902' title='bbox 3340 5692 3662 5749; x_wconf 87' lang='lat' dir='ltr'><strong>solvendum</strong></span> <span class='ocrx_word' id='word_1_903' title='bbox 3711 5679 3848 5741; x_wconf 83' lang='lat' dir='ltr'><strong>nihil</strong></span> 
     </span>
    </p>
   </div>
   <div class='ocr_carea' id='block_1_116' title="bbox 2256 5766 2567 5828">
    <p class='ocr_par' dir='ltr' id='par_1_116' title="bbox 2256 5766 2567 5828">
     <span class='ocr_line' id='line_1_116' title="bbox 2256 5766 2567 5828; baseline -0.006 -3"><span class='ocrx_word' id='word_1_904' title='bbox 2256 5766 2567 5828; x_wconf 76' lang='lat' dir='ltr'><strong>oonferunt.</strong></span> 
     </span>
    </p>
   </div>
  </div>
