4028 6352
245 334 345 394 19⁵1

1032 323 1451 385 PSALMORUM
1491 324 1535 378 Δ
1575 320 1617 378 C
1654 320 1748 378 AD
1783 318 1873 377 CL
1910 316 2290 374 EXPOSITIO.
2334 318 2527 373 PStL.
2568 317 2693 372 CIV.

3412 322 3511 377 29b

311 450 491 523 (Vera.
512 446 633 519 35.)
663 446 916 515 Deﬁcient
950 458 1239 519 peccatores
1282 465 1315 502 a
1339 456 1498 513 terra,
1540 452 1587 498 et
1617 443 1823 510 iniusti,
1858 445 1899 501 Α
2001 439 2192 508 (Vers.
2226 439 2304 509 7.)
2336 437 2457 509 Ipse
2486 437 2735 491 Dominus
2760 436 2898 491 Deus
2920 445 3109 503 noster,
3133 452 3187 490 in
3216 438 3355 492 omni
3383 448 3509 492 terre.

244 545 313 597 ita
343 549 399 596 ut
437 555 540 594 non
568 540 694 595 sint.
742 538 1039 593 Iracundia:
1084 549 1140 594 et
1185 539 1292 593 odii
1329 538 1545 593 videtur
1570 550 1694 592 esse
1722 550 1828 589 vos

246 636 340 690 ista
364 649 379 686 :
408 630 505 687 sed
528 638 614 687 est
638 630 924 701 prccipua:
945 628 1255 684 charitatis.
1276 630 1389 684 Hoc
1415 629 1561 683 enim
1588 627 1664 681 ait
1682 624 1828 696 quod

246 733 298 779 et
320 738 503 793 supra,
538 729 599 777 ut
624 721 898 776 auferatur
926 720 1149 788 spiritus
1173 720 1553 789 superborum,
1603 725 1661 773 et
1693 716 1830 771 deﬁ-

248 814 383 869 ciant
413 831 425 867 :
458 821 516 868 et
545 812 790 868 mittatur
818 813 872 866 in
900 812 1021 868 illos
1051 812 1288 881 Spiritus
1318 811 1482 883 392
1508 810 1625 877 Dei,
1651 818 1711 863 ut
1740 808 1832 862 ﬁat

246 920 376 961 nova
398 912 675 968 creatura,
697 903 986 958 deﬁciente
1014 902 1240 969 malitia,
1274 916 1380 957 non
1405 908 1671 972 pereunte
1697 900 1826 954 sub-

243 996 457 1052 stantia.
493 997 596 1063 Qui
628 996 797 1063 enim,
829 1011 951 1050 cum
982 1005 1130 1051 esset
1158 993 1700 1064 impiusjustiﬁcatus
1719 1001 1825 1058 est,

245 1103 342 1142 non
371 1088 478 1142 erit
510 1087 731 1156 impius,
756 1085 852 1142 sed
879 1087 982 1141 erit
1000 1086 1202 1157 justus.
1223 1084 1470 1154 Benedic,
1494 1086 1667 1138 anima
1690 1101 1824 1151 mea,

246 1178 540 1235 Dominum.
568 1178 862 1235 Benedicat
895 1179 1073 1233 anima
1118 1177 1295 1233 ﬁdelis
1326 1179 1379 1232 in
1410 1176 1660 1232 omnibus
1690 1175 1823 1242 Deo,

244 1284 293 1330 et
317 1274 400 1346 qui
424 1274 707 1345 gloriatur,
740 1274 793 1327 in
823 1271 1049 1327 Domino
1075 1272 1325 1344 glorietur
1352 1270 1395 1343 (Ι
1418 1269 1538 1325 Cor.
1565 1285 1603 1336 ι,
1634 1268 1751 1337 ⁸51).

791 1384 1111 1443 PSALMUS
1146 1384 1278 1441 CIV.

247 1482 441 1536 Primus
466 1481 556 1551 hic
594 1482 822 1551 psalmus
864 1488 1180 1551 praenotatur
1203 1479 1534 1539 Hannon,
1567 1478 1704 1547 quod
1731 1488 1821 1543 est,

408 1560 433 1589 ³
456 1550 702 1607 Laudate
741 1550 1018 1605 Dominum
1046 1567 1062 1603 :
1094 1553 1207 1604 ideo
1233 1567 1266 1604 a
1297 1552 1451 1604 laude
1478 1552 1645 1621 carpit.

312 1645 492 1716 (Vers.
532 1645 608 1715 ι.)
656 1642 983 1714 Con/itemini
1025 1643 1268 1709 Domino,
1298 1652 1346 1697 et
1386 1644 1617 1697 invocate
1645 1658 1824 1696 nomen

244 1743 363 1812 ejus.
397 1737 663 1805 Laudate,
694 1736 887 1808 inquit,
922 1736 1232 1802 Dominum,
1277 1746 1331 1791 et
1360 1736 1639 1800 invocate;
1685 1750 1828 1789 sem-

1921 530 2127 601 judicia
2157 531 2290 599 ejus.
2323 529 2679 585 Manil’estavit
2717 528 2859 599 quod
2905 529 2955 581 hi
2994 537 3181 583 essent
3212 527 3306 582 ﬁlii
3348 528 3509 583 Abra-

1931 618 2079 688 ham,
2104 620 2195 689 qui
2227 630 2410 674 essent
2440 619 2534 674 ﬁlii
2575 618 2954 689 promissionis
2984 618 3162 686 (Rom.
3202 634 3278 683 ιι,
3309 617 3396 688 8),
3427 618 3509 673 di-

1930 711 2121 777 cendo,
2179 710 2245 765 In
2295 714 2432 765 omni
2482 723 2615 767 terra
2661 712 2857 778 iudicia
2914 714 3026 780 ejus
3066 726 3085 765 :
3122 712 3243 780 quia
3296 712 3350 765 in
3406 721 3514 767 toto

1932 804 2132 859 mundo
2174 804 2391 859 fuerant
2437 805 2530 859 lilii
2562 805 2813 872 Abrahrc,
2843 818 2977 875 quos
3001 818 3143 859 nunc
3181 819 3363 858 sermo
3394 820 3512 871 pro~

1930 897 2174 967 phcticus
2214 896 2527 952 cohortatur
2567 907 2625 951 ut
2654 898 2999 953 meminerint
3032 898 3354 952 mirabilium
3395 898 3512 951 Dei.

2002 991 2190 1062 (Vers.
2215 992 2304 1046 8-1
2318 992 2340 1045 1
2354 990 2393 1061 .)
2420 989 2617 1045 Memor
2638 993 2735 1063 fuit
2756 994 2808 1046 in
2830 993 3074 1047 stecnlum
3096 994 3387 1048 testamenti
3411 996 3512 1061 sui,

1926 1085 2062 1138 verbi
2087 1086 2226 1156 quod
2251 1086 2514 1138 mandavit
2537 1085 2590 1138 in
2611 1084 2751 1139 mille
2771 1086 3153 1156 generationes;
3182 1087 3320 1155 quod
3341 1087 3514 1153 dispo-

1928 1180 2030 1233 suit
2058 1178 2340 1241 Abraham,
2372 1189 2421 1234 et
2441 1180 2729 1249 juramenti
2776 1180 2857 1233 sui
2898 1179 2966 1233 ad
3010 1177 3183 1233 Isaac.
3222 1178 3289 1233 Et
3335 1180 3515 1233 statuit

1927 1270 2063 1324 illud
2106 1269 2268 1325 Jacob
2298 1272 2349 1325 in
2377 1280 2715 1341 praceptum,
2758 1279 2805 1324 et
2850 1269 3015 1324 Israel
3059 1271 3113 1325 in
3160 1280 3513 1326 testamentum

1929 1371 2176 1417 teternum
2191 1404 2206 1429 ,
2224 1363 2420 1427 dicens,
2444 1360 2558 1416 Tibi
2578 1362 2710 1416 dabo
2731 1371 2918 1416 terram
2938 1360 3206 1427 Chanaan,
3230 1362 3514 1433 funiculum

1930 1456 2245 1509 haereditatis
2274 1465 2473 1510 vestra.
2506 1451 2612 1511 Per
2655 1470 2717 1510 ea
2760 1469 2878 1524 qua:
2921 1453 3274 1519 transierunt,
3315 1454 3515 1525 signiﬁ-

1928 1557 2121 1603 cantur
2160 1562 2222 1604 ea
2261 1564 2381 1619 quae
2410 1546 2730 1613 manebunt;
2772 1555 2826 1601 et
2863 1561 2960 1617 per
3006 1545 3289 1616 imaginem
3315 1546 3515 1602 veteris

1930 1641 2281 1705 testamenti,
2342 1639 2660 1695 conﬁrmata
2711 1648 2795 1694 est
2839 1640 3131 1708 promissio
3183 1640 3517 1697 bzereditatis

1929 1742 2166 1797 aeternas,
2218 1746 2311 1800 per
2350 1732 2577 1787 verbum
2607 1731 2743 1801 quod
2787 1732 3052 1785 mandavit
3095 1730 3231 1785 Deus
3278 1733 3331 1786 in
3378 1733 3518 1787 mille

244 1848 329 1902 per
358 1833 509 1886 enim
542 1831 936 1885 invocationem
982 1828 1147 1884 debet
1171 1831 1362 1900 prmire
1410 1827 1664 1894 laudatio,
1710 1842 1827 1896 quas
1858 1830 1905 1888 Β
1932 1826 2301 1895 generationes,
2334 1824 2435 1879 hoc
2461 1833 2565 1890 est,
2608 1824 2660 1877 in
2690 1838 2902 1879 omnes.
2933 1823 3066 1879 Nam
3111 1834 3168 1878 ut
3209 1825 3339 1879 nihil
3366 1828 3517 1882 vacui

245 1921 324 1978 hic
350 1922 495 1977 dicta
522 1921 796 1978 confessio
825 1934 930 1977 est.
976 1921 1289 1974 Annuntiate
1323 1921 1376 1974 in
1409 1919 1639 1991 gentibus
1670 1934 1823 1991 opern

248 2017 366 2087 ejus.
407 2015 777 2085 Evangelistis
823 2016 924 2068 hoc
970 2012 1168 2068 dicitur
1200 2013 1252 2068 in
1291 2011 1573 2082 propheta,
1620 2020 1679 2066 ut
1708 2011 1827 2065 uni-

248 2106 628 2162 versomundo
657 2105 907 2161 Christus
936 2106 1307 2159 aununtietur.

312 2200 494 2272 (Vera.
525 2200 585 2265 ἓ,
611 2198 665 2263 ὅ,
692 2198 772 2267 4.)
808 2195 1021 2252 Cantate
1045 2197 1115 2263 ei,
1165 2206 1211 2251 et
1249 2196 1453 2267 psallite
1482 2196 1550 2249 ei.
1584 2194 1698 2250 Hoc
1722 2203 1823 2259 est,

249 2293 406 2348 verbo
456 2302 514 2347 et
555 2306 723 2362 opere
774 2290 1063 2361 praedicate
1100 2307 1111 2342 :
1145 2289 1400 2359 quoniam
1448 2303 1545 2343 ore
1591 2289 1823 2355 canitur,

250 2385 493 2462 manibus
539 2395 716 2439 autem
762 2383 1029 2454 psallitur.
1079 2382 1308 2437 Narrate
1353 2383 1525 2435 omnia
1573 2381 1830 2435 mirabilia

254 2480 373 2549 ejus.
401 2475 713 2531 Laudamini
739 2476 791 2529 in
816 2476 1018 2529 nomine
1040 2484 1220 2529 sancto
1249 2475 1383 2543 ejus.
1407 2473 1606 2543 Opera,
1634 2474 1827 2543 inquit,

255 2570 344 2625 Dei
372 2570 679 2626 conﬁtendo
718 2578 938 2624 narrate
977 2587 989 2621 :
1022 2578 1077 2623 et
1122 2569 1173 2623 in
1222 2569 1477 2638 operibus
1524 2566 1717 2622 vestris
1750 2569 1829 2622 sic

261 2670 424 2717 estote
448 2661 764 2725 laudabiles,
790 2671 847 2716 ut
878 2662 1018 2716 Deus
1049 2661 1297 2715 laudetur
1324 2662 1374 2715 in
1406 2660 1577 2714 vobis.
1606 2659 1831 2714 Ltetetur

267 2771 353 2808 cor
377 2757 699 2825 querentium
728 2754 1028 2810 Dominum.
1055 2754 1281 2821 Quterite
1312 2753 1617 2821 Dominum,
1641 2763 1689 2807 et
1709 2769 1832 2807 con-

270 2849 557 2917 ﬁrmamim'.

332 2942 605 2997 Dominum
657 2956 924 3013 quaerens,
972 2940 1223 3011 gaudium
1272 2942 1466 3011 quaerit
1512 2956 1524 2993 :
1575 2939 1655 2994 sic
1702 2954 1834 3009 ergo

262 3044 545 3105 quaeratur,
580 3042 636 3088 ut
660 3049 766 3089 non
786 3033 855 3089 de
878 3048 959 3099 se,
990 3033 1085 3089 sed
1112 3033 1179 3088 de
1208 3034 1319 3087 Deo
1346 3030 1581 3102 gaudeat
1619 3040 1674 3087 et
1700 3045 1829 3086 conv

260 3128 503 3183 fortetur.
554 3126 874 3183 Accedendo
910 3126 1054 3181 enim
1102 3126 1167 3179 ad
1211 3125 1522 3190 Dominum,
1554 3134 1607 3179 et
1639 3124 1835 3179 illumi-

1930 1919 2393 1989 praetermitteret,
2426 1932 2550 1973 eum
2578 1932 2861 1973 numerum
2886 1918 3516 1987 posuitgencrationum,

1926 2027 2087 2083 quem
2133 2021 2349 2067 constat
2378 2027 2480 2067 nec
2525 2012 2593 2067 ab
2638 2011 2757 2082 ipso
2797 2012 2968 2067 Adam
3017 2028 3187 2083 usque
3237 2014 3303 2068 ad
3355 2014 3517 2069 ﬁnem

1928 2105 2119 2159 mundi
2152 2120 2309 2175 posse
2352 2106 2635 2175 compleri,
2687 2105 2862 2161 donec
2910 2122 3099 2161 omnes
3139 2108 3517 2175 generationes

1927 2196 2210 2266 ﬁniantur,
2233 2213 2354 2269 quae
2374 2214 2445 2254 ex
2464 2198 2762 2254 abundanti
2789 2198 3097 2254 millenario
3121 2215 3346 2255 numero
3373 2216 3519 2256 com-

1929 2292 2213 2362 prehensas
2257 2302 2401 2347 sunt.
2432 2291 2666 2347 Verbum
2699 2292 2933 2346 mandati
2965 2302 3247 2362 permanet
3280 2312 3291 2345 :
3327 2294 3378 2348 id
3416 2302 3517 2362 est,

1929 2384 2156 2439 verbum
2202 2384 2358 2451 ﬁdei,
2410 2385 2495 2440 cui
2544 2386 2811 2453 promissa
2850 2396 2932 2441 est
2976 2385 3263 2441 hatreditas
3294 2396 3517 2441 :cterna.

1931 2477 2085 2545 Quod
2108 2478 2249 2533 enim
2276 2479 2369 2543 ait,
2404 2477 2520 2531 Tibi
2550 2478 2682 2531 dabo
2706 2489 2894 2532 terram
2924 2476 3195 2545 Chanaan,
3229 2495 3334 2533 non
3365 2494 3521 2533 man-

1932 2570 2113 2625 datum
2146 2579 2259 2632 est,
2291 2569 2386 2624 sed
2432 2571 2757 2638 promissum
2788 2588 2802 2625 :
2836 2570 3146 2625 mandatum
3194 2580 3373 2625 autem
3417 2580 3519 2638 est,

1933 2674 1991 2719 ut
2016 2663 2191 2733 justus
2222 2677 2287 2718 ex
2320 2662 2423 2717 ﬁde
2454 2663 2597 2717 vivat
2642 2661 2885 2734 (Habac.
2937 2679 2995 2728 ll,
3047 2662 3157 2734 ι),
3214 2665 3298 2719 cui
3349 2666 3522 2734 patria

1935 2766 2137 2819 aeterna
2172 2756 2501 2827 promittitur
2545 2756 2763 2812 nomine
2806 2757 3081 2826 cujusdam
3134 2766 3317 2826 teme,
3369 2760 3522 2829 cujus

1937 2850 2064 2905 dum
2094 2863 2199 2904 non
2229 2848 2314 2904 est
2334 2858 2590 2920 perpetua
2614 2850 2911 2919 possessio,
2934 2859 3141 2905 certum
3166 2858 3250 2905 est
3272 2851 3394 2921 quia
3417 2851 3522 2905 alia

1936 2942 2288 3014 signiﬁcatur.

2008 3038 2189 3109 (Vers.
2222 3035 2442 3108 ἰαὶ-15.)
2466 3034 2597 3091 Cum
2616 3043 2781 3089 essent
2802 3050 3009 3090 numero
3032 3036 3186 3102 brevi,
3212 3038 3525 3107 paucissimi,

1944 3139 1989 3184 et
2019 3129 2203 3184 incola:
2230 3129 2283 3183 in
2317 3144 2397 3193 ea,
2428 3128 2482 3183 id
2513 3137 2617 3192 est,
2651 3127 2703 3183 in
2733 3136 2876 3183 terra
2908 3128 3183 3195 Chanaan,
3218 3133 3530 3185 transierunt

261 3221 468 3275 nabitur
516 3221 816 3292 ignorantia
834 3262 849 3287 ,
912 3230 967 3275 et
1018 3219 1459 3275 corroborabitur
1512 3218 1831 3283 inﬁrmitas;
1860 3217 1909 3280 C
1940 3225 2003 3279 de
2031 3235 2176 3296 gente
2201 3224 2253 3277 in
2280 3231 2503 3296 gentem,
2529 3224 2590 3277 de
2615 3238 2771 3293 regno
2793 3223 2846 3275 in
2867 3221 3117 3294 populum
3142 3225 3381 3278 alterum.
3408 3224 3531 3278 Non

260 3314 535 3370 data'sibi
588 3322 642 3370 et
684 3314 1035 3384 intelligentia
1086 3330 1186 3385 qua
1234 3314 1431 3380 videat,
1481 3322 1537 3369 et
1581 3313 1844 3369 charitate
1947 3318 2150 3387 reliquit
2170 3316 2422 3370 hominem
2454 3330 2632 3369 nocere
2659 3314 2784 3379 illis,
2812 3325 2859 3368 et
2888 3316 3135 3383 corripuit
3158 3333 3251 3386 pro
3276 3320 3348 3371 eis
3371 3334 3528 3388 reges.

263 3405 403 3475 ttqua
435 3407 645 3461 ferveat
670 3406 846 3478 (Sent.
886 3406 966 3475 9).
1004 3406 1229 3473 Quarrite
1261 3408 1443 3477 faciem
1472 3409 1584 3473 eius
1623 3423 1839 3478 semper.
1950 3411 2135 3467 Nolite
2169 3422 2377 3479 tangere
2413 3409 2633 3462 christos
2664 3424 2819 3473 meos,
2849 3416 2894 3461 et
2923 3408 2975 3460 in
3009 3410 3268 3477 prophetis
3293 3410 3414 3461 meis
3441 3426 3533 3462 no-

260 3500 441 3554 Facies
495 3516 595 3571 pro
642 3501 928 3571 prmsentia
986 3501 1235 3570 ponitur,
1287 3500 1426 3556 sicut
1482 3499 1647 3555 facies
1697 3500 1844 3555 venti
1950 3504 2040 3559 lite
2072 3514 2099 3542 ε
2138 3504 2446 3572 malignare.
2492 3500 2739 3567 Quando,
2788 3500 2983 3569 inquit,
3020 3500 3071 3553 in
3106 3510 3244 3554 terra
3278 3500 3529 3555 Chanaan

260 3589 425 3661 (Psal.
463 3607 600 3658 xvtt,
630 3593 748 3662 43),
779 3601 833 3648 et
853 3592 1015 3647 facies
1038 3593 1175 3661 ignis
1203 3589 1373 3661 (Psal.
1404 3608 1567 3659 uvu,
1600 3591 1677 3662 3).
1702 3592 1843 3647 Prae-
1951 3597 2334 3651 habitaverunt
2380 3603 2561 3665 patres
2602 3592 2894 3656 Abraham,
2947 3601 3001 3646 et
3035 3591 3203 3656 Isaac,
3250 3602 3301 3646 et
3344 3593 3531 3654 Jacob.

260 3684 424 3739 sentia
462 3699 599 3754 ergo
628 3684 719 3740 Dei
760 3698 973 3753 semper
1000 3684 1286 3753 quaerenda
1319 3693 1402 3738 est
1440 3700 1453 3737 :
1498 3693 1554 3739 et
1596 3698 1847 3754 perseve-
1950 3688 2223 3759 peregrini
2254 3694 2409 3741 erant
2433 3686 2567 3751 illic,
2603 3685 2751 3753 prius
2786 3699 2944 3753 quam
2974 3684 3119 3737 illam
3151 3684 3455 3751 acciperent
3486 3692 3532 3737 in

263 3777 395 3831 ranti
439 3777 624 3833 studio
670 3777 931 3849 agendum
962 3789 1015 3833 ut
1055 3779 1143 3848 qui
1176 3786 1492 3848 praesentem
1536 3792 1595 3833 se
1625 3778 1843 3843 tribuit,
1951 3781 2322 3835 haereditatem
2353 3787 2443 3833 :et
2468 3794 2581 3830 cum
2604 3786 2766 3830 essent
2793 3776 3114 3845 paucissimi,
3141 3780 3452 3829 transierunt
3474 3778 3536 3830 de

264 3886 362 3926 non
407 3870 654 3927 recedat.
710 3871 823 3926 Hoc
859 3880 1035 3926 autem
1084 3871 1137 3925 in
1188 3872 1288 3925 ista
1319 3871 1424 3926 vita
1465 3869 1597 3925 ﬁdes
1628 3871 1843 3940 quierit,
1951 3885 2097 3946 gente
2127 3875 2181 3928 in
2211 3883 2406 3945 gentem
2436 3872 2553 3926 sine
2582 3884 2745 3925 noxa.
2779 3862 3079 3925 Nonenim
3111 3870 3353 3939 permisit
3392 3871 3535 3925 Deus

263 3978 381 4033 spes
411 3964 644 4028 invenit,
690 3964 929 4019 charitas
956 3976 1086 4019 vero
1132 3964 1340 4019 obtinet
1386 3964 1439 4018 in
1468 3965 1578 4018 vita
1623 3972 1846 4026 aeterna,
1951 3976 2007 4022 ut
2049 3966 2331 4038 quisquam
2380 3964 2485 4018 illis
2516 3970 2771 4018 noceret:
2804 3962 2873 4015 ita
2906 3970 2959 4015 ut
2994 3962 3105 4030 ipsa
3146 3964 3407 4031 prOtcctio
3443 3963 3534 4015 Dei

263 4056 346 4111 ubi
376 4071 538 4111 amor
566 4072 707 4112 vera:
739 4055 1039 4126 prasentiae
1068 4071 1167 4112 nec
1195 4057 1475 4123 minuitur,
1508 4071 1606 4111 nec
1641 4056 1843 4111 ﬁnitur.
1949 4059 2130 4114 dicere
2159 4056 2185 4094 ἀ
2220 4057 2515 4121 videretur,
2552 4053 2730 4108 Nolite
2759 4063 2967 4124 tangere
3007 4052 3222 4107 christos
3266 4070 3431 4119 meos,
3482 4068 3534 4107 et

327 4148 515 4219 (Vers.
541 4149 592 4213 5,
626 4147 710 4219 6.)
744 4147 1050 4203 Mementote
1077 4149 1391 4202 mirabilium
1420 4150 1531 4219 ejus
1559 4164 1672 4219 quia
1708 4151 1847 4219 fecit,
1952 4162 2165 4207 extera.
2201 4148 2366 4221 39h
2394 4149 2524 4215 Quae
2555 4146 2715 4201 verba
2750 4148 2847 4201 etsi
2880 4161 2984 4200 non
3028 4154 3153 4199 sunt
3191 4145 3243 4199 in
3288 4145 3534 4211 historia,

260 4243 498 4314 prodigia
542 4246 652 4314 ejus
694 4251 743 4296 et
779 4242 984 4314 judicia
1028 4242 1131 4297 oris
1178 4244 1309 4315 ejus.
1354 4243 1540 4297 Semen
1590 4242 1849 4295 Abraham
1953 4247 2168 4301 fuerunt
2201 4254 2378 4298 tamen
2409 4243 2463 4297 in
2491 4243 2607 4311 ipso
2634 4255 2815 4296 rerum
2848 4240 3043 4295 effectu
3076 4258 3089 4294 :
3127 4255 3247 4295 cum
3278 4239 3537 4293 divinitus

262 4337 386 4389 serui
428 4334 568 4406 ejus,
613 4335 711 4403 ﬁlii
739 4333 901 4389 Jacob
948 4334 1092 4389 electi
1129 4339 1261 4407 ejus.
1316 4335 1448 4403 Quia
1497 4336 1724 4391 multum
1767 4348 1850 4392 cst
1955 4337 2057 4392 hoc
2086 4345 2336 4407 ageretur
2384 4335 2438 4389 in
2486 4332 2737 4388 cordibus
2781 4332 3230 4401 alienigenarum,
3280 4342 3335 4385 ut
3378 4333 3535 4387 electi

262 4427 556 4497 paucisque
584 4426 840 4497 possibile
864 4437 970 4492 est,
1008 4427 1302 4483 secundum
1332 4428 1385 4483 id
1429 4442 1646 4499 semper
1675 4429 1848 4485 Deum
1956 4432 2052 4485 Dei
2103 4439 2285 4485 essent
2331 4428 2505 4483 illmsi.
2539 4427 2638 4493 Qui
2686 4426 2807 4480 ideo
2848 4427 2957 4494 jam
3008 4439 3134 4480 tunc
3178 4425 3365 4481 christi
3410 4427 3537 4480 dicti

262 4533 531 4586 qnznrere,
586 4518 727 4588 quod
785 4520 902 4589 ipse
945 4518 1013 4575 de
1061 4534 1121 4575 se
1160 4520 1257 4586 ait,
1302 4518 1414 4592 Ego
1456 4538 1570 4575 sum
1614 4522 1702 4594 qui
1739 4539 1851 4576 sum
1954 4532 2102 4587 sunt,
2135 4538 2255 4578 cum
2288 4522 2461 4575 adhuc
2491 4522 2544 4574 in
2573 4535 2670 4573 usu
2700 4519 2936 4573 chrisma
2974 4534 3078 4573 non
3122 4528 3307 4574 esset:
3342 4520 3462 4587 quia
3490 4528 3541 4573 et

260 4608 454 4676 (Exod.
482 4624 565 4673 nt,
601 4609 724 4678 ii);
758 4610 1051 4666 secundum
1101 4611 1153 4666 id
1190 4614 1380 4667 saltem
1411 4629 1439 4667 a
1490 4614 1727 4681 parvulis
1769 4625 1851 4670 est
1879 4604 1928 4663 Ι)
1956 4616 2053 4686 ipsi
2084 4616 2135 4669 in
2166 4631 2225 4669 ea
2259 4614 2507 4668 vivebant
2541 4612 2643 4666 ﬁde
2682 4626 2800 4681 qum
2847 4620 2963 4665 erat
2992 4612 3299 4666 novissimis
3332 4621 3531 4683 tempo-

261 4702 610 4770 quzerendus,
644 4702 784 4772 quod
818 4704 931 4773 ipse
978 4704 1071 4770 ait,
1108 4703 1220 4776 Ego
1250 4722 1360 4758 sum
1392 4705 1526 4760 Deus
1569 4707 1848 4771 Abraham,
1954 4713 2103 4766 ribus
2133 4708 2442 4764 revelanda.
2469 4708 2549 4761 Ab
2571 4706 2722 4760 initio
2752 4708 2894 4761 enim
2928 4706 3177 4761 omnibus
3208 4705 3408 4760 sanctis
3436 4722 3538 4758 non

259 4805 305 4849 et
341 4793 494 4849 Deus
524 4793 694 4861 Isaac,
724 4804 771 4849 et
800 4793 937 4850 Deus
973 4794 1157 4862 Iacob,
1208 4795 1305 4850 hoc
1331 4796 1454 4851 mihi
1481 4814 1663 4852 nomen
1694 4809 1768 4853 est
1798 4800 1852 4853 in
1958 4804 2059 4858 nisi
2088 4804 2141 4857 in
2172 4800 2407 4866 Christo,
2437 4799 2748 4870 iustiﬁcatio
2781 4798 2898 4853 fuit.

260 4896 512 4940 aternum
542 4885 732 4958 (Ibid.,
764 4885 875 4956 15).
910 4887 1217 4942 Πεηιεηιοεε
1241 4903 1370 4959 ergo
1398 4889 1714 4944 mirabilium
1742 4894 1855 4962 ejus
2032 4892 2209 4964 (Vers.
2237 4892 2323 4956 i6,
2360 4891 2472 4961 i7.)
2519 4890 2583 4945 Et
2613 4894 2805 4945 vocavit
2836 4892 3021 4961 fantem
3065 4909 3217 4959 super
3262 4903 3468 4958 terram,
3495 4906 3541 4947 et

260 4996 373 5044 quc
401 4981 549 5049 fecit,
578 4981 667 5049 qtti
694 4979 857 5051 393
883 4993 1069 5035 semen
1097 4980 1233 5035 estis
1258 4980 1519 5047 Abrahm;
1542 4991 1595 5037 et
1621 4982 1716 5036 ﬁlii
1738 4982 1854 5051 ejus
1958 5003 2106 5043 omne
2132 4987 2510 5055 ﬁrmamentum
2541 4987 2688 5055 panis
2728 4986 2981 5039 contriuit.
3014 4984 3157 5037 Misit
3188 4994 3305 5038 ante
3336 5002 3416 5038 eos
3462 4986 3540 5038 vi-

260 5068 428 5125 iacob
458 5085 619 5139 quem
647 5070 811 5139 elegit
844 5072 1003 5125 Deus.
1040 5069 1107 5125 Ut
1136 5071 1179 5124 si
1210 5071 1372 5128 altius
1400 5072 1565 5128 Deum
1600 5088 1706 5127 non
1756 5089 1852 5143 po-

1957 5099 2094 5149 rum,
2139 5082 2191 5134 in
2244 5097 2443 5134 servum
2488 5080 2823 5135 venumdatus
2871 5087 2945 5133 est
2992 5077 3205 5147 Joseph.
3258 5076 3361 5132 Per
3402 5078 3543 5132 hanc

263 5160 425 5214 testis
465 5159 801 5228 desiderare,
834 5162 917 5216 vel
948 5162 1241 5217 secundum
1291 5178 1353 5219 ea
1394 5180 1514 5235 quae
1540 5180 1660 5219 cum
1689 5167 1857 5236 patri-
1960 5172 2370 5241 dispositionem
2418 5170 2615 5225 factum
2660 5179 2743 5225 est
2788 5179 2845 5225 ut
2874 5168 3165 5223 transirent
3196 5168 3263 5221 de
3298 5177 3457 5237 gente
3492 5170 3543 5221 in

263 5253 361 5306 bus
404 5254 610 5309 vestris
653 5262 907 5325 operatus
942 5266 1044 5323 est,
1092 5257 1435 5327 praesentiam
1485 5259 1653 5329 ipsius
1692 5275 1855 5332 expe-
1960 5272 2198 5334 gentem,
2228 5274 2250 5301 ο
2279 5264 2346 5318 de
2369 5280 2533 5335 regno
2557 5266 2607 5319 in
2631 5264 2883 5335 populum
2907 5264 3153 5316 alterum.
3184 5262 3335 5327 Quod
3364 5272 3543 5317 autem

264 5348 409 5400 ίιδίίδ·
1963 5362 2174 5415 vocavit
2214 5358 2407 5415 famem
2437 5399 2452 5424 ,
2499 5374 2605 5413 non
2638 5358 2715 5411 sic
2759 5356 3125 5424 accipiendqu
3178 5356 3326 5426 quasi
3380 5356 3547 5414 fames

332 5541 357 5568 ι
387 5534 497 5607 seu
536 5534 737 5602 potius,
771 5545 830 5589 ut
867 5538 1005 5605 apud
1037 5538 1390 5607 Augustinum
1424 5539 1511 5595 hic
1538 5541 1665 5607 loci,
1709 5542 1849 5598 Lan-

261 5607 380 5655 date
410 5601 603 5657 Deum.

335 5674 358 5710 δ
394 5674 571 5747 Erlitin
602 5676 871 5747 Lugdun.,
894 5695 995 5747 qua
1021 5681 1227 5735 serviat.

338 5756 359 5782 ε
395 5744 540 5828 Editi
568 5744 737 5828 nostri
767 5750 830 5828 ad
855 5744 1022 5828 unum
1049 5766 1239 5828 omnes
1272 5753 1501 5828 habent,
1532 5758 1815 5827 maligtmre
1842 5775 1857 5809 :
2043 5744 2071 5795 εν
2098 5758 2173 5811 ita
2205 5758 2449 5823 Lugdun.
2499 5763 2556 5809 et
2595 5752 2992 5828 LovanLediti,
3022 5760 3079 5806 ut
3127 5765 3293 5828 supra.
3328 5749 3542 5817 ῐθςίιητ-

260 5830 363 5888 pro
386 5830 497 5886 quo
518 5821 571 5872 in
586 5821 865 5888 Augustini
887 5825 1395 5891 enarratinnc,utin
1417 5826 1634 5897 Vulgata
1656 5821 1860 5895 nostra,
1969 5832 2134 5885 Duae.
2166 5839 2219 5886 et
2245 5821 2458 5896 Colon,
2487 5834 2533 5878 et
2578 5836 2759 5893 regno.
2788 5822 3143 5886 Posteriores,
3174 5833 3221 5875 et
3261 5822 3324 5873 de
3364 5835 3545 5890 regno.

551 5912 839 5974 Panos.
888 5915 991 5975 Ll.
2927 5916 3002 5977 10

1956 5542 2170 5615 legitur,
2201 5545 2497 5615 malignari.

2032 5606 2057 5652 δ
2094 5614 2239 5669 Editi
2268 5606 2505 5677 veteres,
2531 5614 2699 5665 dicere
2730 5608 2953 5661 videtur.
2988 5606 3350 5674 Posteriores,
3382 5608 3547 5660 uidere

1962 5697 2077 5746 tur:
2110 5702 2207 5741 nec
2234 5688 2371 5739 male
2396 5683 2760 5739 emendatum.
