4028 6352
560 302 669 364 299

1790 294 1848 349 5.
1891 290 2227 349 PROSPERI
2267 290 2405 360 Δρο
2418 290 2575 347 ITAN
2584 290 2606 344 ι

3684 318 3689 327 ·
3717 295 3808 358 300

486 446 489 449 ‹
558 424 737 492 .liqus
779 430 1007 489 persona
1033 414 1134 481 sit,
1173 412 1263 469 vel
1298 425 1388 469 res
1425 410 1795 467 substantialis
1830 418 1887 465 ει
1930 411 2135 473 vivens,
2166 418 2221 475 Α
2246 408 2466 479 ﬁrmavit
2488 424 2602 461 eum
2640 422 2793 480 super
2817 407 3050 462 inimicos
3076 409 3211 480 ejus.
3237 407 3390 476 Quod
3421 408 3647 468 breviter
3686 429 3809 485 pra:-

558 530 682 588 qua:
710 512 939 582 imperio
962 509 1205 565 vocantis
1230 516 1349 561 acta
1377 506 1468 575 sit,
1496 520 1620 559 cum
1647 503 1818 560 fames
1847 503 1981 558 nihil
2003 503 2147 558 aliud

560 611 635 665 sit
669 622 829 677 quam
861 619 929 659 ex
970 601 1147 657 inedia
1186 608 1464 655 contracta
1497 598 1763 667 pernicies
1791 616 1803 651 :
1834 598 1927 652 sed
1962 605 2145 651 vocata

561 702 768 757 dictum
795 706 899 761 est,
925 709 1022 764 pro
1044 695 1200 747 facta.
1232 690 1393 746 Vocat
1416 690 1557 745 enim
1587 690 1725 744 Deus
1744 702 1860 760 qua
1880 704 1985 742 non
2005 697 2147 753 sunt,

561 808 826 864 tamquam
852 805 966 859 qua:
993 789 1092 842 sint
1132 786 1318 856 (Rom.
1345 800 1420 849 Iv,
1456 782 1579 853 l7);
1612 799 1733 853 quae
1769 798 1875 839 non
1906 782 2032 836 ideo
2058 796 2148 835 vo-

561 900 682 944 cata
715 893 838 939 sunt
864 885 990 952 quia
1029 888 1212 943 erant,
1259 876 1356 933 sed
1403 875 1527 931 ideo
1566 884 1593 914 ι
1619 884 1780 930 erunt
1806 874 1929 945 quia
1961 884 2150 928 vocata

564 992 729 1039 sunt:
766 979 818 1032 id
843 984 948 1039 est,
977 976 1211 1029 existere
1238 971 1385 1039 jussa
1435 978 1563 1024 sunt
1590 982 1688 1038 per
1732 983 1854 1023 eum
1902 968 1987 1037 qui
2033 967 2152 1037 fecit

571 1089 685 1145 qua:
712 1078 891 1144 futura
917 1078 1033 1123 sunt
1052 1064 1207 1135 (Isai.
1236 1079 1359 1129 XLV,
1379 1063 1466 1128 il,
1487 1077 1589 1117 sec.
1617 1059 1811 1131 LXX).
1846 1060 1904 1114 In
1927 1075 1994 1114 eo
2021 1073 2151 1113 vero

563 1168 707 1239 quod
740 1166 873 1219 misit
902 1170 1021 1216 ante
1048 1176 1135 1215 eos
1164 1158 1349 1221 virum,
1392 1156 1446 1209 in
1492 1169 1690 1210 servum
1716 1151 2051 1207 venumdatus
2079 1157 2153 1203 est

563 1260 780 1326 Joseph,
811 1257 1040 1326 diligens
1069 1252 1333 1320 inspectio
1370 1249 1675 1304 necessaria
1702 1256 1806 1309 est,
1838 1259 1941 1315 qua
1975 1243 2153 1298 videas

564 1366 690 1409 mus
718 1347 992 1419 quomodo
1014 1343 1172 1399 malis
1192 1342 1447 1411 operibus
1476 1339 1750 1393 hominum
1775 1338 1914 1393 bene
1934 1345 2113 1391 utatur
2137 1352 2150 1388 :

563 1454 690 1499 cum
722 1439 968 1494 homines
996 1436 1135 1491 bona
1167 1448 1328 1501 opera
1362 1432 1450 1487 Dei
1481 1430 1548 1487 ad
1594 1431 2010 1486 instrumentum
2040 1441 2153 1481 ma-

564 1532 693 1593 litia!
725 1548 837 1586 sum
867 1528 1214 1584 transferam.

642 1625 822 1696 (γεγε.
851 1622 940 1689 18,
970 1620 1084 1688 19.)
1118 1615 1537 1671 Humiliaverunt
1562 1616 1617 1668 in
1647 1611 1979 1683 compedibus
2001 1611 2157 1683 pedes

567 1719 679 1785 eius
705 1732 721 1768 :
755 1716 947 1784 ferrum
977 1708 1303 1779 pertransivit
1324 1708 1553 1761 animant
1580 1711 1727 1776 e)us;
1759 1704 1935 1758 Donec
1965 1704 2154 1759 veniret

2251 502 2473 559 missum
2504 510 2607 570 est,
2638 500 2900 556 Firmavit
2927 500 3180 571 populum
3208 516 3361 557 suum
3392 516 3551 573 super
3577 504 3805 565 inimicos

2248 594 2397 664 ejus,
2455 604 2721 664 tamquam
2769 609 3136 665 quareremus
3179 595 3447 665 quomodo
3494 596 3685 653 factum
3730 602 3807 667 sit,

2250 688 2440 755 incipit
2466 688 2666 755 dicere,
2697 687 2873 743 donec
2900 687 2953 742 id
2982 688 3144 743 etiam
3174 688 3441 744 narrando
3483 690 3804 749 determinet.

2324 784 2505 855 (Vera.
2536 782 2654 855 25.)
2680 783 2746 838 Et
2786 784 3031 837 convertit
3056 800 3143 838 cor
3166 799 3367 847 eorum.
3403 793 3460 838 ut
3489 786 3705 839 odissent
3735 804 3811 856 po-

2249 879 2430 949 pulum
2470 894 2643 944 suum,
2686 890 2741 930 ut
2780 875 2958 931 dolum
3002 878 3227 946 facerent
3270 878 3328 930 in
3364 893 3533 932 servos
3570 880 3694 950 ejus.
3722 882 3811 935 Cor

2249 968 2630 1041 ﬁgyptiorum
2659 984 2766 1024 non
2798 969 2940 1024 Deus
2966 968 3280 1038 depravavit
3316 983 3347 1023 a
3378 980 3566 1035 recto;
3594 970 3685 1027 sed
3706 988 3810 1027 cum

2252 1073 2442 1132 sponte
2470 1063 2594 1117 mali
2624 1072 2826 1126 essent,
2855 1070 2909 1117 et
2934 1063 3068 1117 tales
3106 1070 3164 1115 ut
3194 1071 3416 1132 possent
3445 1061 3686 1118 invidere
3714 1064 3813 1118 [eli-

2251 1157 2433 1222 cibus,
2463 1155 2519 1210 in
2550 1156 2728 1209 odium
2776 1154 2897 1209 illos
2938 1154 3289 1209 Hebraeorum
3329 1156 3595 1210 convertit
3636 1156 3813 1210 beneti-

2253 1250 2429 1305 centia
2460 1264 2577 1312 sua.
2607 1265 2707 1318 qua
2744 1249 2992 1318 populum
3018 1264 3175 1303 suum
3220 1248 3635 1318 multiplicahat.
3665 1250 3811 1305 Beue~

2254 1341 2501 1395 faciendo
2533 1348 2711 1395 autem
2741 1341 2875 1405 suis,
2908 1340 3190 1411 Egyptios
3221 1339 3288 1394 ad
3318 1354 3504 1395 eorum
3537 1339 3815 1393 inimicitias

2254 1431 2526 1496 incitavit;
2562 1446 2670 1487 non
2713 1432 2856 1499 ipsos
2898 1433 3066 1485 malos
3114 1430 3383 1497 faciendo,
3414 1430 3511 1486 sed
3555 1430 3669 1486 istis
3693 1431 3812 1487 bona

2256 1540 2375 1595 quae
2407 1523 2578 1578 malos
2607 1532 2825 1579 urerent
2850 1522 3150 1593 largiendo.

2328 1617 2514 1689 (γεγε.
2548 1616 2640 1682 ‘26,
2667 1613 2783 1684 27.)
2816 1614 2959 1669 Misit
2990 1614 3206 1685 Moysen
3234 1629 3435 1669 servum
3465 1630 3638 1684 suum,
3668 1622 3710 1670 et
3734 1614 3818 1668 Ao-

2258 1725 2372 1774 ron,
2411 1720 2432 1747 ε
2466 1718 2513 1762 et
2541 1725 2688 1777 quem
2719 1709 2869 1779 elegit
2893 1709 3078 1777 ipsum.
3110 1706 3290 1761 Posuit
3312 1708 3367 1761 in
3396 1708 3469 1761 eis
3498 1707 3648 1762 verba
3671 1708 3820 1777 signo-

567 1813 772 1868 verbum
798 1806 1209 1882 ejus,eloquium
1232 1804 1441 1857 Domini
1472 1804 1809 1873 inﬂammavit
1830 1818 1965 1855 eum.
1993 1803 2153 1856 Com-
2186 1808 2231 1867 Β
2257 1820 2373 1856 rum
2422 1820 2653 1868 suorum,
2705 1812 2752 1856 et
2800 1803 3155 1872 prodigiorum
3184 1804 3238 1855 in
3281 1810 3420 1857 terra
3462 1799 3646 1857 Cleom.
3675 1798 3815 1855 Multa

564 1906 735 1979 pedes
778 1903 993 1974 quidem
1039 1898 1241 1968 Josepb
1288 1897 1563 1967 accepisse
1609 1912 1717 1951 non
1769 1896 2017 1964 legimus,
2060 1894 2155 1950 sed

566 1996 921 2056 dubitandum
952 2009 1059 2049 non
1098 2000 1185 2047 est
1216 1991 1284 2047 de
1312 2006 1402 2056 eo,
1432 1989 1575 2060 quod
1606 1989 1733 2043 licet
1762 1988 1987 2043 historia
2020 2004 2157 2058 prae-

563 2091 881 2155 termiserit,
914 2099 1093 2143 tamen
1134 2088 1396 2156 propheta
1423 2099 1530 2138 non
1565 2084 1749 2138 tacuit.
1784 2083 1839 2137 lu
1882 2082 2026 2137 ferro
2065 2096 2158 2135 au-

563 2196 699 2250 tem,
730 2184 873 2255 quod
905 2178 1284 2251 pertransiisse
1326 2178 1561 2232 animam
1589 2175 1709 2245 ejus
1738 2174 1898 2239 dixit,
1931 2172 2155 2228 tribula-

564 2280 769 2335 tionem
790 2278 937 2331 dursc
965 2270 1301 2329 necessitatis
1326 2270 1586 2324 debemus
1608 2268 1881 2336 accipere.
1898 2266 2030 2333 Quae
2058 2266 2150 2319 tri-

565 2371 772 2430 bulatio
806 2380 910 2422 tam
941 2365 1034 2421 diu
1074 2365 1290 2428 mansit,
1320 2362 1495 2417 donec
1540 2361 1894 2429 implerentur
1923 2357 2154 2424 somnia,

563 2477 688 2535 qum
733 2461 899 2515 verbo
929 2458 1098 2526 ipsius
1151 2456 1360 2510 fuerant
1401 2454 1778 2521 interpretata,
1812 2461 1867 2505 et
1896 2466 1992 2520 per
2037 2466 2157 2520 quae

565 2552 977 2611 commendatus
998 2556 1082 2604 est
1110 2547 1245 2617 regi,
1272 2556 1332 2600 ut
1360 2547 1524 2600 etiam
1552 2544 1653 2615 ipsi
1688 2544 1864 2597 futura
1893 2542 2155 2611 pradica-

563 2657 652 2705 ret
682 2644 837 2715 (Gen.
868 2659 978 2705 ut,
1001 2642 1092 2706 25,
1122 2639 1279 2709 etc.).
1310 2637 1387 2693 Ne
1415 2637 1537 2707 quis
1580 2646 1761 2691 autem
1794 2634 1909 2689 hinc
1952 2635 2156 2688 homini

566 2739 863 2804 tribueret,
916 2750 1020 2788 non
1067 2732 1253 2803 gratia:
1301 2730 1429 2794 Dei,
1479 2737 1845 2798 congruenter
1889 2727 2157 2797 adjectum

565 2844 669 2901 est,
702 2836 963 2901 eloquium
1003 2826 1211 2880 Domini
1236 2824 1569 2894 inﬂammavit
1594 2838 1744 2889 eum;
1776 2830 1833 2877 ut
1857 2823 2019 2877 etiam
2046 2822 2158 2892 ipse

565 2926 897 2992 intelligatur
924 2931 1111 2974 sancto
1140 2918 1347 2986 Spiritu
1372 2916 1399 2954 δ
1438 2917 1690 2970 lauisse.

642 3017 828 3085 (Vers.
858 3013 976 3081 ΞΟ.)
1010 3009 1151 3064 Misit
1180 3024 1274 3063 rea:
1303 3018 1349 3062 et
1377 3007 1525 3061 solvit
1555 3022 1691 3073 sum,
1720 3006 1958 3079 princeps
1993 3022 2161 3077 popu-

567 3111 758 3173 lorum,
789 3116 833 3158 et
863 3104 1053 3158 dimisit
1083 3117 1217 3155 eum.
1244 3101 1364 3169 Ipse
1384 3107 1469 3154 est
1490 3114 1599 3163 rex,
1623 3100 1713 3168 qui
1741 3099 1976 3169 princeps
1997 3114 2160 3169 popu-

571 3203 739 3257 lorum
764 3216 780 3253 :
812 3198 959 3253 solvit
988 3212 1111 3251 eum
1135 3192 1531 3263 compeditum,
1559 3191 1753 3245 dimisit
1782 3192 2068 3249 inclusum.

644 3292 823 3365 (Veis.
842 3290 933 3355 ‘2l,
960 3287 1077 3358 22.)
1095 3286 1375 3341 Constituit
1398 3301 1511 3340 eum
1533 3286 1797 3337 dominum
1820 3284 2000 3337 domus
2029 3300 2157 3350 sum,

569 3398 621 3441 et
651 3385 934 3455 principem
962 3381 1123 3435 omnis
1149 3378 1484 3451 possessionis
1509 3393 1654 3441 suae;
1680 3388 1733 3431 ut
1761 3379 1990 3431 erudiret
2019 3380 2163 3445 prin-

570 3481 707 3550 cipes
731 3480 841 3549 ejus
857 3478 986 3530 sicut
1008 3474 1351 3544 semetipsum,
1379 3482 1425 3526 et
1451 3472 1677 3527 seniores
1696 3475 1809 3545 ejus
1833 3472 2160 3538 prudentiam

569 3575 792 3628 doceret.
1054 3566 1131 3622 Ne
1180 3566 1280 3619 huc
1322 3566 1538 3635 quidem
1589 3567 1640 3619 in
1694 3566 1783 3620 illa
1828 3565 2161 3622 Sttblitnitate

568 3665 766 3733 Joseph
791 3663 1011 3717 historia
1032 3659 1220 3724 refert,
1244 3658 1382 3727 quod
1407 3658 1687 3728 rEgyptios
1712 3672 1871 3714 senes
1895 3659 2158 3727 sapientia

566 3755 820 3814 imbuerit
857 3752 1104 3823 spiritali.
1140 3750 1246 3806 Sed
1282 3753 1370 3819 qui
1399 3749 1519 3805 ﬁeri
1558 3759 1740 3819 posset
1770 3760 1824 3805 ut
1849 3753 1930 3804 vir
1958 3761 2157 3817 tantus,

566 3850 728 3904 unius
761 3847 870 3901 veri
903 3846 995 3899 Dei
1020 3844 1213 3908 cultor,
1235 3842 1445 3897 alendis
1474 3844 1845 3899 tantummodo
1875 3844 2161 3914 Egyptio-

568 3955 692 3995 rum
714 3936 1051 4005 corporibus,
1076 3946 1132 3990 et
1160 3936 1290 3988 solis
1323 3936 1555 3989 terrenis
1578 3936 1739 3991 rebus
1766 3938 2158 4007 prospiciendis

572 4037 721 4086 esset
772 4028 1005 4081 intentus
1031 4069 1047 4092 ,
1092 4042 1198 4079 non
1238 4035 1415 4079 autem
1462 4036 1674 4082 curaret
1723 4038 1779 4082 ut
1808 4043 1993 4084 eorum
2023 4046 2159 4100 quos

571 4120 809 4179 habebat
835 4120 1074 4172 SubtiilOS
1107 4119 1269 4171 etiam
1302 4118 1509 4172 animos
1536 4118 1812 4174 erudiret?

646 4214 825 4285 (Vers.
852 4209 969 4282 25.)
995 4209 1060 4263 Et
1085 4210 1291 4263 intravit
1321 4210 1487 4264 Israel
1508 4213 1558 4264 in
1586 4210 1897 4283 1Egyptum,
1921 4223 1969 4267 et
1994 4213 2157 4268 Jacob

571 4310 749 4363 accola
796 4308 892 4377 fuit
937 4308 989 4359 in
1035 4316 1169 4360 terra
1199 4302 1381 4359 Cliam.
1425 4304 1574 4371 Quod
1606 4315 1687 4360 est
1718 4306 1911 4371 Israel,
1947 4308 2047 4362 hoc
2076 4318 2159 4361 est

572 4400 767 4463 Iacob;
799 4407 852 4454 et
879 4399 1017 4468 quod
1061 4406 1143 4452 est
1182 4396 1470 4467 Aﬁgyptus,
1520 4396 1621 4452 hoc
1664 4408 1802 4452 terra
1848 4398 2039 4453 Cham.
2080 4400 2157 4455 De

570 4494 777 4550 semine
798 4492 937 4545 enim
961 4489 1124 4544 Cham
1148 4490 1242 4543 lilii
1262 4490 1373 4545 Noe
1398 4500 1584 4544 exorta
1605 4500 1687 4545 est
1716 4506 1851 4560 gens
1878 4492 2159 4562 Egyptia-

2261 1898 2378 1953 sine
2402 1897 2524 1951 ullis
2554 1896 2731 1950 verbis
2760 1894 2897 1951 facta
2939 1904 3083 1960 sunt,
3127 1894 3213 1949 vel
3241 1896 3408 1962 virga,
3452 1894 3536 1947 vel
3570 1908 3720 1947 manu
3746 1907 3819 1947 ex-

2262 2001 2430 2054 tenta,
2461 1990 2543 2044 vel
2575 1990 2752 2042 favilla
2784 1988 2837 2043 in
2878 1989 3073 2043 cmlum
3107 1986 3289 2041 missa.
3328 1985 3432 2041 Sed
3462 1986 3593 2055 quia
3622 1986 3703 2040 illa
3730 1985 3820 2053 ipsa

2260 2081 2287 2119 ά
2310 2083 2425 2137 sine
2449 2084 2609 2137 verbo
2636 2082 2771 2136 facta
2794 2091 2940 2149 sunt,
2966 2096 3076 2135 non
3105 2090 3258 2135 erant
3278 2080 3343 2134 ab
3361 2078 3633 2149 aliquibus
3653 2076 3822 2147 signiti-

2259 2176 2561 2230 cationibus
2610 2190 2796 2241 vacua,
2849 2177 2986 2230 sicut
3035 2173 3202 2228 verba
3247 2188 3367 2243 qua:
3417 2172 3654 2242 loquitur
3688 2170 3823 2225 :ideo

2261 2269 2422 2323 etiam
2455 2270 2566 2336 ipsa
2594 2268 2734 2321 dicta
2758 2279 2880 2321 sunt
2908 2266 3091 2330 verba,
3121 2281 3228 2320 non
3257 2279 3451 2319 vocum
3482 2272 3539 2319 et
3570 2276 3821 2323 sonorum,

2260 2361 2358 2416 sed
2390 2360 2667 2429 signorum
2698 2369 2754 2413 et
2785 2358 3169 2427 prodigiorum.

2333 2451 2514 2519 (Vers.
2545 2449 2659 2519 28.)
2710 2447 2854 2503 Misit
2899 2448 3147 2511 tenebras,
3196 2456 3241 2501 et
3289 2446 3612 2512 obscuravit;
3648 2439 3699 2500 ἐι
3741 2460 3822 2497 non

2258 2545 2689 2601 sxacerbaverunt
2709 2559 2968 2597 sermones
2994 2545 3127 2611 ejus.
3152 2540 3205 2595 Id
3229 2549 3332 2603 est,
3358 2540 3580 2609 Moysen
3604 2549 3654 2594 et
3674 2540 3824 2593 Aaron

2261 2636 2525 2709 Egyptii,
2560 2637 2805 2705 quamvis
2853 2642 3037 2689 essent
3084 2631 3381 2699 durissimi,
3416 2631 3682 2700 patienter
3711 2630 3824 2683 tule-

2261 2744 2405 2799 runt,
2456 2732 2633 2786 donec
2684 2730 2865 2785 omnia
2914 2743 3037 2797 qua:
3094 2727 3233 2782 Deus
3280 2725 3459 2782 {iacere
3512 2724 3826 2795 disposuerat

2266 2825 2691 2895 complerentur.

2333 2918 2513 2987 (Vers.
2542 2916 2635 2979 :29,
2653 2915 2767 2987 50.)
2787 2912 3038 2967 Convertit
3065 2927 3230 2981 aquas
3259 2925 3435 2964 eorum
3451 2910 3505 2964 in
3528 2911 3824 2981 sanguinem,

2264 3019 2311 3064 et
2342 3009 2530 3062 occidit
2556 3008 2714 3075 pisces
2740 3022 2937 3059 eorum.
2969 3004 3133 3075 396
3160 3002 3313 3058 Dedit
3335 3011 3469 3056 terra
3498 3019 3673 3056 eorum
3703 3016 3831 3054 ranas

2263 3101 2321 3154 in
2362 3100 2705 3170 penetralibus
2739 3115 2919 3169 regum
2955 3100 3206 3167 ipsorum.
3236 3096 3636 3167 llyperbolicos
3663 3098 3832 3150 dictum

2188 3194 2233 3256 C
2267 3203 2370 3259 est,
2403 3202 2672 3263 tamquam
2721 3192 2891 3262 ipsam
2928 3203 3127 3247 terram
3170 3205 3357 3245 eorum
3399 3192 3757 3245 convertisset
3791 3189 3831 3241 iu

2268 3303 2453 3344 ranas.

2336 3380 2526 3453 (Vers.
2553 3375 2861 3449 3i.)Dixit,
2892 3386 2938 3431 et
2960 3378 3091 3431 venit
3121 3376 3425 3447 ccenomgia,
3453 3384 3500 3430 et
3530 3374 3767 3447 cynipltes
3790 3373 3833 3425 in

2266 3476 2500 3530 omnibus
2532 3474 2717 3541 finibus
2750 3489 2947 3527 eorum.
2989 3472 3044 3527 Si
3075 3472 3339 3541 quaeritur
3367 3469 3582 3540 quando
3623 3466 3833 3530 dixerit,

2263 3570 2318 3626 in
2344 3572 2506 3623 verbo
2530 3569 2646 3637 ejus
2669 3574 2788 3622 erat
2816 3577 3103 3634 antequam
3140 3566 3327 3631 ﬁeret;
3372 3576 3427 3622 et
3460 3568 3578 3622 sine
3616 3577 3833 3634 tempore

2264 3661 2335 3716 ibi
2369 3670 2507 3725 erat,
2536 3676 2641 3727 quo
2674 3670 2914 3728 tempore
2944 3658 3117 3713 ﬁeret.

2336 3754 2518 3825 (νει-ς.
2552 3752 2641 3815 52,
2672 3752 2787 3819 5⁸5.)
2832 3752 3017 3806 Posuit
3060 3752 3261 3822 pluvias
3308 3766 3488 3806 eorum
3523 3750 3831 3821 grandinem.

2261 3850 2433 3919 ignem
2460 3846 2831 3901 comburentem
2869 3847 2922 3899 in
2951 3855 3086 3898 terra
3114 3846 3365 3915 ipsorum.
3401 3841 3473 3896 Et
3500 3842 3748 3914 percussit
3773 3839 3834 3891 vi-

2263 3956 2385 3995 neas
2418 3956 2615 4004 eorum,
2659 3946 2708 3991 et
2750 3937 2999 4005 ﬁculneae
3056 3952 3255 4003 eorum,
3294 3944 3342 3989 et
3376 3934 3617 3988 contrivit
3660 3936 3832 4002 lignum

2263 4031 2447 4100 ﬁniunt
2472 4045 2668 4083 eorum.
2697 4028 2808 4081 lloc
2844 4027 2897 4080 vi
2933 4026 3212 4095 grandinis
3233 4034 3287 4080 et
3314 4024 3627 4079 fulminibus
3657 4024 3833 4077 factum

2262 4134 2364 4181 est.
2399 4124 2550 4179 Unde
2582 4132 2637 4177 et
2673 4123 2847 4191 ignem
2879 4120 3133 4174 dixerunt
3160 4117 3597 4173 comburentem.

2334 4216 2514 4286 (γεγε.
2545 4214 2661 4282 54.)
2695 4212 2860 4275 Diait,
2898 4222 2945 4263 et
2974 4212 3107 4264 venit
3139 4210 3335 4263 locusta
3361 4218 3407 4261 et
3433 4208 3671 4276 bruchus,
3702 4206 3831 4275 cujus

2263 4326 2367 4364 non
2399 4320 2505 4361 erat
2536 4324 2797 4361 numerus.
2830 4306 2943 4361 Una
2976 4305 3127 4374 plaga
3165 4310 3249 4357 est
3280 4302 3503 4356 locustae
3546 4310 3600 4356 et
3628 4298 3829 4359 brucbi;

2260 4404 2512 4474 queniam
2537 4402 2704 4455 altera
2736 4409 2817 4454 est
2845 4413 3061 4467 parens,
3090 4397 3256 4450 altera
3288 4392 3454 4449 fetus.

2333 4495 2514 4564 (\‘ers.
2562 4493 2677 4561 55.)
2713 4492 2778 4544 Ει
2813 4490 3032 4543 comedit
3082 4504 3227 4542 omne
3255 4488 3427 4558 fenum
3470 4494 3622 4539 terra
3650 4498 3829 4537 eorum.

571 4602 718 4652 rum,
746 4584 884 4654 apud
911 4599 1047 4653 quos
1074 4584 1394 4652 peregrinati
1425 4592 1552 4638 sunt
1576 4584 1851 4640 lsraelitac.
1880 4586 1937 4641 Si
1974 4597 2150 4642 autem
2182 4583 2234 4644 D
2260 4590 2433 4645 Etiam
2464 4586 2641 4639 fenum
2687 4588 2889 4638 fructus
2917 4591 3022 4646 est,
3056 4580 3199 4634 sicut
3236 4581 3381 4648 loqui
3411 4578 3685 4648 Scriptura
3714 4590 3827 4630 con-

570 4680 830 4750 quaeritur
874 4677 1143 4746 quomodo
1192 4676 1259 4731 de
1310 4692 1476 4745 regno
1522 4677 1574 4731 in
1625 4679 1879 4747 populum
1928 4679 2153 4734 alterum

570 4772 853 4828 transiisse
883 4771 1147 4836 dicantur,
1177 4784 1297 4823 cum
1328 4780 1528 4824 terram
1560 4770 1813 4826 Chanaan
1841 4774 2069 4828 necdum
2103 4776 2155 4829 in

568 4880 796 4933 regnum
840 4860 1207 4929 accepissent;
1254 4870 1428 4929 potest
1478 4877 1572 4929 per
1602 4866 2065 4933 anticipationem,
2104 4868 2154 4921 id

568 4967 674 5019 est,
708 4956 1020 5025 prolepsim,
1052 4956 1129 5009 sic
1177 4954 1379 5009 dictum
1408 4957 1599 5026 accipi,
1628 4968 1684 5011 ut
1716 4960 1859 5028 quod
1916 4961 2152 5016 futurum

571 5059 710 5111 erat,
745 5048 895 5118 quasi
929 5047 1119 5100 factum
1147 5046 1347 5100 dictum
1378 5048 1467 5100 sit.

644 5139 823 5210 (Vers.
858 5138 975 5211 24.)
1004 5136 1071 5192 Et
1100 5139 1244 5193 auxit
1272 5140 1517 5209 populum
1547 5156 1697 5193 suum
1739 5142 2073 5211 vehementer,
2106 5158 2151 5199 et

646 5309 671 5336 ι
706 5298 868 5353 Duae.
893 5308 947 5353 et
970 5298 1161 5353 Colon.
1192 5295 1475 5362 editiones,
1508 5309 1671 5351 erant.
1699 5298 1940 5370 ngdun.
1974 5312 2025 5355 et
2048 5303 2148 5357 Lo-

570 5383 693 5423 van.
710 5410 722 5428 ,
745 5380 908 5421 erunt.

646 5439 672 5476 δ
706 5439 944 5503 Lugnlun.
980 5448 1034 5493 et
1061 5438 1261 5492 Lovan.
1309 5440 1489 5507 legunt
1516 5440 1744 5507 feruisse.
1775 5443 1936 5500 Duae.
1965 5454 2015 5496 et
2042 5444 2147 5497 Co—

569 5511 688 5569 lon,
719 5509 977 5578 ferbuisse.
1004 5508 1157 5563 Prius
1181 5526 1207 5561 a
1240 5509 1411 5573 ferutv,
1438 5509 1601 5562 ternis
1631 5511 1928 5566 derivatum
1964 5526 2149 5568 notant

569 5578 926 5655 gratntnatici.
955 5579 1103 5655 Unde
1124 5582 1260 5655 apud
1286 5582 1504 5655 Terent.
1526 5583 1577 5633 in
1609 5583 1834 5651 Adelph.
1866 5584 2146 5655 Sperabam

571 5647 683 5717 iam
711 5647 991 5718 deferuisse
1016 5650 1435 5718 adolescentiam.

647 5731 667 5759 ε
703 5717 970 5799 Lugdun.,
1002 5717 1203 5799 Ιλργςηι.
1235 5730 1291 5799 ει
1324 5722 1509 5799 Duac.,
1537 5721 1589 5775 in
1615 5737 1782 5799 quem.
1810 5721 1997 5778 Colon.
2024 5739 2144 5799 cum

568 5788 981 5865 ’OMCI’tOl‘ibtlS,
1006 5796 1053 5845 ct
1072 5804 1238 5862 quem.
1271 5795 1419 5862 Apud
1453 5788 1833 5866 Augustinum,
1872 5810 2019 5866 quem
2048 5797 2148 5851 ele-

2259 4682 2456 4744 suevit,
2483 4696 2601 4749 quae
2628 4678 2789 4734 ctiam
2820 4686 3028 4747 segetes
3054 4677 3267 4743 frugum
3300 4674 3482 4729 lentim
3516 4673 3769 4743 appellat.

2333 4772 2514 4842 (γει-ε.
2559 4770 2677 4839 56.)
2722 4768 2789 4823 Et
2837 4768 3083 4839 percussit
3121 4782 3321 4820 omnem
3365 4766 3749 4835 primogenitum
3786 4762 3831 4812 in

2257 4876 2396 4921 terra
2422 4881 2622 4932 eorum,
2649 4861 2902 4931 primitias
2923 4861 3085 4913 omnis
3102 4859 3291 4912 laboris
3320 4874 3517 4912 eorum.
3547 4858 3669 4912 Haec
3690 4855 3833 4925 plaga

2258 4961 2553 5017 novissima
2592 4968 2695 5023 est,
2728 4966 2951 5024 excepta
2980 4964 3153 5010 morte
3198 4953 3250 5006 in
3294 4953 3428 5007 mari
3467 4951 3669 5006 Rubro.
3713 4949 3834 5015 Quae

2260 5054 2430 5124 plagre
2458 5066 2579 5107 cum
2627 5049 2735 5104 sint
2771 5048 2981 5110 decem,
3029 5061 3126 5100 nec
3169 5058 3365 5099 omnes
3410 5047 3835 5098 commemorata:

2258 5156 2407 5213 sunt,
2427 5160 2526 5200 nec
2545 5143 2735 5200 eodem
2757 5142 2944 5197 ordine
2964 5155 3071 5212 quo
3087 5139 3139 5195 in
3164 5138 3344 5210 Moyse
3365 5138 3633 5207 leguntur.
3649 5132 3833 5187 Libera

2256 5306 2348 5375 git,
2380 5303 2493 5375 sine
2522 5303 2599 5375 in,
2624 5303 2705 5355 vel
2738 5312 2803 5354 et.

2329 5374 2353 5409 ά
2388 5374 2560 5427 Locus
2592 5374 2674 5427 hic
2709 5386 2993 5439 paucarum
3024 5384 3212 5423 vocum
3244 5369 3519 5423 additione
3550 5367 3698 5422 ﬁeret
3724 5366 3830 5439 cla-

2255 5446 2385 5499 rior.
2408 5445 2501 5498 Cui
2528 5445 2603 5497 rei
2626 5438 2940 5512 praestanda:
2957 5457 3079 5494 cum
3103 5457 3207 5493 non
3226 5441 3475 5507 iuvarent
3494 5439 3621 5512 editi
3644 5438 3831 5512 nostri,

2257 5506 2660 5580 delicerentque
2690 5529 2788 5567 nos
2820 5526 2976 5575 mss.,
3024 5514 3196 5576 ipsum
3228 5506 3527 5575 ’Augustini
3556 5510 3734 5580 loctnn
3767 5506 3830 5580 de

2255 5586 2425 5639 verbo
2456 5586 2520 5637 ad
2555 5574 2776 5638 verbum
2820 5574 2997 5652 piaret
3038 5574 3418 5652 transcribere.
3454 5579 3561 5634 Sed
3584 5574 3835 5652 quia‘illa

2255 5595 2425 5639 verbo
2456 5595 2520 5637 ad
2555 5595 2776 5638 verbum
2820 5595 2997 5652 placet
3038 5595 3418 5636 transrrtncre.
3454 5595 3560 5634 aea
3634 5595 3715 5630 um
3744 5595 3835 5631 tua

2252 5656 2365 5725 ipsa
2390 5671 2505 5725 qme
2534 5653 2669 5723 facta
2698 5661 2818 5725 sunt
2860 5669 2963 5707 non
3008 5661 3157 5725 erant
3192 5651 3412 5725 alicujus
3454 5595 3836 5722 signigeationis

2252 5720 2449 5791 inania,
2478 5720 2607 5778 sicut
2635 5733 2681 5779 et
2707 5723 2858 5779 verba
2880 5738 2995 5792 qua
3019 5720 3299 5793 loquimur,
3321 5720 3467 5787 ideo,
3494 5720 3601 5777 etc.
