4028 6352
244 334 338 399 301

242 460 320 511 est
375 448 521 507 enim
580 447 891 525 prephetica
946 446 1188 505 iaudario
1236 463 1267 506 s
1324 452 1442 523 lege
1491 451 1900 519 narrationisA

240 542 534 605 hiatoricte.

309 637 489 707 (Vers.
515 634 638 708 57.)
665 632 734 691 Et
751 635 929 691 eduxit
972 650 1057 692 eos
1082 637 1136 692 in
1164 646 1378 709 argento
1402 644 1448 693 et
1477 650 1628 693 auro.
1660 639 1823 695 Dolus

244 725 452 802 quidem
491 742 600 799 quo
642 726 889 801 Egypt"
928 728 1138 799 decepti
1177 740 1303 785 sunt
1338 738 1403 785 ut
1447 739 1733 801 argentum
1768 739 1825 787 et

243 834 425 878 aurum
452 820 699 877 Hebraeis
727 820 1133 878 discedentibus
1160 823 1353 879 darent
1373 822 1570 896 (Esse.
1601 836 1678 890 at,
1702 822 1821 895 55),

241 922 345 971 non
376 912 445 968 ad
472 921 828 983 praceptttm,
875 927 972 970 nee
1005 914 1071 969 ad
1098 915 1507 985 inspirationem
1550 914 1643 970 Dei
1684 914 1825 970 rele-

241 1004 435 1064 rcndus
464 1012 585 1073 est;
604 1005 703 1061 sed
724 1006 790 1061 ad
814 1006 1226 1077 promissionem
1248 1016 1476 1074 tantum,
1499 1020 1601 1077 qua
1629 1020 1821 1063 carna-

238 1095 313 1156 les
341 1108 558 1170 quoque
580 1096 682 1155 hac
702 1100 879 1171 decipi
900 1101 1193 1171 cupiditate
1221 1109 1518 1171 pateretur.
1538 1101 1819 1158 Verumta-

240 1200 354 1249 men
377 1190 578 1249 habent
596 1192 795 1264 aliquid
816 1194 963 1249 fraus
988 1195 1091 1250 ista
1110 1194 1355 1265 iustitia,
1383 1210 1504 1265 quas
1528 1197 1599 1251 ab
1618 1195 1823 1266 iniquis

241 1278 338 1341 hoc
364 1284 771 1355 quodammodo
791 1284 1036 1356 abstulit,
1069 1287 1210 1357 quod
1236 1300 1331 1356 pro
1354 1289 1607 1345 mercede
1625 1289 1825 1344 multo-

239 1388 350 1432 rum
380 1390 609 1448 operum
648 1377 966 1433 debebatur.
998 1377 1064 1432 Et
1083 1393 1185 1432 non
1213 1389 1291 1434 est
1312 1381 1366 1433 in
1396 1380 1627 1435 tribubus
1649 1392 1825 1436 eorum

239 1466 485 1539 inﬁrmas.
516 1468 693 1524 Etiam
722 1468 826 1525 hoc
850 1484 1104 1541 magnum
1138 1471 1458 1527 beneficium
1482 1473 1579 1529 Del
1615 1473 1733 1540 fuit,
1767 1483 1826 1529 ut

239 1552 289 1617 lu
310 1562 391 1615 illa
420 1559 764 1632 profectione
784 1562 967 1617 nullus
990 1570 1136 1619 esset
1157 1562 1426 1633 inﬁrmus,
1460 1577 1692 1637 corpore
1719 1564 1826 1621 sol-

241 1654 375 1723 licet,
404 1670 513 1709 non
547 1654 753 1709 animo.

303 1746 484 1820 (Vers.
540 1744 671 1817 38.)
718 1745 917 1802 laetata
960 1755 1035 1802 est
1087 1746 1350 1822 Egyptus
1401 1750 1459 1803 in
1504 1750 1826 1822 profectione

1064 338 1472 396 PSALMORUM
1509 338 1555 396 Α
1591 334 1632 396 C
1671 338 1765 397 AD
1797 338 1886 397 αι
1924 338 2307 402 EXPOSITIO.
2345 344 2541 403 PSAL.
2582 345 2693 401 CV.

2487 457 2610 514 PSA
2621 456 2804 514 ωςυε
2822 457 2934 517 (ιν.

2546 563 2867 605 ιιιιιιυιι.

1993 637 2175 711 (Vera.
2205 638 2285 710 i.)
2308 638 2636 711 Conﬁsemini
2656 640 2901 704 Domino.
2919 643 3159 712 quoniam
3176 644 3358 712 boasts,
3382 663 3509 718 quo-

1923 730 2140 785 ssiansin
2181 731 2428 787 malum
2463 736 2811 789 misericordia
2835 736 2965 806 ejus.
3017 737 3136 792 Duo
3181 738 3266 792 isti
3316 741 3505 808 psalmi

1922 834 2010 875 ειν
2027 829 2080 875 et
2102 835 2166 876 ev
2198 821 2270 877 ita
2314 821 2459 877 inter
2486 837 2547 878 se
2566 823 2837 893 conjuncti
2862 831 3010 888 sntit,
3032 827 3162 881 utin
3184 842 3290 882 uno
3317 841 3505 885 eorum

1921 914 2016 983 qui
2045 914 2320 983 praecedit,
2350 917 2756 971 commendetur
2802 916 3029 987 populus
3069 918 3165 975 Dei
3210 920 3265 977 in
3318 920 3507 977 electis

1922 1005 2076 1075 eius,
2099 1006 2168 1063 de
2187 1007 2386 1076 quibus
2409 1006 2553 1062 nulla
2582 1007 2802 1078 querela
2831 1017 2934 1075 est,
2966 1019 3020 1065 et
3049 1011 3101 1065 in
3127 1010 3322 1079 quibus
3350 1011 3508 1067 bene~

1926 1099 2183 1172 placitum
2211 1108 2297 1156 est
2319 1099 2548 1159 Domino
2596 1099 2653 1173 (ι
2687 1098 2806 1156 Cor.
2836 1116 2891 1167 ι,
2918 1099 2975 1171 5)
3005 1118 3019 1157 :
3070 1102 3123 1155 in
3162 1102 3266 1161 iSlQ
3323 1110 3503 1159 autem

1925 1190 2018 1261 qui
2046 1190 2290 1261 sequitur
2330 1189 2384 1245 bi
2431 1200 2923 1245 commemorantur
2953 1185 3042 1258 qui
3084 1190 3138 1245 in
3170 1193 3359 1249 eodem
3412 1209 3507 1264 po-

1926 1283 2536 1354 pulaamaricaverunt;
2562 1297 2662 1339 nec
2704 1292 2883 1341 tamen
2909 1284 3073 1343 etiam
3115 1283 3245 1356 ipsis
3298 1284 3509 1340 miseri-

1928 1375 2117 1435 cordia
2137 1376 2232 1432 Dei
2255 1376 2447 1432 deluit.
2476 1375 2731 1432 Dicuntur
2753 1384 2933 1433 autem
2958 1374 3060 1433 ista
3086 1390 3153 1430 ex
3179 1390 3366 1431 eorum
3394 1391 3509 1449 per.

1927 1485 2064 1529 sola
2107 1472 2201 1542 qui
2243 1471 2459 1527 veniam
2501 1468 2754 1529 conversi
2799 1480 3116 1539 precantur;
3157 1476 3213 1523 et
3266 1468 3510 1540 exempla

1926 1573 2423 1621 commemorantur
2446 1561 2663 1619 illorum
2707 1560 2763 1617 in
2810 1572 2947 1631 quos
2976 1556 3139 1619 etiam
3199 1572 3512 1633 peccatores

1927 1656 2078 1715 divos
2103 1657 2354 1726 apparuit
2410 1652 2779 1710 misericordia
2819 1652 2937 1709 Dei.
2996 1648 3191 1725 Incipit
3234 1668 3363 1724 ergo
3410 1654 3513 1711 iste

1930 1748 2193 1820 psalmus,
2227 1750 2368 1803 sicut
2417 1747 2531 1812 ille,
2562 1744 2889 1817 Conﬁtemini
2913 1742 3162 1812 Domino;
3184 1744 3276 1801 sed
3304 1744 3379 1800 ibi
3429 1762 3515 1803 se-

241 1850 403 1893 eorum
422 1854 442 1893 :
470 1838 599 1911 quia
623 1840 849 1894 incubuit
887 1840 1041 1895 timor
1073 1855 1252 1897 eorum
1291 1856 1451 1911 super
1479 1856 1583 1898 eos.
1624 1844 1826 1900 Intem-
1855 1854 1901 1915 Β
1929 1842 2130 1911 quitur,
2160 1849 2209 1896 et
2228 1841 2462 1895 invocato
2481 1854 2666 1894 nomen
2692 1840 2804 1908 ejus
2832 1853 2851 1893 :
2893 1836 2981 1892 hic
3023 1845 3227 1904 autem,
3256 1837 3514 1903 Quoniam

241 1929 458 2001 gendum
491 1930 642 2001 quod
672 1931 775 1988 hoc
798 1938 922 1988 tunc
951 1932 1151 1989 factum
1177 1935 1276 2000 sit,
1316 1936 1535 2006 quando
1559 1950 1823 2007 oppresso

243 2023 383 2092 aquis
407 2022 695 2081 Pharaone
724 2036 847 2081 cum
877 2027 1117 2082 exercitu
1139 2040 1264 2095 suo,
1298 2029 1502 2085 residui
1531 2029 1818 2103 Egyptio—

240 2124 349 2173 rum
382 2119 577 2175 timere
592 2126 878 2189 potuerunt
900 2130 970 2176 ne
996 2120 1063 2175 ad
1086 2120 1348 2177 deleudos
1364 2123 1586 2179 eosdem
1612 2123 1823 2180 ΡΙὼηί

240 2216 609 2266 rerertentur:
631 2211 826 2282 quibus
845 2211 1101 2283 proiectis
1124 2214 1180 2269 in
1204 2213 1602 2287 longinquiora,
1624 2230 1824 2273 causas

244 2298 537 2361 habuerunt
569 2304 808 2362 laetandi.

311 2399 493 2469 (νει-ε.
550 2401 641 2467 39,
694 2399 821 2472 ιθ.)
871 2400 1139 2472 Expendit
1186 2404 1369 2458 nubem
1411 2404 1467 2458 in
1513 2404 1825 2477 protectione

244 2506 441 2557 eorum;
467 2500 514 2545 et
542 2493 731 2564 ignem,
758 2500 811 2545 ut
851 2493 1041 2548 luceret
1064 2495 1138 2549 eis
1170 2510 1261 2565 per
1291 2504 1509 2551 noctem.
1532 2494 1821 2560 Petierunt,

249 2594 293 2637 et
315 2586 440 2638 sntit
460 2586 715 2640 coturnix.
747 2588 879 2654 Quae
909 2589 1094 2658 utique
1124 2603 1252 2643 caro
1283 2598 1386 2643 est.
1419 2597 1446 2627 ι
1475 2589 1608 2657 Quas
1634 2589 1824 2658 petitio

248 2686 353 2731 non
378 2677 531 2750 397
559 2680 927 2749 querulorum,
973 2682 1069 2737 sed
1116 2684 1417 2738 electorum
1443 2682 1684 2754 praestita
1713 2688 1819 2747 est,

254 2761 319 2822 ad
354 2771 632 2826 carnalium
678 2786 952 2828 murmura
981 2776 1406 2846 comprimenda.
1439 2775 1703 2843 Quoniam
1736 2774 1823 2829 hic

252 2860 479 2930 psalmus
499 2873 603 2919 non
626 2866 694 2921 de
719 2866 799 2921 eis
822 2867 1057 2937 loquitor
1099 2869 1153 2922 in
1189 2869 1383 2936 quibus
1408 2884 1514 2923 non
1543 2877 1627 2923 est
1657 2868 1822 2923 bene-

247 2954 487 3023 placitum
539 2958 679 3022 Deo;
726 2959 821 3014 sed
866 2960 934 3014 de
983 2962 1087 3015 lide
1138 2962 1367 3016 filiorum
1421 2961 1816 3029 promissionis,

240 3054 454 3117 propter
473 3064 607 3121 quos
635 3049 799 3106 etiam
820 3048 898 3106 illi
921 3053 1267 3122 jurabantur.
1294 3053 1360 3108 Et
1387 3069 1519 3125 parte
1540 3055 1654 3110 caeli
1680 3065 1821 3109 satu-

238 3140 361 3194 ravit
386 3156 486 3195 eos.
520 3142 579 3197 id
605 3148 709 3205 est,
740 3154 957 3200 manna.

1925 1935 2105 2002 bonus,
2129 1935 2372 2007 quoniam
2392 1934 2447 1989 in
2461 1932 2709 1989 secutum
2730 1930 3087 1986 misericordia
3125 1933 3260 2003 ejus.
3289 1927 3515 1988 Confes-

1922 2028 2009 2086 sio
2027 2029 2186 2098 igitur
2203 2035 2540 2096 peccatorum
2556 2024 2715 2082 habet
2730 2022 3095 2081 laudationem
3117 2020 3213 2079 Dei
3232 2042 3244 2077 :
3261 2026 3513 2097 quoniam

1923 2124 2013 2194 qui
2036 2121 2421 2193 indulgentiam
2461 2120 2618 2191 petit,
2653 2134 2774 2175 cum
2798 2134 2895 2190 spe
2923 2118 3082 2175 debet
3111 2134 3289 2185 orare,
3315 2129 3513 2175 etcum

1924 2215 2085 2288 ωε
2124 2215 2285 2271 laude
2306 2215 2423 2285 eius
2446 2214 2833 2271 misericordia:
2851 2229 3007 2283 quam
3034 2212 3204 2268 credit
3233 2225 3511 2268 aeternam.

1997 2309 2180 2380 (Vers.
2204 2308 2286 2380 2.)
2318 2309 2447 2374 Quis
2478 2310 2712 2377 loquetur
2748 2307 3000 2377 potentias
3042 2299 3286 2372 Domini,
3312 2306 3515 2360 auditas

1926 2402 2080 2473 faciet
2104 2418 2278 2455 omnes
2299 2401 2479 2455 laudes
2511 2403 2622 2472 ejus
2646 2400 2670 2454 ?
2691 2399 2824 2468 Quis
2850 2398 3124 2455 euarrabit
3153 2413 3313 2467 opera
3344 2399 3515 2454 omni~

1926 2495 2164 2564 poteutis
2204 2492 2593 2548 misericordia:
2652 2492 2787 2560 Dei,
2839 2490 2920 2548 vel
2968 2490 3165 2559 poterit
3227 2490 3403 2546 facere
3458 2501 3515 2546 ut

1928 2602 2120 2644 omnes
2142 2586 2327 2641 laudes
2355 2586 2525 2655 ipsius
2551 2583 2869 2641 audiantur?
2908 2582 3041 2651 Quia
3069 2580 3211 2651 quod
3241 2597 3337 2639 ore
3381 2596 3512 2652 pro-

1926 2680 2112 2745 mitur,
2140 2688 2193 2733 et
2216 2679 2356 2748 quod
2386 2691 2549 2745 opere
2569 2676 2771 2745 agitur,
2822 2675 2876 2730 in
2910 2672 3121 2729 laudem
3178 2666 3275 2727 Dei
3329 2673 3512 2728 dicen-

1925 2771 2053 2828 dum
2081 2780 2186 2835 est,
2212 2781 2375 2839 atque
2406 2767 2732 2823 iaciendum.

1994 2864 2175 2936 (Vera.
2202 2862 2282 2935 ὅ.)
2309 2861 2455 2916 Beati
2478 2862 2570 2932 qui
2595 2859 2885 2914 custodiunt
2920 2857 3200 2932 judicium,
3237 2867 3287 2912 et
3315 2857 3514 2928 faciunt

1921 2956 2176 3025 iustitiam
2203 2954 2256 3007 in
2301 2953 2441 3007 omni
2470 2960 2715 3021 tempore.
2744 2950 2962 3005 iustitia
3006 2959 3059 3005 et
3100 2948 3362 3019 judicium
3403 2959 3512 3006 tam

1922 3052 2121 3107 similia
2159 3050 2261 3105 sibi
2291 3057 2422 3103 sunt
2468 3058 2629 3117 atque
2670 3046 2866 3113 vicina,
2899 3053 2957 3099 ut
2998 3042 3282 3115 quodlibet
3326 3058 3514 3099 eorum

1923 3159 2022 3214 pro
2043 3143 2217 3198 altero
2238 3141 2363 3212 poni
2387 3141 2577 3212 possit.
2603 3139 2984 3195 Verumtamen
3015 3138 3060 3190 sl
3091 3137 3390 3207 proprietas
3424 3151 3516 3191 eo-
3590 3136 3606 3149 '

304 3231 324 3304 (
340 3230 490 3287 νει-ε.
520 3234 639 3307 si.)
668 3233 904 3308 Disruptt
948 3248 1162 3308 petram,
1214 3249 1264 3294 et
1307 3242 1569 3311 ﬂuxerunt
1616 3256 1763 3311 aqua:
1792 3256 1810 3296 :
1838 3233 1885 3295 Β
1915 3251 2038 3293 sum
2051 3235 2360 3306 diligentius
2374 3232 2637 3289 servanda
2654 3232 2747 3301 sit,
2759 3231 3021 3301 judicium
3038 3229 3317 3285 custodire
3330 3229 3515 3286 dicen-

236 3320 458 3377 Ibientnt
486 3326 545 3379 in
571 3328 704 3380 sicco
724 3328 962 3397 flumina.
990 3328 1083 3384 His
1103 3331 1354 3387 omnibus
1385 3332 1660 3388 beneﬂciis
1690 3333 1809 3399 Dei,

234 3408 357 3469 ﬁdei
375 3416 606 3472 Abrabat
632 3421 884 3475 meritum
914 3423 1348 3481 commendatur.

298 3507 319 3578 (
344 3506 496 3563 Vers.
530 3509 622 3574 4%,
662 3509 753 3576 43,
804 3511 943 3583 ﬂ.)
992 3514 1249 3580 Quoniam
1289 3528 1482 3569 memor
1527 3517 1628 3586 fuit
1677 3516 1815 3570 uerbi

233 3598 389 3651 sanati
412 3600 518 3664 sui,
549 3598 691 3668 quod
715 3604 912 3657 locutus
939 3615 1010 3658 est
1032 3606 1101 3659 ad
1122 3605 1386 3660 Abraham
1401 3623 1619 3677 puerum
1638 3622 1811 3664 suum.

236 3686 296 3741 Et
346 3691 530 3744 euasit
562 3695 812 3760 popatutn
853 3708 1004 3750 suum
1030 3697 1084 3751 in
1125 3698 1487 3765 exulatione,
1538 3708 1589 3753 et
1631 3699 1816 3755 electos

234 3788 344 3832 suos
365 3782 421 3834 in
431 3781 642 3837 notitia.
665 3781 729 3836 Et
742 3784 883 3838 dedit
901 3784 1008 3840 illis
1034 3788 1270 3858 regiones
1285 3790 1530 3858 gentium,
1546 3801 1591 3845 et
1615 3790 1816 3846 labores

231 3870 541 3941 popularem
561 3875 913 3944 possederunt.
932 3876 1230 3949 Tamquam
1257 3895 1647 3952 quereremus,
1672 3882 1699 3922 δ
1730 3884 1817 3938 eui

230 3957 495 4019 tenuisse
519 3966 643 4019 data
674 3966 809 4021 sint:
833 3984 901 4022 ne
921 3967 1025 4026 hoc
1046 3971 1225 4041 ipsum
1249 3982 1529 4042 putaretur
1548 3989 1815 4031 sumntum

228 4049 450 4123 bonum,
485 4056 628 4127 quod
656 4058 758 4113 ista
800 4059 1033 4117 felicitas
1055 4066 1436 4135 temporalium
1482 4082 1663 4123 rerum
1694 4069 1816 4123 data

231 4152 339 4212 est;
363 4150 626 4205 continuo
652 4167 772 4208 eam
802 4154 871 4209 ad
907 4156 1053 4213 aliud
1077 4159 1281 4229 retulit,
1310 4160 1401 4217 ubi
1422 4175 1694 4219 summum
1721 4163 1819 4221 ho-

231 4246 355 4293 m
383 4249 606 4310 oportet
632 4242 849 4313 inquiri.

297 4330 486 4399 (Vere.
515 4332 645 4404 45.)
684 4335 753 4391 Ut
795 4338 1093 4395 custodiant
1130 4342 1530 4413 justi/icationcs
1574 4349 1722 4419 ejus,
1771 4356 1819 4402 et

230 4419 388 4493 legem
405 4429 523 4498 ejus
546 4428 830 4495 requirant.
862 4432 1004 4502 Ergo
1019 4434 1423 4505 intelligendum
1450 4447 1556 4505 est,
1583 4438 1677 4495 Dei
1700 4454 1819 4494 ser-

232 4526 344 4585 vos,
375 4526 437 4573 et
476 4519 682 4575 electos
722 4522 867 4577 ﬁlios
896 4526 1291 4593 promissionis,
1340 4528 1611 4585 imitantes
1659 4529 1819 4587 [idem

1916 3330 2018 3387 dus
2044 3338 2149 3398 est,
2168 3330 2261 3399 qui
2294 3335 2443 3385 recte
2464 3326 2706 3397 iudicat;
2726 3326 2996 3397 iustitiam
3025 3339 3157 3383 vero
3202 3325 3403 3394 lacere,
3419 3325 3512 3396 qui

1916 3430 2067 3478 recte
2093 3420 2225 3491 agit.

1990 3513 2172 3586 (Vere.
2204 3508 2286 3583 4.)
2309 3510 2565 3567 Memento
2585 3511 2769 3579 nostri,
2801 3508 3023 3567 Domine
3044 3551 3060 3575 ,
3112 3509 3167 3565 in
3196 3508 3512 3579 beneplact'to

1916 3601 2095 3675 pepuli
2122 3602 2215 3656 tui.
2247 3600 2305 3657 id
2333 3610 2442 3668 est,
2491 3609 2551 3658 ut
2579 3601 2633 3655 in
2682 3601 2759 3657 eis
2805 3600 2973 3657 simus
3014 3601 3066 3653 in
3098 3598 3296 3669 quibus
3344 3600 3513 3657 bene-

1918 3694 2175 3766 placitum
2201 3701 2288 3750 est
2311 3694 2446 3749 tibi:
2474 3694 2599 3764 quia
2626 3707 2735 3751 non
2760 3693 2811 3747 in
2841 3692 3094 3748 omnibus
3125 3692 3231 3747 illis
3257 3690 3512 3763 benepla-

1917 3788 2085 3849 citum
2104 3799 2184 3842 est
2211 3787 2325 3843 Deo
2349 3784 2405 3859 (ι
2428 3782 2549 3840 Cor.
2583 3802 2636 3851 ι,
2666 3785 2747 3853 5).
2773 3783 2940 3840 Visita
2964 3801 3054 3840 nos
3070 3780 3126 3839 in
3150 3783 3370 3840 salutari
3398 3792 3509 3843 tuo.

1918 3880 2033 3939 Hoc
2061 3888 2165 3947 est,
2189 3880 2243 3935 in
2274 3879 2490 3935 Christo
2517 3887 2630 3945 tuo,
2661 3879 2715 3935 in
2739 3893 2847 3948 quo
2891 3886 3108 3950 peccata
3138 3877 3505 3948 dimittuntur,

1917 3983 1975 4031 et
1996 3974 2193 4028 anima:
2210 3981 2494 4038 sanantur,
2518 3977 2579 4027 ut
2604 3971 2914 4028 custodiant
2955 3970 3240 4042 judicium,
3287 3972 3512 4030 iaciant-

1919 4082 2024 4139 que
2052 4065 2337 4135 justitiam.

1992 4156 2172 4229 (Vers.
2199 4156 2276 4227 l5.)
2308 4155 2388 4210 Ad
2416 4155 2694 4210 videndum
2737 4156 2793 4210 in
2816 4154 3039 4211 bonitate
3066 4154 3341 4214 electorum
3393 4169 3508 4215 tuo-

1918 4267 2057 4319 runt,
2090 4251 2157 4305 ad
2185 4249 2462 4307 laetandum
2491 4251 2545 4304 in
2575 4250 2754 4305 laetitia
2789 4251 2953 4321 gentis
2992 4260 3115 4307 tuor.
3172 4251 3340 4308 Visita
3388 4268 3507 4321 nos,

1919 4344 2117 4415 inquit,
2142 4342 2209 4398 ad
2231 4342 2553 4407 videndum,
2588 4341 2639 4396 id
2663 4352 2779 4411 est,
2813 4342 3051 4396 illumina
3077 4357 3196 4410 nos,
3227 4359 3295 4399 ne
3343 4344 3511 4400 simus

1921 4436 2071 4501 cmci,
2097 4446 2151 4492 et
2201 4444 2351 4491 extra
2379 4434 2672 4489 bonitatem
2727 4434 3021 4490 electorum
3076 4442 3315 4491 tuorum.
3369 4437 3513 4507 Quo-

1923 4528 2066 4583 niam
2089 4528 2230 4583 oculi
2258 4528 2541 4582 interiores
2563 4534 2712 4583 recta
2732 4525 2936 4598 vident,
2968 4528 3274 4599 aequitatem
3308 4530 3507 4601 vident,

231 4608 485 4676 Abrabm,
510 4622 801 4680 propterea
827 4617 929 4670 ista
972 4618 1109 4674 bona
1142 4629 1359 4676 terrena
1390 4637 1605 4678 sumere
1652 4638 1682 4679 a
1712 4624 1820 4680 Do-
1846 4614 1899 4676 D
1923 4618 2063 4676 bona
2084 4622 2492 4687 concupiscunt.
2522 4619 2579 4674 in
2609 4618 2711 4675 hac
2761 4635 2891 4690 ergo
2941 4621 3181 4677 bonitate
3217 4621 3302 4680 fac
3329 4636 3382 4680 et
3412 4641 3513 4683 nos

230 4699 495 4766 misimus
521 4712 627 4758 non
658 4704 714 4760 in
760 4708 840 4761 eis
893 4708 1024 4763 lusu
1079 4710 1352 4780 difﬂuunt,
1404 4714 1522 4771 sive
1563 4730 1818 4785 perversa

230 4794 527 4850 securitate
548 4804 863 4865 torpescant
891 4799 1023 4856 :sed
1063 4801 1186 4859 ideo
1215 4803 1447 4862 habeant
1472 4806 1590 4863 bac
1638 4810 1816 4865 omnia

230 4886 503 4943 udirina
533 4889 903 4947 misericordia
955 4906 1282 4964 praeparata,
1329 4898 1387 4954 in
1434 4900 1628 4969 quibus
1672 4917 1820 4972 quae-

226 4978 417 5035 rendis
438 4992 663 5049 possent
717 4984 1170 5052 uegotiosissimis
1213 4987 1492 5046 laboribus
1544 4993 1817 5062 occupari;

225 5069 377 5123 atad
407 5068 753 5138 hocvaeent,
779 5074 922 5132 unde
968 5075 1171 5132 bonum
1200 5087 1465 5137 asternum
1522 5082 1691 5150 possit
1730 5098 1822 5141 ac-

228 5159 399 5228 quiri.
431 5161 544 5218 Hoc
570 5173 675 5231 est,
712 5164 783 5221 Ut
820 5168 1113 5225 custodiant
1151 5171 1555 5241 iustiﬁcationes
1607 5177 1745 5247 ejus,
1776 5184 1825 5230 et

230 5249 393 5322 legem
410 5255 524 5326 ejus
544 5255 833 5327 requirant.

303 5394 692 5475 {Augustinus
719 5394 821 5475 huc
843 5396 969 5475 loco
994 5416 1007 5453 :
1036 5397 1157 5453 Non
1182 5401 1492 5475 coturnicem
1522 5405 1824 5475 concupive-

226 5471 374 5544 ραι,
400 5466 491 5544 sed
519 5480 719 5521 carnes.
741 5467 889 5544 Quia
916 5485 1035 5544 sero
1062 5473 1379 5528 et‘soturnt'a:
1402 5490 1523 5529 caro
1543 5484 1639 5543 est,
1681 5466 1727 5529 et
1770 5477 1823 5531 in

228 5532 338 5610 illo
369 5535 571 5603 psalmo
598 5553 704 5591 non
732 5537 960 5609 loquitur
986 5542 1051 5596 de
1090 5544 1459 5599 amaricatione
1496 5532 1735 5610 illorum,
1767 5547 1823 5601 in

223 5605 425 5675 gibus
444 5622 542 5686 non
559 5620 636 5686 est
660 5605 1033 5686 beneplacitum
1062 5610 1199 5686 Deo,
1220 5616 1309 5668 sed
1332 5615 1397 5669 de
1417 5617 1521 5686 ﬁde
1547 5605 1821 5671 electorum

234 5704 257 5727 ο
298 5712 314 5727 .
361 5710 445 5757 ,⁸.
597 5680 921 5751 intelligendi
944 5694 1064 5757 sunt
1101 5685 1285 5754 petisse
1317 5694 1371 5738 ut
1414 5679 1636 5757 ueniret,
1686 5689 1823 5742 unde

227 5750 639 5827 sororia-uiuus
658 5750 891 5827 murmur
909 5750 1306 5827 opprimeretur.
1333 5756 1411 5810 Ex
1435 5750 1634 5827 quibus
1658 5758 1817 5813 intel-

230 5812 375 5886 ﬁﬂs
409 5821 711 5878 ttecessario
753 5812 1005 5880 σώθιὶιίιῖ
1031 5824 1289 5883 debuisse
1323 5812 1511 5893 voee'tn
1555 5812 1825 5886 monitura

1917 4712 2122 4779 videre,
2168 4720 2225 4767 et
2266 4711 2431 4766 lattari
2464 4711 2518 4765 in
2550 4712 2734 4766 laetitia
2770 4712 2948 4782 populi
2978 4716 3072 4783 tui,
3118 4733 3237 4786 qua:
3277 4734 3384 4774 non
3428 4728 3513 4774 est

1921 4815 2119 4878 praeter
2145 4813 2197 4860 te
2224 4822 2237 4856 :
2267 4804 2392 4875 quia
2421 4819 2611 4860 omnes
2642 4805 2719 4861 tui
2762 4821 2869 4861 non
2895 4807 3132 4878 gaudent
3185 4808 3288 4864 nisi
3317 4809 3385 4864 de
3433 4818 3509 4865 te.

1924 4897 1995 4956 Ut
2021 4896 2249 4953 lauderis
2272 4912 2389 4951 cum
2413 4896 2713 4953 hereditate
2734 4897 2913 4953 tua.ld
2931 4909 3037 4966 est,
3071 4909 3127 4955 ut
3158 4900 3336 4955 omnia
3366 4900 3505 4957 bona

1922 4989 2257 5048 haereditatis
2283 4998 2408 5054 tum,
2436 5005 2598 5059 quam
2631 4990 2840 5061 elegiSIi
2868 5002 2920 5046 et
2946 4993 3231 5062 adoptasti,
3265 4991 3331 5047 ad
3366 5004 3507 5049 tuam

1922 5083 2151 5153 gloriam
2183 5081 2503 5150 laudemque
2536 5082 2857 5137 referantur.
2883 5083 3014 5150 Quin
3061 5099 3195 5154 quos
3226 5082 3411 5139 visitas
3459 5088 3511 5143 in

1923 5172 2144 5232 salutari
2177 5181 2290 5241 tuo,
2318 5172 2523 5229 laudari
2562 5172 2670 5229 nisi
2709 5175 2761 5229 in
2795 5182 2882 5229 tua
2910 5172 3068 5229 laude
3118 5189 3225 5229 non
3254 5186 3507 5246 possunt,

1925 5269 2016 5339 qui
2042 5282 2137 5325 eos
2158 5267 2457 5325 laudabiles
2480 5267 2632 5327 lacis.

1932 5406 2389 5480 insequentibus,
2433 5427 2530 5480 pro
2578 5427 2707 5468 voce
2755 5428 2995 5475 munera,
3028 5428 3144 5478 qum
3192 5415 3417 5472 habetur
3458 5420 3508 5473 in

1929 5478 2089 5535 editis
2111 5480 2379 5533 omnibus.

2002 5548 2029 5588 δ
2062 5549 2340 5605 Editiunes
2378 5563 2576 5607 nostra
2614 5552 2879 5620 legebant,
2926 5554 3007 5607 cui
3035 5554 3169 5610 bona
3195 5557 3313 5612 ista.
3351 5564 3415 5613 At
3444 5576 3508 5614 ax

1928 5618 2212 5699 Augustini
2257 5638 2438 5699 opere,
2488 5618 2782 5699 sensu—loci
2834 5618 3206 5699 id‘eaigente,
3238 5632 3509 5699 currigvro

1927 5705 2037 5770 non
2069 5692 2452 5770 dubitavimus,
2485 5693 2567 5743 cui
2587 5695 2724 5770 bono
2752 5693 2852 5770 ista
2876 5694 2997 5770 data
3025 5692 3151 5752 sint.
3178 5699 3236 5754 lii
3267 5692 3509 5770 estfquu

1930 5758 2037 5818 tiae
2063 5759 2213 5832 data,
2240 5775 2339 5818 seu
2363 5764 2451 5818 cui
2482 5763 2600 5817 usui
2623 5776 2653 5815 a
2684 5763 2794 5820 Deo
2819 5763 3111 5825 destinata.
