4028 6352
499 381 607 440 305

576 491 756 564 (Vers.
784 484 866 555 6.)
894 477 1224 538 Peccavimus
1255 486 1368 526 cum
1413 463 1642 539 patribus
1673 458 1881 523 nostris,

504 549 717 659 egimus,
746 549 1066 649 iniquitatem
1104 569 1335 640 fecimus.
1372 558 1664 629 Dupliciter
1717 549 1943 618 intelligi
1994 559 2094 614 po-

504 635 633 741 ttist,
674 635 1210 743 quod'peccaverint
1242 652 1445 726 posteri
1493 662 1614 705 cum
1665 642 1912 716 patrihus
1963 635 2096 697 suis,

508 739 654 826 tanto
692 739 1097 833 antiquioribus
1142 771 1155 806 :
1199 752 1313 805 sive
1360 747 1484 817 quia
1532 745 1585 798 in
1642 739 1839 795 lumbis
1887 745 2097 806 patrum

504 870 681 927 erant,
712 826 925 930 quando
954 853 1028 908 illi
1059 852 1113 905 in
1140 846 1375 917 Egypto
1404 842 1621 895 luerunt
1650 852 1665 902 ;
1724 833 1848 903 quia
1872 842 1925 885 et
1974 826 2102 883 Levi

504 972 627 1014 cum
670 952 938 1009 Abraham
981 943 1281 1000 decimatus
1316 945 1431 991 est:
1480 933 1594 985 sive
1635 930 1760 998 quia
1802 924 2104 980 imitatores

505 1055 727 1110 fuerunt
750 1062 846 1118 per
879 1038 1297 1099 similitudinem
1327 1025 1685 1087 contumaciae
1709 1065 1722 1087 ,
1760 1029 1815 1075 et
1843 1031 1964 1072 cum
1996 1014 2104 1068 illis

503 1148 907 1219 peccaverunt,
952 1149 1087 1207 quos
1126 1131 1239 1187 suis
1281 1126 1523 1183 moribus
1569 1117 1872 1174 retulerunt
1918 1108 2105 1182 (Hebr.

504 1255 577 1295 vn
593 1280 610 1308 ,
634 1237 716 1309 2).

502 1362 504 1371 ν
578 1298 759 1408 (vers.
789 1325 871 1399 7.)
909 1324 1092 1381 Patres
1122 1319 1287 1376 nostri
1326 1318 1381 1371 in
1435 1311 1666 1383 ngypto
1708 1320 1811 1381 non
1838 1298 2108 1355 intellexe-

505 1438 629 1486 runt
668 1420 932 1480 mirabilia
961 1429 1077 1486 tua,
1120 1432 1222 1470 non
1248 1414 1454 1483 fuerunt
1483 1418 1729 1459 memores
1761 1391 2107 1451 multitudinis

506 1519 878 1581 misericordia:
914 1524 1037 1569 tuae.
1077 1507 1511 1583 Etlintellectum
1546 1495 1861 1565 redarguit,
1908 1500 1961 1544 et
1995 1501 2109 1541 me-

506 1621 761 1676 moriam.
795 1610 1076 1667 lntellectu
1111 1603 1308 1673 quippe
1328 1598 1516 1652 videre
1541 1592 1845 1647 debuerunt
1885 1582 1952 1637 ad
1984 1594 2109 1650 quo-

508 1728 629 1771 rum
661 1710 928 1765 bonorum
971 1700 1330 1757 aeternitatem
1363 1707 1458 1762 per
1491 1690 1582 1744 illa
1616 1680 1929 1752 temporalia
1958 1689 2109 1730 voca-

508 1814 733 1867 rentur;
766 1796 1028 1855 memoria
1060 1805 1187 1846 vero
1219 1788 1283 1842 ad
1317 1788 1416 1839 hoc
1460 1783 1645 1835 saltem
1687 1772 1878 1830 instrui
1904 1769 2105 1823 dehue~

509 1906 663 1967 runt,
701 1904 760 1949 ut
801 1888 1129 1946 mirabilium
1167 1881 1263 1937 Dei
1300 1892 1411 1933 non
1453 1871 1944 1928 obliviscerentur:
1989 1873 2110 1913 cum

512 1988 581 2045 ad
638 1982 1104 2043 conﬁrmationem
1168 1973 1331 2044 399
1396 1980 1585 2021 eorum
1644 1960 1872 2017 multum
1931 1958 2116 2022 posset

512 2080 696 2135 valere
725 2072 1115 2132 beneliciornm
1151 2068 1243 2119 Dei
1274 2061 1450 2117 ﬁdelis
1479 2054 1807 2112 recordatio.
1842 2049 1906 2101 Et
1934 2046 2113 2099 irrita-

514 2182 715 2240 t'erunt,
733 2168 1067 2224 ascendentes
1094 2162 1148 2215 in
1177 2172 1317 2212 mare
1336 2197 1349 2219 ,
1381 2155 1435 2207 in
1462 2167 1604 2205 mare
1636 2148 1889 2202 Rubrum.
1917 2143 2118 2195 Ascen—

516 2269 709 2323 deutes
755 2262 957 2318 dictum
1004 2265 1087 2311 est
1129 2268 1225 2322 pro
1258 2258 1421 2303 terra:
1474 2242 1774 2313 positione,
1831 2249 1951 2304 qua:
1997 2229 2118 2284 talis

518 2369 628 2427 est,
664 2351 1027 2412 utdescensin
1058 2349 1269 2402 dicatur
1303 2343 1355 2395 in
1389 2337 1681 2409 [Egyptum
1707 2332 1775 2387 de
1805 2338 1946 2384 terra
1978 2324 2121 2380 Cha-

519 2465 658 2507 naan
677 2491 691 2513 ,
716 2456 770 2503 et
798 2448 849 2500 in
876 2459 995 2499 eam
1026 2443 1094 2495 de
1124 2437 1361 2507 Egypto
1391 2431 1661 2485 ascensio.

592 2540 781 2615 (Vers.
811 2538 862 2602 8,
898 2536 983 2603 9.)
1016 2531 1085 2585 Et
1113 2527 1324 2583 salvavit
1354 2541 1437 2579 eos
1482 2530 1690 2591 propter
1734 2529 1919 2569 nomen
1950 2525 2119 2573 suum,

522 2644 577 2689 ut
609 2642 781 2687 notam
812 2629 1002 2698 faceret
1052 2621 1329 2693 potentiam
1378 2631 1543 2670 suam.
1578 2611 1644 2665 Et
1688 2606 1940 2678 increpuit
1986 2617 2125 2655 mare

523 2728 783 2791 Rubrum,
836 2731 881 2775 et
919 2721 1169 2774 siccatum
1198 2722 1288 2768 est.
1323 2711 1442 2766 Non
1477 2708 1673 2776 legitur
1705 2702 1809 2755 nlla
1849 2714 1954 2753 vox
1986 2696 2123 2750 facta

526 2836 628 2889 qua
674 2819 973 2871 siccaretur
1018 2823 1166 2864 mare
1194 2826 1205 2858 ς
1238 2801 1477 2875 potentia
1531 2814 1659 2867 ergo
1690 2810 1792 2865 qua
1842 2791 1890 2845 id
1928 2790 2123 2843 factum

528 2923 611 2995 est
643 2907 942 2977 increpatio
967 2902 1109 2957 dicta
1139 2911 1240 2954 est.
1272 2896 1336 2949 Et
1360 2894 1533 2947 eduxit
1571 2906 1654 2943 eos
1678 2889 1727 2940 in
1756 2883 1974 2954 abyssis,
1999 2882 2130 2935 sicut

531 2977 831 3055 iirdeserto.
858 2996 992 3062 Quia
1021 2992 1266 3047 siccitate
1291 2987 1487 3040 factum
1514 2991 1628 3037 erat
1659 2980 1799 3033 sicut
1828 2977 2126 3034 desertum,

532 3096 620 3149 ubi
647 3094 862 3148 fuerunt
893 3089 1096 3160 abyssi.

608 3185 801 3255 (Vers.
834 3182 957 3250 10.)
1008 3178 1074 3231 Et
1104 3175 1317 3230 salvavit
1345 3188 1426 3226 eos
1457 3171 1518 3223 de
1556 3183 1713 3220 manu
1745 3163 2054 3227 odientium,
2086 3166 2132 3211 et

608 3229 626 3255 κ
661 3229 801 3239 η.-.
839 3229 955 3250 _--,
1008 3229 1118 3231 --η

536 3277 749 3332 redemit
780 3291 865 3328 eos
898 3272 961 3327 de
988 3286 1145 3324 manu
1166 3266 1381 3320 inimici.
1415 3261 1552 3329 Quid
1576 3259 1736 3330 pretii
1760 3256 1943 3311 datum
1968 3262 2051 3309 est
2078 3251 2133 3305 in
2161 3235 2208 3300 C
2240 3240 2372 3309 ejus-
2409 3232 2526 3287 Νοη
2557 3229 2631 3284 ila

537 3376 640 3425 hac
669 3364 1078 3435 redemptione?
1126 3363 1203 3414 Au
1233 3355 1518 3427 prophetia
1567 3360 1670 3415 est,
1702 3348 1844 3420 quod
1888 3348 1939 3401 in
1970 3344 2135 3414 ﬁgura

538 3460 793 3531 baptismi
840 3456 942 3512 hoc
986 3453 1185 3509 factum
1220 3451 1312 3515 sit,
1364 3448 1451 3503 ubi
1502 3445 1819 3500 redimimur
1867 3440 1933 3494 de
1977 3452 2141 3491 manu

539 3529 743 3609 diaboli
768 3565 963 3621 magno
984 3547 1179 3619 pretio,
1204 3543 1345 3615 quod
1370 3551 1453 3597 est
1481 3539 1697 3609 sanguis
1727 3533 1960 3590 Christi?
1986 3529 2144 3587 Unde

541 3645 931 3702 convenienter
955 3643 1059 3695 hoc
1084 3639 1254 3709 magis
1281 3636 1417 3691 mari
1454 3633 1639 3688 Rubro
1666 3630 1951 3699 ﬁguratum
1985 3633 2088 3681 est.

617 3741 811 3815 (Vers.
858 3738 946 3805 Η,
991 3734 1105 3803 ω.)
1148 3732 1214 3786 Et
1261 3731 1463 3800 operuit
1510 3743 1644 3797 aqua
1700 3723 2003 3777 tribulantes
2035 3735 2143 3783 eos,

546 3854 680 3892 unus
726 3852 787 3889 ea;
839 3834 909 3887 eis
941 3848 1041 3885 non
1086 3827 1355 3883 remansit.
1390 3823 1459 3877 Et
1509 3821 1835 3876 crediderunt
1882 3817 1935 3868 in
1986 3812 2148 3867 verbis

550 3935 682 4001 ejus,
713 3924 759 3980 et
790 3924 1127 3979 laudauerunt
1172 3920 1377 3974 laudem
1422 3920 1553 3988 ejus.
1589 3913 1734 3967 Talis
1785 3904 1991 3963 locutio
2040 3911 2147 3969 est,

554 4038 677 4077 cum
723 4020 939 4082 dicitur,
993 4017 1142 4070 Hanc
1187 4018 1501 4068 servitutem
1551 4008 1792 4072 servivit,
1838 4013 1950 4071 aut,
1986 4002 2149 4055 talem

555 4116 723 4166 vitam
751 4107 910 4163 visit.
940 4107 1177 4162 Laudem
1208 4120 1337 4159 vero
1380 4102 1478 4157 Dei
1508 4102 1651 4155 illam
1685 4097 1823 4154 dixit
1859 4110 1980 4166 quae
2024 4107 2153 4147 can-

559 4209 667 4261 tico
692 4203 859 4259 Exodi
886 4201 1193 4256 continetur
1220 4198 1423 4267 (Exod.
1450 4213 1541 4260 xv,
1573 4194 1648 4263 l).

630 4297 823 4365 (Vers.
862 4292 972 4363 15.)
1002 4290 1114 4344 Cito
1146 4291 1408 4361 fecerunt,
1442 4288 1584 4339 obliti
1615 4293 1733 4338 sunt
1776 4296 1989 4353 cperunt
2019 4281 2154 4351 ejus;

561 4411 661 4449 non
692 4392 1045 4445 sustinuerunt
1076 4385 1351 4439 consilium
1383 4385 1515 4453 ejus.
1550 4380 1968 4433 Festinaverunt
2016 4372 2159 4429 beati

564 4487 682 4540 ﬁeri
737 4479 1127 4551 temporalibus
1179 4477 1377 4539 rebus,
1437 4484 1491 4527 et
1546 4471 1717 4540 magis
1771 4468 2161 4536 concupierunt

564 4573 858 4646 prmsentia
885 4587 1043 4643 quam
1074 4569 1245 4623 futura
1273 4586 1284 4619 :
1313 4582 1431 4620 cum
1455 4563 1739 4620 debuerint
1759 4562 1826 4616 de
1851 4559 2012 4613 tantis
2032 4571 2154 4625 erga

1733 348 1793 402 S.
1835 332 2177 398 PROSPERI
2215 324 2539 397 AQUlTANl

1908 454 2093 525 injuste
2120 452 2172 513 Α
2199 440 2492 501 secundum
2530 432 2674 506 quod
2711 426 2991 486 rationalis
3034 431 3118 480 est
3144 420 3310 487 dixit,
3355 415 3452 473 sed
3493 411 3778 470 secundum

2199 538 2255 594 id
2284 535 2427 607 quod
2459 542 2485 571 ι
2516 530 2810 585 animatum
2841 534 3041 591 corpus
3085 517 3262 573 anima
3307 511 3432 566 facit
3468 526 3485 565 :
3526 507 3591 562 ad
3637 506 3785 575 cujus

3683 301 3777 357 504

2201 627 2453 684 animalis
2481 619 2933 677 sustentationem
2958 610 3187 683 pertinet
3211 607 3364 662 cibus
3393 610 3449 658 et
3478 608 3659 673 potus.

2274 722 2463 794 (Vers.
2498 717 2587 785 i6,
2622 712 2746 783 17.)
2777 710 2843 765 Et
2871 709 3203 762 irritaverant
3248 698 3463 768 Moysen
3504 696 3557 747 in
3586 692 3787 757 castris,

2204 824 2251 871 et
2276 815 2445 868 Aaron
2474 818 2710 866 sanctum
2738 802 2968 859 Domini.
3002 798 3069 854 Et
3111 805 3290 866 aperta
3317 800 3389 847 est
3420 800 3589 855 terra,
3634 797 3679 839 et
3704 786 3794 839 de-

2204 909 2406 982 glutivit
2447 906 2655 961 Datltan
2675 946 2692 972 ,
2718 909 2766 955 et
2792 898 2819 939 ι)
2846 892 3204 967 superoperuit
3250 903 3403 957 super
3444 880 3794 955 congregatio-

2206 971 2319 1055 nem
2346 999 2556 1052 Abiron.
2575 971 2728 1060 QuOd
2752 1000 2833 1047 est
2856 985 3144 1060 deglutivit,
3163 982 3266 1037 hoc
3286 988 3390 1044 est,
3408 971 3796 1046 superoperuit:

2207 1092 2493 1148 amborum
2510 1096 2687 1143 autem
2708 1098 2813 1140 una
2843 1091 3159 1141 eratcausa,
3189 1074 3259 1128 ob
3288 1070 3508 1142 impium
3539 1066 3795 1122 schisma.

2279 1186 2442 1259 [‘00
2460 1184 2639 1255 (Vers.
2660 1180 2777 1249 18.)
2796 1176 2864 1231 Et
2882 1174 3075 1231 exarsit
3099 1170 3231 1242 ignis
3248 1171 3299 1222 in
3319 1178 3582 1237 synagoga
3600 1173 3798 1218 eorum,

2207 1290 2254 1335 et
2284 1255 2492 1350 [lamina
2520 1272 2794 1329 combussit
2828 1276 3143 1342 peccatores.
3174 1261 3325 1317 Licet
3348 1255 3479 1328 justi
3506 1266 3724 1325 quoque
3749 1259 3803 1304 et

2208 1370 2552 1429 laudabiliter
2605 1367 2852 1420 viventes
2886 1403 2901 1429 ,
2974 1373 3080 1414 non
3149 1354 3257 1409 sint
3309 1350 3512 1420 absque
3578 1350 3803 1415 peccato

2207 1464 2487 1533 Scriptura
2531 1470 2708 1513 tamen
2740 1461 3090 1526 peccatores,
3141 1461 3247 1501 non
3279 1443 3476 1499 levium
3522 1438 3803 1507 culparum

2212 1558 2481 1622 homines,
2523 1551 2616 1607 sed
2651 1550 2941 1604 multorum
2968 1543 3271 1598 facinorum
3299 1544 3354 1591 et
3382 1529 3667 1605 profundae
3705 1524 3805 1581 ini-

2212 1640 2458 1722 quitatis,
2492 1645 2596 1699 hoc
2622 1642 2844 1697 nomine
2875 1636 3152 1706 appellare
3181 1624 3479 1685 consuevit.

2285 1709 2477 1813 (Vers.
2513 1737 2603 1802 l9,
2632 1732 2748 1805 20.)
2792 1730 2859 1785 Et
2902 1730 3130 1800 fecerunt
3172 1720 3385 1776 uitulum
3412 1716 3468 1769 in
3508 1709 3729 1771 Cltoreb,
3761 1716 3805 1761 et

2139 1856 2188 1915 Β
2215 1837 2556 1890 adoraverunt
2582 1801 2839 1897 sculptile.
2869 1822 2937 1875 Et
2967 1820 3287 1873 mutaverunt
3330 1808 3548 1885 gloriam
3572 1820 3719 1860 suam
3757 1801 3808 1853 in

2213 1928 2605 1988 similitudinem
2632 1894 2781 1977 vituli
2807 1912 3117 1972 comedentis
3148 1909 3342 1980 fenum.
3377 1902 3519 1956 Deus
3539 1905 3659 1954 erat
3688 1894 3807 1964 glo-

2218 2023 2300 2079 ria
2328 2034 2539 2084 eorum,
2566 2017 2612 2077 si
2643 2014 2759 2085 ejus
2779 2006 3071 2065 consilium
3095 1999 3456 2059 sustinerent;
3481 1989 3571 2047 cui
3591 1987 3808 2051 dicitur,

2217 2113 2398 2170 Gloria
2445 2080 2575 2178 mea,
2625 2080 2934 2163 etvexaltans
2982 2106 3141 2169 caput
3186 2109 3357 2148 meum
3399 2086 3574 2162 (Psal.
3605 2100 3685 2152 ιιι,
3731 2080 3806 2151 4).

2220 2208 2383 2263 Istam
2414 2204 2642 2276 gloriam
2685 2212 2862 2262 suam,
2891 2194 2944 2249 id
2988 2201 3089 2258 est,
3126 2186 3360 2251 Domini,
3391 2183 3814 2238 immutaverunt

2222 2304 2277 2356 in
2310 2297 2717 2355 similitudinem
2760 2289 2914 2347 vituli
2952 2282 3287 2344 comedentis
3322 2281 3502 2335 fenum
3530 2296 3544 2331 :
3575 2285 3632 2331 ut
3655 2274 3725 2328 ab
3752 2287 3815 2328 eo

2222 2393 2634 2452 comederentur
2664 2404 2693 2443 a
2724 2401 2829 2457 quo
2857 2380 3218 2439 comeduntur
3241 2376 3330 2447 qui
3363 2373 3583 2443 sapiunt
3620 2383 3814 2423 secuti»

2223 2491 2351 2546 dum
2385 2466 2624 2543 caruem.
2650 2481 2829 2535 Omnis
2860 2477 3004 2531 enim
3035 2489 3155 2527 caro
3184 2472 3355 2542 fenum
3379 2464 3563 2536 (Isaiae
3584 2477 3671 2525 XL,
3703 2459 3781 2531 6).

2301 2584 2486 2655 (Vers.
2518 2580 2609 2646 2|,
2640 2576 2758 2646 22.)
2790 2571 2953 2629 Obliti
2978 2578 3099 2623 sunt
3123 2565 3311 2629 Deum,
3339 2562 3427 2633 qui
3453 2557 3682 2612 liberavit
3713 2570 3817 2616 eos,

2225 2648 2319 2752 qui
2340 2680 2456 2749 fecit
2477 2672 2741 2743 magnalia
2765 2671 2817 2723 in
2840 2667 3097 2737 zEgypto,
3123 2658 3379 2714 mirabilia
3399 2656 3451 2709 in
3478 2663 3618 2708 terra
3637 2648 3817 2711 Citam,

2230 2739 2716 2827 lerribt'liut'n'mari
2759 2760 2957 2818 Rubro.
2988 2757 3118 2824 Quae
3162 2760 3288 2807 sunt
3315 2744 3602 2808 mirabilia,
3633 2739 3821 2796 eadem

2230 2862 2516 2918 terribilia.
2550 2857 2708 2913 Nulla
2738 2852 2937 2925 quippe
2967 2856 3052 2904 est
3095 2842 3384 2898 admiratio
3428 2836 3546 2894 sine
3586 2830 3819 2905 quadam

2232 2955 2543 3011 formidine.

2307 3046 2498 3119 (Vcrs.
2540 3040 2632 3105 25,
2661 3036 2795 3105 ‘25.)
2836 3032 2906 3087 Et
2944 3030 3079 3085 dixit
3126 3025 3421 3100 disperdere
3464 3036 3585 3084 eos,
3639 3018 3681 3072 si
3729 3031 3829 3069 non

2238 3115 2446 3211 Moyses
2469 3137 2659 3191 electus
2676 3135 2789 3206 ejus
2811 3129 3028 3183 stetisset
3051 3125 3104 3177 in
3122 3117 3473 3192 confractione
3492 3115 3547 3168 in
3562 3116 3833 3179 conspectu

2671 3226 2829 3291 dixit,
2858 3224 2910 3276 in
2951 3217 3326 3290 confractione,
3360 3210 3511 3281 quasi
3546 3216 3604 3261 ut
3646 3217 3667 3244 ο
3700 3219 3835 3259 con-

2245 3298 2518 3398 fiangeret
2548 3325 2679 3378 iram
2721 3318 2817 3374 Dei
2852 3334 2862 3370 :
2895 3315 2991 3371 sed
3025 3314 3076 3369 in
3106 3312 3258 3381 plaga
3282 3321 3389 3379 qua
3417 3312 3576 3361 erant
3604 3298 3680 3355 illi
3708 3312 3839 3352 con-

2245 3391 2478 3487 terendi,
2513 3420 2565 3473 in
2597 3433 2703 3489 qua
2726 3414 2942 3485 Moyses
2969 3408 3169 3477 objecit
3208 3404 3445 3472 seipsum
3496 3411 3594 3468 pro
3621 3394 3724 3450 eis.
3775 3391 3840 3446 Et

2246 3481 2674 3575 demonstratum
2713 3517 2797 3562 est
2818 3481 3093 3575 quantum
3142 3512 3241 3570 pro
3271 3494 3431 3551 malis
3470 3489 3657 3545 valeat
3699 3481 3843 3555 apud

2249 3608 2535 3666 Dominum
2576 3612 2887 3658 sanctorum
2934 3592 3275 3651 intercessio.
3326 3583 3394 3643 Ut
3436 3590 3681 3638 averteret
3709 3580 3842 3633 iram

2248 3705 2379 3773 ejus,
2400 3716 2476 3759 ,ne
2512 3696 2818 3766 disperderet
2851 3706 2935 3744 eos
2960 3705 2977 3742 :
3002 3695 3051 3740 et
3097 3700 3188 3753 pro
3220 3679 3385 3735 nihilo
3418 3676 3707 3730 habuerunt
3739 3681 3845 3724 ter-

2249 3813 2358 3850 ram
2389 3790 2800 3850 desiderabilem,
2849 3800 2939 3838 nec
2986 3779 3315 3834 crediderunt
3336 3772 3496 3827 verbis
3522 3768 3655 3840 ejus.
3687 3763 3849 3820 Nullo

2252 3888 2413 3944 modo
2445 3885 2532 3939 isti
2581 3882 2952 3951 culparentur,
3000 3873 3123 3943 quia
3173 3885 3270 3940 pro
3320 3864 3488 3920 nihilo
3540 3860 3852 3915 habuerunt

2254 3992 2477 4046 terram,
2505 3977 2662 4046 cujus
2685 3969 2982 4039 temporale
3005 3980 3228 4036 regnum
3253 3961 3412 4015 etiam
3436 3970 3537 4011 nos
3558 3967 3659 4024 pro
3682 3951 3853 4005 nihilo

2254 4043 2775 4130 haberevdeliemus:
2812 4064 2915 4118 nisi
2948 4070 3093 4116 terra
3119 4056 3205 4112 illa
3233 4068 3353 4125 quae
3376 4047 3654 4105 dicebatur
3675 4043 3855 4098 ﬂuens

2255 4170 2339 4224 lac
2372 4178 2425 4221 ct
2456 4166 2559 4221 mel
2584 4161 2779 4233 (Exod.
2805 4175 2882 4221 ιιι,
2911 4158 2993 4221 8).
3020 4153 3195 4223 magni
3220 4144 3541 4204 sacramenti
3571 4140 3859 4195 habuisset

2257 4231 2727 4333 signiﬁcationem.
2761 4250 2912 4319 Quod
2958 4264 3065 4303 non
3098 4242 3481 4311 intelligentes,
3513 4248 3616 4289 nec
3643 4231 3860 4287 deside-

2257 4368 2463 4420 rantes,
2495 4351 2587 4407 sed
2618 4351 2670 4403 in
2704 4345 2936 4402 terrenis
2966 4350 3173 4395 tantum
3202 4334 3515 4391 felicitatem
3539 4344 3696 4385 suam
3725 4342 3862 4381 con-

2263 4453 2575 4515 stituentes,
2603 4459 2710 4497 non
2746 4438 3095 4495 crediderunt
3115 4429 3299 4487 verbis
3321 4427 3451 4491 Dei;
3484 4435 3537 4478 et
3564 4436 3663 4491 pro
3692 4418 3865 4473 nihilo

2269 4545 2573 4598 habuerunt
2618 4548 2814 4593 terram
2864 4524 3304 4585 desiderabilem,
3354 4517 3405 4573 id
3452 4523 3555 4581 est,
3602 4521 3865 4567 aeternam

566 4684 627 4725 se
656 4665 936 4722 beneﬁciis
967 4663 1286 4732 intelligere,
1336 4658 1478 4729 quod
1527 4657 1591 4711 ad
1645 4655 1873 4725 aliquam
1908 4653 2024 4706 sine
2056 4650 2161 4703 ﬁne
2187 4626 2239 4685 υ
2266 4646 2424 4707 atque
2456 4635 2755 4689 C(Bleslelll.

569 4761 960 4819 beatitudinem
1001 4764 1345 4811 vocarentur.

649 4855 839 4927 (Vers.
867 4850 982 4923 H.)
1006 4848 1382 4918 Concupierunt
1409 4841 1847 4913 concupiscentias
1872 4840 1922 4890 in
1945 4838 2164 4902 deserto,

570 4958 617 5003 et
641 4952 957 5001 tentaverunt
984 4942 1263 4995 Dominum
1295 4939 1346 4991 in
1370 4938 1641 5007 inaquoso.
1663 4932 1813 4987 Talis
1839 4928 2036 4983 locutio
2060 4936 2166 4993 est,

572 5036 977 5105 Concupiernnt
1020 5029 1515 5100 concupiscentiam
1535 5069 1550 5095 ,
1584 5025 1755 5095 qualis
1785 5030 1870 5077 est
1898 5019 2166 5089 superior,

572 5133 961 5188 Laudaverunt
987 5125 1223 5180 laudem.

646 5225 838 5297 (Vers.
873 5217 997 5290 l5.)
1032 5217 1097 5270 Et
1136 5215 1277 5269 dedit
1310 5213 1379 5265 eis
1423 5211 1689 5281 petitiones
1719 5224 1917 5271 eorum,
1950 5214 2000 5259 et
2038 5203 2174 5255 misit

578 5318 901 5371 saturitatem
926 5313 979 5365 iu
1008 5311 1237 5364 animam
1257 5320 1451 5361 eorum.
1483 5303 1729 5356 Animam
1762 5298 1863 5352 hoc
1890 5296 2040 5360 loco,
2068 5308 2176 5348 non

658 5522 682 5547 ἰ
716 5512 967 5565 Fortasse
992 5508 1284 5577 scripserat
1315 5503 1374 5577 S.
1407 5500 1659 5577 Prosper,
1692 5505 1749 5548 ut
1782 5496 1835 5550 in
1870 5490 2170 5577 Augustino

586 5584 801 5665 legitur,
825 5561 1182 5636 secundum‘id
1208 5576 1345 5665 quod
1376 5561 1607 5665 anilmans
1634 5584 1821 5636 corpus
1851 5561 2045 5615 animal
2088 5562 2172 5630 fa-

894 5663 901 5665 -
950 5653 978 5665 λ
1076 5650 1089 5665 ·
1158 5664 1167 5665 κ
1223 5651 1316 5665 ’γη
1353 5645 1362 5665 ε
1397 5659 1453 5665 ---
1499 5641 1720 5665 ξων-Ληι-
1748 5639 1887 5665 ,ιεηηρ
1939 5635 2002 5665 ml
2028 5640 2172 5665 ρυίυι

586 5635 694 5708 cito:
718 5669 839 5707 cum
862 5653 1037 5706 sta-tim
1060 5650 1125 5704 de
1150 5635 1365 5702 animali
1394 5641 1723 5711 subjungens
1745 5639 1912 5697 dicat,
1936 5635 2002 5686 ad
2027 5640 2177 5702 cujus

587 5725 827 5781 animalis
850 5703 1286 5776 sustentationem.
1322 5715 1438 5770 Non
1471 5703 1795 5767 mutavimus
1820 5703 2179 5781 tamen,_quia

587 5816 696 5854 non
730 5796 982 5851 favebant
1015 5793 1144 5846 editi
1181 5789 1386 5855 nostri,
1428 5800 1527 5841 nec
1566 5795 1759 5839 sensus
1785 5778 1962 5835 omnis
1988 5775 2180 5830 aberat

589 5884 621 5924 a
654 5869 883 5924 lectione
910 5865 1090 5920 solita.

2342 4694 2533 4801 (Vers.
2562 4722 2790 4790 ’ΞΒ-29.)
2826 4718 2893 4772 Et
2937 4715 3385 4770 murmurarerunt
3427 4704 3483 4757 in
3524 4694 3874 4753 tabernaculis

2269 4824 2394 4885 suis,
2430 4836 2530 4874 non
2560 4815 2900 4870 exaudierunt
2932 4821 3101 4861 vocem
3133 4799 3361 4856 Domini.
3415 4794 3477 4847 Et
3508 4789 3720 4846 elevavit
3752 4801 3871 4839 ma-

2272 4932 2395 4971 num
2425 4927 2571 4967 suam
2603 4922 2756 4975 super
2784 4919 2887 4969 eos,
2922 4909 2976 4952 ut
3008 4900 3347 4966 prosterneret
3388 4903 3473 4940 eos
3520 4885 3573 4937 in
3624 4881 3831 4934 deserto
3857 4892 3876 4931 :

2278 5007 2346 5061 Et
2374 5006 2613 5076 dejiceret
2644 5012 2813 5053 semen
2850 5008 3029 5048 eorum
3050 4990 3103 5041 in
3131 4983 3446 5045 nationibus,
3479 4986 3525 5030 et
3556 4975 3879 5045 dispergeret

2277 5120 2360 5158 eos
2391 5071 2442 5153 si
2467 5096 2717 5171 gentibus.
2748 5090 2815 5146 Et
2846 5083 3130 5141 consecrati
3156 5088 3271 5133 sunt
3301 5071 3591 5140 Belpltegor
3616 5110 3630 5134 ,
3664 5076 3711 5119 et
3734 5079 3887 5116 man-

2283 5199 2595 5251 ducauernnt
2624 5185 2880 5255 sacriﬁcia
2911 5188 3248 5234 mortuorum.
3289 5168 3355 5222 Et
3385 5166 3725 5220 irritaverunt
3766 5169 3886 5210 eum

2286 5291 2338 5343 in
2366 5280 2807 5341 adinventionibus
2837 5276 2965 5340 suis,
2988 5281 3035 5326 et
3057 5264 3403 5336 multiplicata
3428 5257 3576 5313 estin
3606 5253 3681 5307 eis
3703 5250 3885 5304 ruina.

2351 5485 2378 5523 ὶτ
2409 5484 2547 5539 Editi
2581 5477 2814 5549 simplici
2838 5475 3026 5549 verbo,
3056 5468 3275 5549 operuit.
3310 5460 3575 5549 substitni
3611 5452 3895 5524 composi-

2282 5536 2823 5626 tutnrsuperope'ruit,
2849 5547 2994 5616 cogit
3011 5536 3667 5626 Expositionsu'bsequens.

2360 5641 2379 5664 ο
2404 5598 2722 5691 ’ὃὶενιιηᾳῗιη
2747 5598 2974 5676 Ιλόνξιιῖἶ,
3011 5598 3174 5691 Duae.
3200 5598 3507 5691 etipolonn'
3527 5614 3624 5669 pro
3650 5598 3902 5691 confin-

2290 5710 2420 5767 geret
2451 5716 2467 5752 :
2496 5669 2650 5763 cujnts
2682 5669 2806 5745 Ιῖιρο
2832 5669 3164 5767 posteriores
3197 5680 3440 5767 editores
3456 5683 3708 5757 posuere
3754 5669 3903 5739 fran-

2294 5746 2462 5844 gilii
2484 5746 2622 5838 quid
2656 5746 2848 5833 legitur:
2875 5760 3038 5814 etiam
3071 5752 3212 5825 apud
3242 5746 3627 5820 Augustinum.
