4028 6352
261 351 362 411 505

1055 352 1480 411 PSALMORUM
1519 349 1564 406 A
1601 351 1642 407 C
1681 351 1774 406 AD
1811 347 1896 405 CL
1934 349 2316 408 EXPOSITIO.
2359 350 2554 409 PSAL.
2598 350 2708 407 CV.

3427 352 3533 410 306

259 472 533 537 Suspensa
560 467 737 524 fuerat
777 467 856 524 ira
892 468 1134 538 iustitiae,
1163 479 1217 525 et
1255 471 1312 525 in
1342 477 1657 538 peccatores
1685 467 1850 522 dilata
1877 470 1928 529 Α
1954 467 2062 519 nati
2090 476 2205 520 sunt
2235 484 2411 520 corum
2437 468 2526 538 qui
2548 468 2762 522 oderunt
2805 482 2910 522 eos.
2940 466 3010 522 Et
3055 467 3420 522 tribulaverunt
3447 487 3532 523 eos

260 561 521 615 vindicta.
545 559 651 616 Sed
694 570 878 629 postea
907 575 1063 629 quam
1093 570 1550 616 consecraverunt
1573 576 1634 616 se
1662 560 1845 628 idolis,

259 652 811 709 ctmanducaverunt
868 652 1128 708 sacriﬁcia
1176 653 1335 725 ἀοι
1387 663 1752 719 mortuorum,
1793 651 1847 707 id

260 757 356 811 est,
377 762 500 817 quae
525 746 754 800 mortuis
772 746 1079 801 hominibus
1098 748 1480 813 immolabant;
1505 745 1847 802 fornicationi

261 854 471 908 quoque
497 839 925 908 alienigenarum
969 840 1256 896 mulierum
1285 841 1638 910 miscuerunt,
1667 840 1850 895 multi-

264 935 453 1002 plicata
495 944 577 988 est
601 933 655 987 in
683 935 765 988 eis
800 933 973 1002 ruina,
1006 943 1063 988 ut
1087 935 1156 989 ob
1186 945 1529 1006 augmentum
1557 935 1847 990 criminum

260 1025 477 1096 gravius
525 1035 892 1080 vastarentur.
939 1025 997 1080 In
1053 1042 1156 1096 qua
1217 1029 1514 1083 vastatione
1567 1027 1850 1082 Dominum

265 1119 494 1174 Phinees
518 1119 772 1174 sacerdos
803 1118 1072 1188 placavit:
1105 1119 1228 1188 quia
1272 1121 1570 1175 masculum
1613 1130 1664 1173 et
1697 1119 1851 1174 femi-

261 1226 403 1278 nam,
433 1211 486 1265 in
509 1210 798 1280 complexu
826 1210 1130 1266 adulterino
1145 1211 1531 1280 deprehensos,
1552 1214 1750 1281 pariter
1769 1212 1850 1266 in-

264 1303 508 1368 teremit;
541 1313 596 1359 et
613 1303 925 1372 deputatum
939 1314 1022 1359 est
1050 1303 1150 1358 hoc
1169 1305 1218 1359 ei
1242 1305 1308 1359 ad
1329 1306 1616 1373 justitiam,
1631 1307 1754 1376 quia
1770 1305 1851 1360 vi-

261 1397 331 1451 dit
353 1396 619 1450 Dominus
636 1395 777 1462 quod
804 1397 903 1448 hoc
930 1395 1095 1449 totius
1124 1396 1303 1465 populi
1333 1396 1847 1452 charitatefecisset.

327 1487 534 1554 (Vers.
569 1486 755 1544 ’ὅθ-53.
780 1487 796 1554 )
825 1485 890 1540 Et
935 1489 1070 1541 stetit
1112 1486 1330 1542 Phincos
1354 1528 1370 1555 ,
1419 1500 1467 1543 et
1501 1489 1757 1560 placavit;
1807 1497 1855 1543 et

262 1579 472 1634 cessavit
504 1580 793 1649 quassatio.
830 1578 892 1631 Et
921 1586 1211 1649 reputatum
1247 1588 1320 1633 est
1361 1580 1407 1633 ei
1430 1581 1497 1633 ad
1516 1581 1777 1652 justitiam
1796 1579 1851 1634 in

261 1673 584 1743 generatione
631 1683 679 1725 et
723 1673 1127 1741 generationem,
1160 1689 1318 1740 usque
1365 1674 1418 1726 in
1465 1674 1846 1743 sempiternum.

266 1765 326 1819 Et
357 1766 690 1818 irritaverant
711 1779 826 1816 eum
847 1764 913 1816 ad
938 1781 1124 1833 aquam
1153 1765 1595 1834 contradictionis,
1628 1773 1673 1819 et
1694 1781 1864 1819 vexa-

1951 561 2146 615 inimici
2193 578 2410 615 eorum:
2458 563 2716 616 ltumiliati
2743 572 2861 616 sunt
2905 562 2999 616 sub
3045 563 3278 616 manibus
3322 578 3522 616 eorum.

1951 655 2173 723 Quando
2203 671 2298 712 eos
2329 657 2696 712 btereditatem
2727 655 2825 711 Dei
2856 666 3034 722 vocat,
3059 671 3164 710 non
3189 655 3254 710 ad
3282 654 3533 725 perditio.

1953 769 2097 818 nem,
2122 752 2216 807 sed
2238 752 2304 806 ad
2331 752 2670 818 disciplinam
2697 751 2812 806 haec
2836 750 3167 806 abominatio
3197 749 3319 804 fuit.

2020 847 2038 913 (
2074 845 2232 900 Vers.
2266 844 2454 899 43-45.
2486 842 2503 913 )
2543 844 2692 914 Stepe
2751 844 2980 898 liberavit
3031 859 3160 898 eos:
3201 843 3304 914 ipsi
3361 853 3533 896 autem

1951 937 2378 990 exacerbaverunt
2409 937 2592 988 eumin
2624 935 2840 988 consilio
2869 951 2984 990 suo.
3021 935 3386 989 Perniciosum
3405 949 3534 988 con-

1951 1027 2128 1082 silium
2157 1036 2239 1081 est
2267 1026 2499 1080 hominis
2529 1026 2630 1095 ipsi
2680 1025 2906 1090 homini,
2955 1043 3062 1095 quo
3104 1041 3166 1080 ea
3191 1025 3384 1095 quaerit
3414 1041 3534 1096 qua:

1951 1136 2045 1176 sua
2072 1129 2218 1190 sunt,
2256 1136 2360 1176 non
2391 1136 2510 1191 quas
2540 1119 2672 1185 Dei;
2705 1132 2757 1174 et
2787 1120 2908 1174 ideo
2931 1121 3222 1176 exacerbat
3247 1120 3535 1176 consilium

1951 1215 2071 1282 Dei,
2098 1216 2187 1284 qui
2215 1215 2451 1283 scipsum
2479 1212 2590 1268 suis
2629 1212 2890 1281 promittit
2919 1212 3309 1278 haereditatcm,
3339 1221 3398 1266 ut
3426 1227 3534 1265 non

1956 1307 2346 1375 temporalibus
2377 1306 2519 1362 beati
2553 1305 2670 1359 ﬁeri
2700 1305 2938 1375 cupiant,
2961 1305 3055 1358 sed
3085 1304 3320 1359 aeternis.
3347 1302 3412 1357 Et
3437 1302 3534 1355 ltu-

1951 1400 2136 1456 miliati
2164 1411 2283 1455 sunt
2309 1401 2364 1454 in
2403 1400 2760 1470 iniquitatibus
2799 1399 2924 1452 suis.
2954 1395 3024 1449 Et
3052 1397 3177 1450 vidit
3207 1412 3323 1449 cum
3373 1396 3533 1448 tribu—

1951 1495 2204 1557 larentur,
2245 1509 2363 1546 cum
2416 1492 2619 1545 audiret
2659 1491 2943 1544 orationem
2989 1503 3182 1540 eorum.
3230 1487 3295 1539 Et
3343 1503 3532 1540 mentor

1950 1587 2050 1657 fuit
2078 1586 2365 1640 testamenti
2394 1585 2477 1638 sui
2511 1601 2529 1649 ,'
2558 1593 2602 1637 et
2625 1583 2860 1653 paenituit
2891 1598 3004 1634 eum
3041 1579 3318 1633 secundum
3361 1579 3534 1631 multi-

1952 1679 2182 1732 tudinem
2210 1675 2576 1731 misericordia:
2603 1691 2728 1729 suas.
2755 1671 3035 1737 Paenituit,
3063 1671 3262 1725 dictum
3285 1679 3388 1736 est,
3411 1670 3535 1738 quia

1955 1773 2276 1827 sententiam
2306 1785 2410 1840 qua
2441 1785 2532 1822 eos
2572 1767 2857 1838 puniturus
2887 1764 3166 1820 videbatur
3221 1763 3273 1817 in
3325 1761 3536 1816 miseri-

264 1867 340 1914 ιω
368 1869 441 1911 εει
477 1856 686 1927 Moyses
711 1868 918 1924 propter
972 1872 1058 1910 eos
1084 1873 1102 1910 :
1131 1858 1254 1928 quia
1291 1857 1717 1911 exacerbavcrunt
1737 1857 1848 1926 spi-
1880 1845 1930 1906 Β
1955 1864 2190 1917 cordiam
2224 1861 2379 1916 vertit
2405 1876 2420 1914 :
2452 1859 2592 1930 quod
2618 1859 2760 1913 Deus
2789 1859 2907 1912 sine
2931 1854 3354 1910 commutatione
3405 1867 3537 1906 con-

263 1951 410 2003 ritum
440 1952 576 2020 ejus.
605 1945 675 2002 Et
716 1949 949 2001 distinxit
971 1948 1024 2000 in
1051 1949 1199 2002 labiis
1221 1950 1348 2003 suis.
1379 1949 1611 2004 Sanctus
1638 1949 1848 2021 Moyses

264 2041 606 2112 perturbatus
659 2055 938 2094 murmure
983 2040 1204 2109 populi,
1240 2056 1346 2094 non
1391 2045 1562 2096 tenuit
1593 2041 1846 2095 ﬁduciam

262 2134 471 2203 qualem
525 2132 734 2197 debuit,
762 2141 817 2186 et
848 2131 1163 2188 dubitanter
1211 2144 1417 2203 petram
1448 2135 1594 2204 virga
1627 2150 1850 2200 percus-

264 2226 350 2290 sit,
383 2223 718 2293 distinguens
763 2222 864 2278 l.oc
893 2223 1208 2278 miraculum
1237 2240 1268 2280 a
1297 2227 1532 2292 caeteris,
1560 2226 1716 2296 quasi
1740 2242 1847 2282 non

264 2327 462 2385 posset,
515 2316 604 2386 qui
658 2324 854 2370 cretera
910 2314 1133 2380 fecerat,
1189 2317 1351 2372 etiam
1414 2319 1554 2372 istud
1605 2318 1844 2375 efﬁcere.

266 2411 396 2466 llinc
431 2426 561 2480 ergo
591 2411 787 2466 meruit
826 2413 969 2480 prior
1017 2413 1173 2478 mori,
1206 2427 1364 2483 quam
1409 2423 1607 2469 terram
1658 2431 1846 2486 repro-

268 2505 534 2559 missionis
559 2503 804 2558 intraret.
838 2504 934 2559 Cui
964 2513 1144 2560 tamen
1190 2506 1328 2562 Deus
1359 2517 1627 2578 tamquam
1675 2510 1850 2564 electo

272 2612 387 2664 suo,
419 2597 577 2652 etiam
626 2607 746 2665 post
789 2605 1036 2663 mortem,
1064 2598 1262 2653 bonum
1305 2600 1552 2668 perhibet
1603 2601 1848 2655 testimo-

280 2687 424 2741 nium
456 2705 468 2738 :
501 2696 558 2741 ut
587 2688 947 2759 intelligamus
1002 2704 1124 2744 eum
1177 2690 1338 2760 hujus
1383 2701 1590 2746 tantum
1624 2692 1852 2747 haeredi-

287 2781 407 2835 tatis
438 2780 725 2848 privatione
752 2783 1094 2847 mulctatum,
1121 2799 1226 2838 non
1260 2793 1436 2839 autem
1463 2785 1605 2839 illius
1633 2797 1852 2842 aeternas

281 2887 432 2941 quam
462 2872 790 2942 signiﬁcabat
818 2875 1130 2943 temporalis
1159 2884 1215 2930 et
1243 2884 1452 2931 terrena
1481 2879 1776 2948 possessio.

347 2964 545 3034 (νοτε.
587 2966 809 3036 34-36.)
844 2966 967 3021 Non
1010 2968 1427 3038 disperdiderunt
1477 2980 1672 3041 gentes,
1723 2989 1854 3038 quas

271 3058 398 3112 dixit
429 3059 674 3114 Dominus
702 3060 826 3115 illis.
857 3059 1130 3116 Commixti
1176 3071 1298 3116 sunt
1342 3081 1457 3117 cum
1501 3066 1754 3135 gentibus,
1803 3076 1854 3120 et

270 3151 555 3206 didicerunt
580 3169 734 3221 Opera
763 3170 937 3207 eorum
961 3170 980 3207 :
1009 3163 1056 3208 et
1081 3156 1362 3210 servierunt
1400 3157 1724 3226 sculptilibus
1769 3175 1854 3213 eo-

271 3260 401 3308 rum,
434 3255 483 3300 et
525 3249 719 3316 factum
770 3256 843 3300 est
883 3248 986 3302 illis
1036 3249 1089 3302 in
1132 3250 1464 3305 scandalum.
1517 3251 1675 3317 Illud,
1707 3252 1851 3322 quod
1879 3229 1929 3296 θ

268 3344 454 3403 gentes
511 3350 616 3390 non
672 3338 1133 3408 disperdiderunt,
1185 3352 1239 3395 et
1288 3341 1430 3412 quod
1477 3344 1558 3398 eis
1605 3346 1854 3413 permixti

270 3435 411 3493 sunt,
449 3427 650 3482 factum
675 3440 757 3483 est
781 3429 886 3484 illis
910 3430 962 3484 in
993 3431 1326 3486 scandalum.

337 3519 356 3590 (
392 3517 553 3573 Vers.
585 3519 769 3575 57-59.
795 3519 814 3591 )
843 3518 908 3574 Et
931 3523 1320 3578 immolaverunt
1344 3526 1480 3594 ﬁlios
1507 3543 1624 3580 suos
1651 3537 1699 3582 et
1719 3527 1856 3597 ﬁlias

250 3617 385 3664 ‘suas
410 3611 705 3666 dcemoniis.
741 3611 809 3666 Et
837 3613 1129 3681 effuderunt
1179 3619 1484 3690 sanguinem
1511 3621 1852 3692 innocentem,

268 3703 573 3772 sanguinem
604 3705 833 3773 ﬁliorum
874 3723 1085 3761 suorum
1128 3717 1176 3762 et
1203 3709 1437 3778 ﬁliarum
1457 3729 1692 3779 suarum,
1727 3731 1856 3784 quas

271 3795 1035 3867 sacriﬁcaveruntsculptilibus
1064 3798 1336 3857 Chanaan.
1371 3804 1610 3858 Historia
1640 3807 1855 3874 quidem

275 3888 463 3942 talium
503 3889 1006 3946 sacriﬁciorumnon
1036 3895 1314 3960 meminit;
1341 3897 1436 3950 sed
1463 3913 1624 3952 nemo
1650 3897 1860 3952 dubitet

272 3981 539 4048 psalmum
595 3996 718 4034 vera
769 3998 1010 4039 narrare.
1053 3985 1120 4040 Et
1169 3987 1437 4058 interfecta
1490 3998 1562 4043 est
1617 4000 1754 4042 terra
1805 3992 1858 4044 in

269 4072 612 4144 sanguinibus
644 4115 659 4138 ,
703 4083 752 4126 et
805 4077 1149 4130 contaminata
1188 4087 1262 4132 est
1286 4079 1339 4132 in
1383 4079 1620 4150 operibus
1657 4097 1853 4136 eorum.

269 4161 510 4234 Tropica
539 4165 741 4219 locutio
761 4173 865 4232 est,
885 4183 988 4235 qua
1017 4169 1350 4238 significatur
1379 4186 1474 4239 per
1496 4171 1547 4226 id
1572 4172 1713 4242 quod
1736 4189 1860 4227 con-

271 4255 402 4310 tinet
458 4257 513 4311 id
565 4259 708 4327 quod
780 4262 1123 4327 continetur;
1185 4265 1325 4319 sicut
1371 4265 1602 4319 dicimus
1661 4267 1855 4320 malam

269 4350 494 4403 domum
514 4351 566 4405 in
594 4365 696 4421 qua
721 4354 842 4406 mali
870 4353 1135 4422 habitant,
1165 4364 1218 4410 et
1248 4357 1441 4410 bonam
1476 4357 1528 4411 in
1567 4375 1668 4428 qua
1705 4358 1856 4412 boni.

271 4452 292 4478 ³
329 4441 622 4500 Interfecta
655 4461 783 4516 ergo
813 4455 955 4502 terra
987 4448 1038 4502 in
1080 4451 1455 4518 sanguinibus,
1489 4467 1609 4505 cum
1638 4451 1740 4521 ipsi
1769 4452 1859 4521 qui

269 4550 385 4590 eam
438 4537 705 4606 habitant,
758 4539 1020 4596 interfecti
1051 4552 1174 4596 sunt
1224 4543 1277 4596 in
1309 4545 1541 4598 animam
1590 4555 1645 4599 et
1674 4556 1860 4598 conta-

1951 1957 2056 2010 silii
2078 1955 2161 2010 sui
2187 1955 2334 2009 facit.
2363 1953 2518 2020 Quia,
2547 1951 2650 2006 etsi
2679 1948 2819 2019 apud
2850 1963 2952 2003 nos
2981 1948 3222 2016 quaedam
3261 1946 3428 2015 ipsius
3451 1945 3538 2013 ju-

1951 2050 2087 2105 dicia
2119 2059 2172 2104 et
2200 2064 2364 2118 opera
2391 2049 2685 2110 variantur,
2724 2043 2864 2114 apud
2885 2043 3056 2114 ipsum
3084 2053 3260 2096 tamen
3293 2038 3536 2095 omnium

1952 2159 2129 2198 rerum
2169 2145 2344 2197 exitus
2389 2141 2792 2210 praescientem,
2839 2135 2973 2190 nihil
3005 2150 3142 2189 nova
3182 2133 3537 2204 dispositione

1951 2235 2143 2304 agitur,
2167 2233 2258 2303 qui
2289 2232 2414 2288 fecit
2441 2247 2559 2303 quae
2600 2228 2774 2284 futura
2804 2237 2948 2282 sunt.
2977 2226 3110 2282 Cum
3142 2240 3270 2294 ergo
3303 2224 3537 2294 paenituit

1949 2345 2066 2382 eum
2111 2329 2391 2382 secundum
2435 2326 2817 2379 multitudinem
2848 2319 3210 2376 misericordia:
3257 2333 3384 2384 suat,
3435 2317 3539 2372 hoc

1952 2421 2079 2477 fecit
2107 2423 2245 2491 quod
2277 2421 2637 2488 disposuerat,
2671 2429 2726 2472 ut
2774 2415 3098 2472 concederet
3123 2413 3263 2484 quod
3293 2426 3354 2468 se
3401 2426 3536 2468 con-

1950 2527 2227 2568 cessurum
2268 2528 2385 2566 esse
2412 2510 2737 2580 praescierat.

2023 2606 2210 2678 (Vers.
2236 2606 2364 2674 46).
2402 2603 2469 2658 Et
2500 2605 2641 2658 dedit
2679 2620 2765 2658 eos
2793 2604 2846 2656 in
2878 2602 3277 2668 misericordias,
3319 2601 3374 2653 in
3407 2615 3535 2652 con-

1952 2710 2129 2765 spectu
2166 2698 2394 2752 omnium
2420 2698 2508 2764 qui
2533 2704 2771 2763 ceperant
2798 2711 2900 2748 eos.
2942 2694 3085 2747 Bene
3118 2691 3222 2746 hoc
3247 2691 3313 2745 ad
3343 2703 3539 2744 omnes

1954 2793 2092 2846 ﬁlios
2104 2791 2480 2862 promissionis
2494 2791 2805 2855 referretur,
2827 2787 2915 2857 qui
2931 2785 3268 2841 redimuntur
3298 2798 3392 2852 per
3415 2796 3539 2836 san-

1954 2884 2188 2955 guinem,
2243 2893 2298 2938 et
2345 2893 2606 2938 eruuntur
2640 2881 2704 2936 de
2739 2889 3005 2950 potestate
3055 2877 3396 2932 tenebrarum
3431 2895 3444 2930 :
3480 2886 3540 2929 ut

1955 2978 2275 3047 resipiscam
2323 2977 2388 3031 de
2429 2975 2627 3030 diaboli
2685 2973 2910 3044 laqueis,
2942 2988 2971 3026 a
2999 2985 3104 3039 quo
3147 2969 3404 3037 captivati
3459 2979 3540 3023 tc-

1957 3079 2175 3137 nentnr,
2210 3068 2274 3122 ad
2301 3069 2470 3137 ipsius
2504 3063 2870 3133 voluntatem(
2899 3062 2944 3116 ll
2972 3061 3110 3115 Tim.
3146 3076 3204 3121 ll.
3229 3060 3297 3114 2t}
3330 3059 3369 3130 ).
3456 3091 3464 3102 ι

2029 3161 2211 3233 (Vers.
2229 3162 2319 3223 47,
2337 3161 2456 3231 48.)
2489 3158 2674 3214 Salvos
2697 3157 2779 3226 [ac
2802 3172 2915 3220 nos,
2942 3154 3160 3208 Domine
3181 3151 3318 3206 Deus
3346 3159 3538 3217 noster;

1957 3266 2002 3310 et
2028 3272 2276 3326 congrega
2313 3271 2402 3308 nos
2427 3254 2488 3308 de
2518 3252 2805 3306 nationibus
2831 3267 2850 3304 :
2882 3258 2935 3302 ut
2966 3247 3302 3315 conﬁteantur
3343 3243 3542 3298 nomini

1956 3360 2135 3404 sancto
2161 3361 2266 3414 tuo,
2313 3358 2357 3402 et
2387 3345 2668 3419 gloriemur
2686 3347 2740 3399 in
2765 3343 2918 3398 laude
2944 3352 3051 3396 tua.
3087 3340 3394 3394 Benedictus
3429 3337 3540 3390 Do-

1958 3443 2123 3494 minus
2173 3439 2308 3496 Deus
2355 3439 2525 3494 lsrael
2568 3457 2601 3492 a
2642 3438 2828 3516 sceculo
2875 3445 2922 3490 et
2968 3451 3124 3503 usque
3157 3434 3213 3486 in
3251 3431 3539 3496 saxulum;

1959 3537 2012 3591 id
2042 3547 2146 3600 est,
2177 3537 2246 3590 ab
2273 3547 2477 3591 :eterno
2519 3549 2686 3603 usque
2730 3535 2782 3586 in
2826 3540 3109 3585 teternum.
3136 3529 3269 3594 Quia
3293 3526 3410 3580 sine
3438 3527 3544 3580 line

1959 3631 2262 3686 laudabitur
2291 3629 2359 3682 ab
2401 3632 2479 3682 eis
2510 3629 2576 3681 de
2611 3627 2808 3695 quibus
2832 3623 3044 3684 dicitur,
3069 3619 3231 3691 5.03
3277 3617 3425 3671 Beati
3454 3620 3543 3688 qui

1959 3722 2186 3775 habitant
2239 3723 2293 3774 in
2314 3721 2463 3773 domo
2493 3728 2603 3784 tua,
2636 3716 2892 3770 Domine:
2915 3718 2968 3770 in
2998 3717 3186 3770 stecula
3232 3714 3540 3769 swculorum

1957 3816 2240 3869 laudabunt
2283 3823 2329 3867 te
2379 3811 2568 3884 (Psal.
2601 3826 2830 3874 Lxxxm,
2861 3809 2894 3864 5
2924 3808 2964 3879 ).
3001 3807 3147 3862 Tunc
3205 3807 3349 3861 enim
3384 3805 3543 3875 perﬁ-

1959 3906 2133 3961 cietur
2157 3905 2298 3972 quod
2332 3904 2382 3957 in
2421 3901 2722 3972 primordio
2764 3900 2951 3969 psalmi
2999 3899 3159 3968 hujus
3187 3906 3398 3951 oratum
3431 3905 3542 3957 est,

1962 3996 2216 4054 Memento
2261 3996 2445 4060 nostri,
2490 3993 2728 4057 Domine,
2776 3994 2827 4046 in
2859 3993 3171 4063 beneplacito
3222 3990 3397 4061 pepuli
3424 3989 3543 4042 tui:

1961 4089 2109 4143 visita
2139 4105 2228 4141 nos
2258 4088 2312 4140 in
2339 4087 2553 4140 salutari
2588 4095 2709 4137 tuo:
2738 4083 2818 4136 Ad
2839 4085 3105 4137 vivendum
3129 4083 3184 4134 in
3209 4082 3431 4135 bonitate
3443 4081 3545 4133 ele-

1961 4189 2159 4236 ctorum
2189 4190 2415 4242 tuorum,
2441 4179 2509 4231 ad
2538 4176 2820 4232 lcetandum
2854 4177 2904 4229 in
2933 4175 3113 4230 ltetitia
3153 4175 3318 4246 gentis
3341 4185 3461 4236 tute,
3489 4181 3544 4226 ut

1959 4272 2188 4326 lauderis
2242 4287 2356 4323 cum
2396 4269 2693 4324 haereditate
2725 4279 2832 4322 tua.
2860 4267 2974 4322 Non
3021 4267 3166 4322 enim
3201 4265 3269 4321 de
3291 4265 3544 4335 gentibus

1961 4365 2103 4420 solas
2156 4375 2448 4433 congregat
2491 4378 2621 4417 oves
2663 4378 2781 4432 qua:
2833 4361 3112 4430 perierunt
3137 4359 3329 4413 domus
3375 4357 3544 4413 Israel

1962 4457 1981 4528 (
2008 4457 2198 4510 Matth.
2232 4474 2286 4521 χ,
2317 4458 2349 4510 6
2372 4459 2428 4526 );
2458 4456 2552 4509 sed
2585 4456 2746 4508 etiam
2789 4454 2906 4508 illas
2927 4469 3045 4520 quin
3073 4467 3178 4505 non
3194 4460 3320 4506 sunt
3349 4450 3417 4505 de
3439 4449 3545 4504 hoc

1965 4549 2089 4604 ovili
2121 4546 2302 4616 (Joan.
2336 4564 2391 4610 χ,
2429 4547 2554 4615 16);
2588 4557 2646 4599 ut
2674 4547 2743 4600 sit
2767 4560 2904 4598 unus
2923 4559 3076 4614 grex,
3109 4553 3167 4598 ut
3208 4542 3408 4599 dictum
3440 4552 3544 4604 est,

267 4628 458 4683 minati
517 4629 572 4683 in
614 4631 869 4697 cperibus
899 4633 1029 4686 suis.
1071 4632 1232 4706 402
1277 4633 1346 4688 Et
1371 4636 1613 4705 fornicati
1650 4647 1766 4691 sunt
1802 4639 1857 4691 in
1883 4619 1936 4679 Ῑ)
1961 4651 2016 4696 et
2045 4656 2181 4695 unus
2213 4651 2394 4709 pastor
2429 4637 2730 4708 (Ibidem).
2775 4635 2945 4691 Judzei
2970 4651 3098 4692 vero
3123 4644 3439 4706 computant
3476 4635 3545 4688 ad

266 4720 721 4777 adinventionibus
763 4725 889 4778 suis.
919 4724 1035 4780 Non
1067 4728 1144 4781 sic
1175 4727 1335 4782 dictas
1360 4739 1485 4782 sunt
1514 4729 1854 4785 adinventio-

267 4829 365 4869 nes
393 4815 663 4884 ipsorum,
713 4817 866 4887 quasi
910 4818 979 4872 ab
1008 4817 1141 4888 ipsis
1164 4830 1417 4888 repertae,
1452 4821 1599 4875 nullo
1650 4836 1856 4890 praece-

266 4907 456 4976 dente,
492 4909 638 4978 quod
668 4921 1045 4981 sequerentur,
1079 4913 1365 4983 exemplo;
1399 4915 1496 4970 sed
1526 4915 1578 4969 in
1611 4930 1677 4970 eo
1701 4916 1856 4970 diota:

266 5011 396 5057 sunt
422 5006 688 5073 ipsorum,
718 5005 843 5074 quia
869 5006 990 5061 illas
1011 5021 1139 5062 suas
1158 5007 1420 5062 imitando
1446 5008 1710 5064 fecerunt.

332 5093 355 5165 (
377 5094 534 5149 Vers.
572 5095 825 5167 40-42).
878 5097 942 5151 Et
988 5099 1153 5152 iratus
1195 5108 1273 5155 est
1317 5101 1490 5170 furore
1517 5100 1772 5156 Dominus
1803 5105 1857 5156 in

266 5188 522 5257 populum
551 5203 722 5241 suum.
755 5189 1096 5244 Perturbatio
1123 5191 1216 5246 iraa
1244 5193 1296 5244 in
1322 5193 1490 5247 Deum
1533 5208 1637 5248 non
1671 5194 1814 5249 cadit
1841 5213 1856 5261 ;

263 5280 358 5333 sed
394 5280 448 5333 in
472 5280 869 5337 consuetudine
913 5282 1188 5353 loquendi,
1224 5287 1460 5354 potentia
1501 5287 1858 5342 vindictzein-

262 5371 610 5427 declinabilis
638 5374 741 5428 hoc
757 5385 1003 5432 vocatur.
1039 5373 1108 5428 Et
1137 5376 1464 5431 abominatus
1491 5388 1562 5432 est
1579 5377 1858 5433 haeredita-

263 5471 365 5518 tem
385 5481 570 5531 suam;
596 5473 647 5519 et
676 5467 890 5520 tradidit
913 5483 1000 5522 eos
1023 5469 1076 5522 in
1105 5485 1290 5523 manus
1336 5471 1588 5540 gentium,
1614 5481 1660 5525 et
1690 5473 1858 5526 domi-

334 5633 362 5660 ι
407 5623 558 5697 Hanc
583 5624 868 5697 lectionem
900 5634 1085 5682 tuetur
1123 5639 1344 5682 sanctus
1387 5629 1720 5697 Augustinus
1747 5629 1847 5685 hoc

265 5694 416 5760 loco,
448 5696 532 5751 his
561 5696 756 5770 verbis
767 5697 1044 5770 disserens
1074 5716 1086 5752 :
1121 5697 1429 5754 Putaremus
1472 5694 1736 5770 scriptoris
1778 5718 1859 5756 er-

262 5781 460 5840 rorem,
478 5782 695 5840 eumque
723 5767 1008 5840 diceremus
1055 5786 1148 5839 pro
1196 5787 1254 5824 eo
1281 5772 1416 5839 quod
1440 5782 1510 5823 est
1547 5767 1754 5838 infecta,
1787 5774 1860 5840 fe-

264 5837 401 5890 cisse
442 5838 728 5906 interfecta,
776 5840 876 5895 nisi
907 5837 1204 5898 haberemus
1251 5837 1550 5910 beneﬁcium
1587 5837 1716 5909 Dei,
1744 5837 1859 5909 qui

1960 4750 2116 4789 suum
2166 4748 2388 4802 regnum
2438 4732 2648 4786 visibile
2681 4733 2834 4784 istam
2863 4729 3136 4800 pertinere
3175 4728 3539 4798 prophetiam:

1961 4825 2085 4896 quia
2117 4841 2214 4893 spe
2245 4823 2597 4877 invisibilium
2621 4822 2884 4876 bonorum
2915 4819 3150 4890 gaudere
3177 4834 3285 4872 non
3317 4826 3537 4882 norunt,

1957 4922 2014 4976 in
2054 4920 2274 4986 laqueos
2313 4916 2456 4969 illius
2503 4915 2694 4970 ruituri
2728 4923 2854 4969 sunt
2891 4914 2958 4968 de
3002 4927 3109 4983 quo
3144 4911 3401 4966 Dominus
3445 4910 3540 4973 ait,

1965 5010 2075 5081 Ego
2129 5009 2239 5063 veni
2289 5015 2342 5061 tn
2392 5009 2598 5060 nomine
2636 5007 2829 5071 Patris,
2862 5014 2910 5059 et
2939 5022 3038 5057 non
3082 5002 3376 5070 suscepistis
3429 5016 3542 5063 me;

1959 5104 2093 5157 alius
2107 5103 2266 5156 veniet
2289 5103 2342 5154 in
2358 5101 2558 5153 nomine
2571 5117 2684 5163 suo,
2703 5098 2837 5151 hunc
2857 5097 3137 5163 suscipietis
3157 5092 3334 5164 (Joan.
3359 5105 3417 5155 ν,
3433 5088 3543 5157 43).

2033 5198 2051 5263 (
2077 5192 2238 5263 Ibid.)
2268 5191 2337 5245 Et
2363 5193 2494 5248 dicet
2525 5192 2690 5246 omnis
2719 5190 2970 5261 populus,
3004 5186 3055 5240 id
3083 5194 3195 5252 est,
3223 5183 3400 5238 omnis
3430 5183 3546 5238 ele-

1961 5287 2069 5342 ctio
2111 5285 2641 5356 praedestinatorum,
2675 5296 2867 5336 omnes
2910 5279 3005 5333 ﬁlii
3032 5276 3423 5346 promissionis,
3452 5275 3544 5346 qui

1963 5388 2089 5435 sunt
2120 5394 2184 5432 ex
2220 5377 2658 5439 circumcisione,
2696 5385 2750 5428 et
2781 5377 2834 5428 in
2870 5370 3133 5442 praeputio
3172 5384 3305 5440 gens
3333 5377 3540 5437 sancta,

1962 5472 2190 5542 populus
2219 5469 2546 5538 adeptionis.
2575 5465 2717 5531 Fiat,
2739 5467 2848 5535 ﬁat.

1961 5630 2260 5696 Scripturas
2284 5644 2404 5681 suas
2433 5628 2486 5679 in
2513 5626 2688 5678 ntultis
2712 5623 2900 5694 linguis
2928 5640 3034 5679 esse
3079 5625 3254 5690 voluit,
3289 5634 3440 5696 atque
3475 5625 3546 5696 ita

1967 5694 2349 5762 essevscriptum
2373 5713 2390 5751 :
2415 5696 2694 5760 Interfecto
2733 5707 2805 5748 est
2851 5705 2987 5749 terra
3017 5697 3070 5749 in
3088 5694 3546 5766 sanguinibus,in-

1966 5773 2154 5834 spcctis
2180 5767 2374 5822 Gmcis
2413 5767 2670 5820 codicibus
2717 5766 3020 5820 videremus.
3068 5765 3256 5822 Graece
3298 5765 3542 5830 habetur,

1965 5840 2320 5914 ἕφονοκτονήθη
2330 5879 2342 5892 .
