4028 6352
456 346 557 411 807

1000 457 1317 518 PSALMUS
1346 455 1482 513 CVI.

532 559 736 633 (Vers.
782 556 874 629 l.)
921 557 1248 623 Canﬁtemini
1290 552 1547 619 Domino,
1585 553 1829 623 quoniam
1868 550 2039 604 suavis

457 666 551 719 est,
580 653 821 725 quoniam
849 651 903 703 in
945 651 1191 703 saeculum
1228 646 1582 700 misericordia
1618 646 1748 714 ejus.
1780 643 2039 697 Contiteri

459 755 638 815 potest
691 741 1009 797 suavitatem
1042 739 1273 805 Domini,
1325 739 1416 807 qui
1447 737 1702 806 gustavit.
1742 734 1874 789 Nam
1907 747 2041 803 quo-

459 838 617 893 modo
650 835 791 889 dicet
822 849 985 888 suave
1008 848 1126 887 esse
1151 831 1293 901 quod
1320 828 1535 885 nescit?
1559 829 1797 883 Accedat
1821 841 1953 897 ergo
1972 825 2040 880 ad

457 930 804 1001 gustandum,
847 937 906 981 ut
947 925 1120 996 possit
1153 933 1369 979 ructare
1414 922 1480 976 ad
1533 922 1928 976 conﬁtendum.
1975 917 2045 974 In

458 1027 701 1080 saculum
728 1031 930 1085 autem,
964 1020 1016 1074 id
1047 1029 1151 1082 est.
1184 1019 1239 1073 in
1271 1026 1537 1073 externum
1567 1026 1650 1071 est
1682 1013 2045 1068 misericordia

459 1121 620 1188 ejus;
679 1116 803 1186 quia
845 1113 1036 1169 aeterni
1082 1121 1239 1167 erunt
1283 1126 1511 1182 quorum
1560 1110 1613 1163 in
1660 1109 1759 1161 hoc
1802 1116 2045 1176 tempore

459 1211 768 1265 miseretur.

532 1301 733 1373 (Vers.
774 1301 829 1367 2,
864 1301 917 1354 5.
944 1297 963 1366 )
994 1298 1183 1351 Dicant
1200 1297 1291 1366 qui
1312 1294 1559 1367 redempti
1578 1302 1697 1347 sunt
1721 1311 1751 1346 a
1783 1292 2041 1360 Domino,

462 1409 589 1467 quos
619 1393 835 1447 redemit
861 1394 925 1443 de
948 1406 1106 1442 manu
1128 1389 1477 1452 inimicorum,
1512 1387 1575 1439 de
1602 1386 1897 1457 regionibus
1924 1400 2046 1437 con-

460 1488 687 1561 gregavit
710 1502 814 1539 eos.
846 1485 921 1537 Ab
951 1484 1143 1538 oriente
1162 1492 1209 1535 et
1238 1498 1422 1536 occasu
1440 1523 1454 1549 ,
1478 1482 1540 1533 ab
1562 1482 1801 1550 aquilone
1823 1489 1867 1532 et
1890 1479 2040 1531 mari.

461 1581 791 1647 Redemptus
830 1576 1050 1646 quidem
1078 1576 1290 1629 videtur
1334 1575 1496 1628 Israel
1529 1573 1598 1627 de
1629 1581 1772 1626 terra
1799 1572 2042 1641 Egypti,

460 1674 528 1728 de
578 1674 742 1726 domo
783 1670 1100 1723 servitutis:
1136 1668 1230 1723 sed
1266 1669 1352 1723 hic
1395 1668 1447 1720 hi
1475 1678 1733 1719 vocantur
1778 1663 2046 1733 redempti

461 1766 551 1835 qui
576 1768 627 1818 in
663 1772 775 1817 tuto
805 1763 936 1817 orbe
959 1772 1222 1815 terrarum
1254 1761 1323 1813 de
1350 1774 1539 1827 magna
1566 1770 1620 1813 et
1650 1758 1753 1810 lata
1785 1757 2043 1827 Egypto.

1701 343 1761 400 S.
1802 340 2141 398 PROSPERI
2180 341 2510 411 AQUITANI

2065 456 2116 515 Α
2147 466 2292 511 recte
2337 458 2603 527 agendum
2662 460 2899 532 accipiat
2944 462 3289 533 facultatem;
3331 483 3491 539 quam
3548 471 3733 541 utique

3630 355 3739 417 308

2147 559 2329 616 posset
2360 551 2640 617 Dominus,
2665 557 2891 610 remotis
2936 558 3250 626 obstaculis,
3300 571 3492 628 sponte
3525 578 3732 631 pra-ve-

2145 645 2302 709 nire;
2354 647 2457 701 nisi
2482 648 2616 702 utile
2658 662 2807 705 esset
2862 651 3065 705 homini
3098 654 3333 721 experiri
3359 656 3730 714 infirmitatem

2144 750 2321 802 suam,
2367 748 2423 794 et
2463 739 2531 793 de
2568 742 2721 795 bonis
2759 745 3038 811 operibus,
3067 761 3172 799 non
3206 748 3257 799 in
3299 763 3380 810 se,
3416 749 3510 801 sed
3546 751 3596 803 in
3626 751 3733 803 Doc

2146 831 2291 884 mino
2319 830 2578 899 gloriari:
2611 842 2668 887 ut
2698 838 2907 890 noverit
2948 838 3195 891 contlteri
3226 838 3455 893 Domitio
3500 844 3730 896 misera—

2147 923 2319 977 tiones
2364 924 2502 994 ejtts,
2543 937 2559 959 ν
2591 926 2772 995 cujus,
2805 943 3029 984 munera
3067 931 3284 1000 accipit,
3319 940 3375 985 ut
3410 934 3734 1002 cupiditates

2146 1030 2272 1072 suas
2301 1020 2474 1086 possit
2495 1020 2771 1077 evincere.

2218 1131 2239 1200 (
2273 1132 2424 1187 Vers.
2462 1131 2644 1189 15-17.
2675 1134 2694 1204 )
2736 1134 2799 1188 Et
2828 1135 3172 1190 clamauerunt
3196 1138 3264 1190 ad
3293 1137 3567 1192 Dominum
3616 1157 3735 1195 cum

2148 1225 2541 1290 tribulorentur,
2584 1236 2628 1279 et
2655 1227 2717 1281 de
2759 1230 3137 1283 necessitatibus
3166 1246 3342 1283 eorum
3382 1234 3594 1285 saluauit
3624 1250 3733 1286 eos.

2149 1315 2218 1370 Et
2238 1319 2415 1372 eduxit
2444 1336 2528 1373 eos
2555 1319 2619 1373 de
2648 1322 2862 1374 tenebris
2892 1330 2940 1375 et
2967 1323 3143 1376 umbra
3193 1326 3369 1377 mortis
3388 1341 3406 1378 :
3436 1336 3482 1378 et
3530 1326 3737 1381 uincula

2150 1428 2324 1466 eorum
2369 1413 2612 1485 disrupit.
2673 1411 3030 1481 Conﬁteantur
3088 1416 3304 1469 Domino
3356 1418 3737 1473 misericordias

2150 1508 2284 1577 ejus,
2316 1513 2362 1558 et
2384 1506 2641 1559 mirabilia
2682 1510 2793 1579 ejus
2823 1508 2945 1576 ﬁliis
2976 1509 3257 1561 hominum.
3312 1509 3445 1574 Quia
3499 1511 3739 1565 contriuit

2153 1606 2327 1665 portas
2358 1613 2537 1663 mrces,
2573 1607 2619 1651 et
2653 1607 2811 1651 vectes
2837 1603 3031 1668 ferreos
3072 1600 3340 1668 confregit.
3386 1600 3624 1668 Suscepit
3651 1617 3739 1655 eos

2152 1688 2215 1744 de
2241 1691 2322 1743 via
2353 1691 2632 1761 iniquitatis
2660 1706 2833 1743 eorum
2857 1706 2877 1756 ,'
2907 1701 3113 1760 prapter
3140 1692 3419 1762 injustitias
3447 1695 3579 1744 enim
3613 1708 3739 1746 suas

2138 1783 2410 1835 ’lmmiliati
2442 1792 2581 1836 sunt.
2604 1784 2739 1849 Quia
2778 1786 3095 1852 priusquam
3128 1798 3155 1835 a
3190 1783 3569 1838 dominatione
3613 1799 3742 1853 pec-

441 1857 878 1926 ~qoasipermnre
903 1852 1160 1919 Rubrum,
1192 1850 1808 1946 bﬁplismu"{_5“?r?‘“l“
1841 1847 2044 1946 Chiis“
2074 1847 2124 1909 Β
2151 1876 2255 1931 cati
2285 1891 2375 1946 per
2389 1875 3171 1943 gratiamliherarentur,suam
3195 1876 3738 1945 Volebztntjustitiam

461 1950 747 2018 sanguine,
770 1948 1087 2000 liberantur.
1118 1946 1303 1999 Dicant
1328 1960 1458 2014 ergo
1480 1944 1807 2008 Christiani,
1839 1944 1928 2012 qui
1954 1957 2047 1997 vo-

460 2042 565 2096 cati
591 2050 716 2094 sunt
743 2040 810 2094 de
842 2041 1095 2094 universo
1127 2038 1349 2101 mundo,
1375 2038 1621 2107 quoniam
1653 2036 1820 2090 suavis
1867 2034 2047 2088 Domi-

459 2150 574 2198 nus,
605 2144 653 2186 et
681 2134 732 2187 in
756 2133 997 2185 sarculum
1018 2132 1371 2184 misericordia
1398 2132 1528 2194 eius.

530 2229 551 2295 (
584 2225 738 2280 Vers.
770 2224 924 2293 4-8.)
952 2221 1270 2276 Erraverunt
1294 2224 1348 2274 in
1381 2222 1684 2286 solitudine,
1726 2229 1774 2274 et
1810 2220 1865 2274 in
1896 2220 2049 2274 sicci-

462 2326 566 2372 tate
585 2334 603 2381 ;
636 2317 767 2370 viam
798 2316 1018 2369 civitatis
1058 2314 1387 2368 habitationis
1434 2330 1533 2366 non
1563 2315 1883 2366 inuenerunt.
1912 2312 2047 2365 Esu-

457 2413 643 2466 rientes
690 2426 739 2464 et
792 2411 1041 2475 sitientes,
1089 2410 1265 2461 anima
1304 2409 1547 2461 eorumia
1574 2407 1697 2478 ipsis
1740 2406 1940 2475 defecit.
1982 2403 2051 2458 Et

454 2507 796 2561 clamauerunt
818 2504 883 2556 ad
911 2502 1189 2555 Dominum
1205 2517 1318 2553 cum
1333 2500 1713 2563 tribularentur,
1738 2509 1781 2551 et
1796 2500 1857 2551 de
1876 2513 2050 2551 neces-

456 2596 692 2651 sitatibus
704 2611 881 2648 eorum
900 2595 1130 2648 liberauit
1155 2608 1258 2646 eos.
1293 2590 1459 2663 ωδ
1482 2591 1547 2644 Et
1574 2592 1723 2645 duxit
1752 2606 1836 2645 eos
1849 2592 1899 2644 in
1913 2592 2046 2643 viam

455 2700 666 2754 rectam,
696 2696 752 2741 ut
780 2689 911 2740 irent
943 2689 993 2739 in
1023 2688 1280 2741 ciuitatem
1299 2684 1652 2739 habitationis.
1686 2684 2047 2753 Confiteantur

458 2782 678 2837 Domino
722 2782 1124 2834 misericordiam
1149 2784 1284 2846 ejus,
1307 2788 1353 2832 et
1379 2779 1634 2832 mirabilia
1662 2782 1771 2848 ejus
1804 2779 1927 2846 [iliis
1952 2776 2045 2831 lto-

456 2876 672 2927 minum.
715 2875 916 2939 Quater
939 2874 988 2926 iu
1013 2873 1117 2926 hoc
1145 2872 1353 2942 psalmo
1384 2883 1704 2940 repetuntur
1734 2872 1783 2923 hi
1824 2884 2039 2936 versus,

458 2977 512 3020 et
565 2965 976 3017 miserationum
1030 2963 1243 3016 Domini
1294 2965 1455 3015 toties
1499 2962 1638 3015 facta
1666 2961 1944 3016 coofessio
1972 2960 2051 3013 si-

459 3059 703 3128 gnificat,
756 3071 1221 3133 unumquemque
1261 3055 1689 3124 redemptorum,
1741 3062 1802 3107 ut
1851 3067 2046 3122 perve-

460 3150 572 3204 niat
598 3149 661 3201 ad
694 3148 983 3217 perfectam
1018 3160 1225 3215 pacem,
1248 3156 1479 3214 quatuor
1503 3146 1858 3199 tentationum
1899 3144 2046 3213 peri-

460 3243 596 3298 culis
629 3242 868 3297 liberari.
903 3242 1034 3295 Nam
1065 3240 1301 3309 primum
1320 3240 1616 3309 periculum
1649 3250 1754 3303 est,
1778 3240 1990 3294 devium
2013 3255 2044 3294 a
2070 3224 2117 3295 (ἶ

459 3338 686 3391 veritate
715 3336 1011 3399 hominem,
1065 3334 1119 3387 in
1169 3334 1486 3402 ignorantiae
1542 3333 1836 3386 solitudine
1884 3342 2047 3403 atque

459 3444 647 3486 errore
675 3429 903 3487 versari.
936 3438 993 3481 et
1011 3435 1287 3481 carentem
1310 3425 1433 3479 cibo
1462 3434 1699 3494 potaque
1743 3424 2043 3494 sapientiai,

459 3522 602 3578 fame
631 3522 827 3591 sitique
854 3520 1111 3575 deiicere.
1144 3520 1249 3573 Sed
1278 3534 1400 3573 cum
1433 3520 1535 3571 hoc
1576 3519 1761 3574 labore
1794 3518 2046 3587 fatigatus

458 3613 846 3671 exclamaverit
866 3612 933 3668 ad
958 3612 1262 3679 Dominum,
1303 3610 1588 3666 deducitur
1616 3610 1681 3664 ad
1728 3611 1867 3664 viam
1897 3610 2043 3679 tidei,

457 3725 553 3781 per
582 3724 740 3779 quam
790 3706 1006 3776 incipiat
1035 3720 1259 3775 pergere
1296 3704 1364 3759 ad
1408 3704 1682 3759 civitatem
1743 3704 1963 3774 quietis,
1994 3713 2045 3758 et

457 3806 766 3872 confiteatur
795 3801 1019 3856 Domino
1047 3800 1397 3855 miserationes
1427 3800 1558 3871 ejus,
1588 3809 1633 3853 et
1655 3799 1912 3852 mirabilia
1933 3802 2045 3870 ejus

459 3898 582 3967 ﬁliis
602 3898 883 3949 hominum.

535 3988 554 4055 (
584 3987 735 4040 Vers.
766 3984 917 4039 9-12.
948 3984 967 4055 )
1003 3984 1261 4051 Quoniam
1284 3984 1487 4037 satiavit
1539 3984 1764 4037 animam
1802 3986 2042 4051 inanem,

462 4085 507 4131 et
528 4078 755 4130 animam
780 4076 1085 4129 esurientem
1107 4075 1337 4143 impleuit
1356 4074 1500 4127 bouis
1523 4090 1542 4128 :
1567 4074 1815 4129 Sedentes
1838 4078 1889 4129 in
1903 4085 2045 4129 tene-

462 4166 565 4221 bris
590 4176 640 4219 et
666 4167 720 4219 in
745 4165 928 4219 umbra
976 4165 1175 4229 mortis,
1199 4164 1511 4234 compeditos
1539 4167 1593 4218 in
1621 4168 1971 4233 mendicitate,
1998 4177 2048 4223 et

459 4258 514 4311 in
547 4259 703 4327 ferro.
739 4256 1002 4323 Quoniam
1026 4256 1452 4310 exacerbauerunt
1473 4258 1678 4327 eloquia
1708 4257 1826 4323 Dei,
1857 4270 1904 4312 et
1932 4276 2048 4314 con-

461 4350 637 4405 silium
661 4352 913 4404 Altisimi
940 4353 1287 4406 irritaverant.
1320 4352 1385 4405 Et
1406 4352 1736 4407 humiliatum
1766 4366 1842 4410 est
1881 4358 1935 4410 in
1968 4358 2046 4409 lac

461 4443 665 4497 boribus
692 4461 781 4497 cor
808 4461 1023 4512 eorum;
1049 4444 1295 4515 inﬁrmati
1320 4455 1462 4511 sunt,
1494 4464 1586 4500 nec
1616 4448 1712 4518 fuit
1746 4450 1833 4519 qui
1885 4450 2044 4520 adju-

458 4543 598 4589 uaret
625 4551 730 4590 eos.
765 4536 917 4591 Sicut
962 4538 1134 4608 prima
1176 4539 1400 4592 tentatio
1433 4539 1531 4592 fuit
1558 4542 1761 4595 erroris
1790 4552 1842 4596 et
1887 4542 2044 4596 famis

2152 1969 2509 2031 constituere,
2530 1969 2845 2036 ignorantes
2872 1966 2969 2021 Dei
2997 1967 3263 2037 justitiam
3311 1969 3329 2040 (
3360 1968 3509 2023 Rom.
3541 1986 3596 2033 χ,
3626 1967 3737 2040 3):

2149 2058 2310 2131 405
2338 2060 2603 2114 humiliati
2634 2076 2763 2130 ergo
2794 2070 2917 2114 sunt
2960 2076 3053 2130 per
3074 2062 3447 2129 esperimenta
3485 2062 3745 2130 impossi-

2150 2151 2375 2206 bilitatis
2391 2167 2525 2219 sum,
2550 2162 2603 2206 et
2632 2152 2953 2207 invenerunt
2972 2167 3029 2206 se
3053 2153 3167 2207 sine
3189 2154 3280 2208 Dei
3303 2153 3571 2222 adiutorio
3608 2153 3741 2209 nihil

2149 2259 2331 2315 posse.
2358 2244 2466 2301 Sed
2490 2246 2645 2300 tertia
2685 2260 2780 2300 eos
2827 2246 3051 2300 tentatio
3105 2247 3351 2316 suscipit,
3402 2263 3522 2315 qua:
3575 2247 3743 2302 infert

2149 2336 2423 2391 fastidium
2437 2337 2587 2391 verbi
2607 2337 3061 2409 Dei.Plerumque
3086 2339 3250 2406 enim,
3278 2355 3413 2408 quos
3437 2340 3740 2409 ignorantia

2150 2438 2205 2485 et
2231 2431 2661 2500 concupiscentia
2683 2445 2791 2484 non
2822 2433 3095 2497 exstinxit,
3132 2431 3309 2486 inedia
3328 2441 3381 2486 et
3413 2433 3651 2499 medium,
3684 2440 3742 2487 et

2150 2522 2352 2579 fastidii
2406 2524 2631 2595 languor
2671 2525 2902 2579 occidit:
2938 2526 3038 2579 nisi
3088 2525 3225 2581 forte
3278 2540 3385 2579 non
3446 2534 3533 2580 est
3590 2528 3739 2597 peri-

2150 2616 2353 2681 culum,
2384 2616 2599 2687 quando
2628 2631 2730 2672 nec
2763 2618 2817 2671 in
2842 2617 3104 2683 lectione,
3134 2632 3233 2672 nec
3281 2618 3336 2671 in
3380 2617 3626 2673 oratione
3653 2625 3743 2673 est

2151 2710 2461 2767 delaetatio.

2222 2803 2402 2875 (Vcrs.
2438 2801 2551 2875 l8.)
2586 2801 2799 2856 Omnem
2842 2819 3009 2857 escam
3032 2803 3325 2857 abominata
3354 2811 3429 2857 est
3459 2802 3632 2857 anima
3653 2818 3744 2856 eoo

2149 2896 2938 2967 rum;etapprOpinqnat'erunt
2992 2912 3145 2964 usque
3170 2896 3237 2948 ad
3302 2904 3475 2968 portas
3533 2896 3739 2949 mortis.

2149 2984 2300 3041 Sicut
2347 2988 2561 3056 corpori
2610 2989 2838 3042 noxium
2881 2995 2964 3042 est
3012 2989 3347 3057 corporalem
3388 3002 3567 3043 escam
3628 3004 3739 3043 non

2151 3092 2311 3149 posse
2343 3079 2642 3149 percipere,
2688 3081 2759 3134 ita
2798 3082 2998 3135 animae
3050 3082 3413 3151 periculosum
3460 3081 3738 3151 spiritales

2151 3169 2375 3225 delicias
2399 3170 2641 3225 fastidire
2670 3170 2840 3241 (Sent.
2871 3171 2983 3243 10).

2229 3282 2407 3355 (Vers.
2445 3282 2530 3351 19,
2561 3281 2676 3354 20.)
2727 3282 2793 3337 Et
2823 3284 3171 3337 clamauerunt
3210 3284 3277 3337 ad
3307 3282 3586 3338 Dominum
3620 3301 3742 3338 cum

2152 3377 2561 3444 tribularentur;
2611 3388 2659 3431 et
2682 3378 2743 3431 de
2764 3378 3151 3432 necessitatibus
3175 3394 3346 3432 eorum
3374 3379 3601 3432 liberavit
3628 3395 3739 3434 eos.

2153 3472 2297 3526 Misit
2320 3473 2523 3525 uerbum
2574 3488 2755 3541 suum,
2780 3482 2825 3524 et
2852 3471 3051 3525 sanavit
3100 3487 3207 3537 eos,
3246 3481 3293 3525 et
3314 3472 3505 3539 eripuit
3548 3488 3630 3525 eos
3676 3472 3743 3525 de

2150 3566 2444 3634 corruptela
2492 3582 2685 3619 eorum.
2735 3564 2996 3632 Quaedam
3027 3564 3227 3620 mentis
3276 3565 3575 3635 corruptela
3623 3575 3738 3632 est,

2149 3673 2271 3713 cum
2302 3656 2539 3712 salubria
2571 3667 2626 3714 et
2653 3660 2841 3711 suavia
2860 3672 2965 3711 non
2994 3665 3277 3722 amantur;
3313 3671 3442 3727 ergo
3465 3656 3605 3712 etde
3637 3656 3741 3714 hoc

2150 3750 2369 3807 liberari
2402 3750 2566 3816 malo,
2599 3750 2891 3821 plurimum
2919 3749 3117 3805 bonum
3142 3756 3243 3803 est.

2224 3865 2403 3936 (Vers.
2430 3864 2521 3929 21,
2544 3863 2661 3933 ‘22.)
2697 3860 3054 3932 Con/iteantur
3086 3860 3307 3915 Domino
3342 3861 3695 3915 miserationes
3718 3900 3736 3924 ,

2149 3968 2199 4014 ct
2228 3958 2490 4012 mirabilia
2520 3955 2679 4030 ‘ejus
2726 3958 2852 4025 ﬁliis
2881 3955 3170 4009 hominum.
3222 3952 3291 4009 Et
3320 3954 3609 4024 sacriﬁcent
3651 3971 3741 4009 sa-

2150 4052 2403 4121 criﬁcium
2433 4051 2645 4116 laudis;
2684 4060 2734 4103 et
2756 4050 3063 4103 aununtieut
3101 4064 3259 4116 Opera
3288 4049 3402 4117 ejus
3428 4048 3482 4101 in
3509 4049 3735 4102 exsulta-

2148 4144 2309 4197 tione.
2368 4142 2483 4197 Non
2514 4156 2635 4195 cum
2659 4140 2849 4203 taedio,
2877 4155 2983 4195 non
3018 4155 3139 4194 cum
3176 4154 3443 4206 maerore,
3471 4155 3578 4193 non
3608 4155 3731 4194 cum

2151 4236 2453 4299 anxietate,
2484 4234 2578 4289 sed
2600 4236 2652 4287 in
2684 4234 3042 4289 exsultatione.
3069 4232 3267 4288 Verum
3301 4243 3732 4302 superestquar-

2154 4338 2205 4382 ta
2234 4331 2462 4383 tentatio
2484 4368 2499 4393 ,
2550 4339 2602 4382 et
2629 4343 2749 4397 quae
2779 4328 2843 4381 ad
2894 4326 3255 4396 praisidentes
3281 4337 3336 4381 et
3372 4327 3440 4381 ad
3488 4328 3732 4383 subditos

2153 4421 2386 4489 pertinet
2419 4436 2431 4472 :
2464 4420 2718 4489 quoniam
2764 4435 2887 4474 cum
2931 4420 3265 4488 gubernator
3296 4430 3618 4490 tempestate
3648 4438 3733 4476 ur»

2152 4521 2345 4582 getur,
2403 4526 2593 4567 omnes
2618 4512 2708 4581 qui
2746 4511 2906 4565 simul
2938 4512 3224 4580 navigant,
3272 4513 3461 4567 eodem
3494 4514 3732 4582 periculo

458 4626 513 4682 in
544 4628 866 4697 ignorantia,
906 4604 1153 4683 veritatis
1181 4631 1252 4683 ita
1284 4639 1468 4699 postea
1511 4647 1670 4701 quam
1724 4635 1846 4703 quis
1876 4649 2045 4703 agno-
2071 4620 2124 4681 Ι)
2152 4612 2498 4703 Ρτθτηυηίῗτν
2524 4616 2579 4703 fit
2604 4605 2762 4659 ³ί¹η¹¹¹
2798 4605 2851 4703 if‘
2888 4614 3047 4674 Ροτίυ
3071 4604 3254 4659 “diu”
3285 4612 3606 4673 ιθωβθδίθδθ
3626 4604 3731 4659 δέ’

452 4720 601 4774 verit
630 4719 774 4773 viam
805 4719 1028 4785 Christi,
1078 4730 1134 4775 et
1158 4736 1321 4777 nosse
1364 4725 1591 4792 emperit
1619 4724 1746 4793 quid
1786 4724 1889 4778 sibi
1920 4740 2040 4780 creo

458 4810 693 4867 dendum
736 4810 935 4880 quidve
980 4809 1283 4866 faciendum
1325 4813 1414 4879 sit,
1466 4813 1743 4868 laboribus
1788 4815 2044 4869 secundm

458 4904 767 4960 tentationis
794 4903 1098 4974 excipitur;
1126 4913 1184 4959 ut
1212 4920 1334 4959 cum
1358 4905 1473 4959 vult
1497 4907 1653 4975 quasi
1678 4906 1887 4962 viribus
1924 4907 2042 4961 suis

457 5005 648 5053 contra
674 5003 892 5066 peccata
911 4997 1225 5066 confligere,
1246 5006 1271 5033 σι
1287 4997 1532 5052 inveniat
1559 4998 1871 5066 cupidatum
1892 4998 1917 5036 δ
1936 4998 2023 5054 dif
2026 5028 2040 5040 -

455 5090 779 5146 ﬁcultatibus
796 5090 1170 5160 praepeditum,
1199 5100 1253 5144 et
1279 5107 1385 5144 non
1411 5107 1569 5160 posse
1598 5093 1741 5147 viam
1771 5110 1930 5163 quam
1949 5094 2033 5148 di-

456 5186 618 5253 dicit,
651 5196 873 5258 propter
898 5187 1211 5256 compedes,
1252 5186 1547 5239 ambulare.
1604 5186 1879 5241 Exclamet
1908 5202 2038 5258 ergo

455 5290 508 5335 et
535 5282 588 5334 in
612 5282 712 5336 hac
750 5280 1128 5346 tribulatione,
1160 5279 1304 5333 etde
1335 5279 1507 5348 gratia
1550 5279 1641 5333 Dei
1673 5282 2035 5348 poscatauxi-

453 5370 631 5426 lium:
680 5380 738 5425 ut
786 5373 960 5442 ruptis
1000 5372 1229 5427 vinculis
1284 5372 1736 5440 impossibilitatis
1775 5389 1908 5443 suae,
1967 5380 2035 5434 ed

527 5563 553 5592 ι
582 5552 783 5621 Supple
822 5569 1121 5619 pronomen
1150 5570 1222 5619 se,
1265 5563 1324 5607 ut
1370 5556 1423 5608 in
1476 5553 1795 5623 Augustino,
1826 5554 2031 5610 Invenit

455 5642 577 5692 ergo
602 5640 655 5679 se
680 5623 917 5692 ligatum,
942 5636 1050 5679 etc.

577 5695 1075 5766 Augttstinttsdicit,
1110 5696 1314 5749 Liberet
1330 5697 1579 5750 Dominus
1606 5697 1667 5750 de
1711 5699 2025 5752 necessitati-

457 5771 567 5832 ιυε,
596 5764 783 5837 rumpit
808 5766 1007 5837 uincula
1043 5767 1393 5837 diﬁcalmtis;
1424 5777 1479 5823 et
1513 5781 1697 5836 supra,
1746 5769 2020 5833 Cupidita-

456 5849 563 5895 tum
589 5836 967 5902 di/Iicultatibus
994 5836 1333 5907 pra-peditum
1366 5841 1545 5894 aiebat
1575 5844 1631 5895 S.
1662 5839 1911 5909 Prosper.

2148 4710 2363 4757 vantur.
2412 4698 2660 4769 Denique
2680 4698 2943 4767 sequitur.

2220 4811 2403 4886 (νει-ε,
2434 4813 2528 4879 23,
2554 4814 2677 4883 Ἦ.)
2721 4813 2822 4878 Qui
2847 4814 3155 4868 descendunt
3180 4816 3235 4868 in
3255 4816 3387 4868 mari
3408 4816 3463 4867 in
3496 4814 3725 4879 nauibus,

2148 4911 2390 4980 facientes
2422 4907 2769 4977 operationem
2812 4906 2864 4957 in
2910 4908 3058 4975 aquis
3104 4908 3300 4973 multis,
3348 4908 3447 4977 ipsi
3495 4908 3728 4961 uiderunt

2146 5019 2303 5073 opera
2349 4999 2575 5065 Domini,
2625 5009 2671 5053 et
2713 4998 2972 5053 mirabilia
3015 5002 3126 5070 ejus
3170 5002 3223 5053 in
3266 5002 3549 5070 profundo.
3590 5000 3729 5067 Quo-

2145 5111 2262 5151 rum
2291 5109 2421 5163 ergo
2457 5108 2624 5162 opera
2656 5101 2739 5145 est
2776 5100 2834 5145 ut
2870 5092 3098 5161 populos
3139 5103 3352 5160 regant,
3395 5092 3448 5144 hi
3485 5093 3555 5145 de
3601 5106 3727 5159 pro—

2142 5189 2309 5244 fundo
2353 5187 2532 5241 cordis
2598 5186 2817 5239 humani
2882 5194 3237 5254 tempestates
3292 5183 3617 5238 seditionum
3676 5194 3729 5238 et

2141 5282 2541 5340 dissensionum
2572 5278 2887 5348 frequenter
2916 5286 3134 5331 exonss
3154 5320 3167 5339 ,
3201 5290 3323 5346 quin
3368 5290 3561 5329 narem
3600 5290 3727 5343 pos-

2141 5380 2249 5434 sint
2276 5375 2617 5448 perturbare,
2648 5373 2963 5441 patiuntur:
2999 5378 3374 5441 ctegnoscunt
3404 5370 3529 5424 ideo
3557 5368 3725 5423 Deum

2211 5568 2232 5596 ο
2262 5558 2447 5618 Forte,
2474 5558 2618 5627 cujus
2650 5570 2859 5609 munere
2888 5556 3091 5628 accipit.
3116 5555 3253 5611 Edifi
3278 5571 3462 5611 omnes
3492 5556 3720 5613 habet“.

2134 5630 2288 5699 cujus
2320 5641 2535 5699 munera
2559 5629 2765 5699 accipit.

2202 5698 2229 5739 δ
2264 5701 2358 5754 Hic
2384 5698 2509 5752 editi
2534 5698 2702 5752 nostri
2726 5700 3054 5769 antiquiores
3086 5700 3539 5753 omittmitvocem
3564 5702 3722 5769 istam

2129 5776 2261 5842 ejus,
2280 5786 2397 5841 qua:
2425 5784 2588 5839 supra
2621 5766 2918 5840 legebatur,
2937 5784 2993 5826 et
3023 5772 3076 5825 in
3105 5772 3403 5842 Augustino
3425 5786 3533 5828 non
3564 5766 3725 5828 omit-

2128 5852 2281 5899 titur.
