4028 6352
195 320 288 378 309

195 527 362 601 (lCor.
390 537 464 589 ιι,
489 519 582 590 19)
601 557 619 586 ,
644 526 702 575 et
727 522 792 570 ut
817 514 935 584 ipse
961 511 1015 567 in
1043 509 1316 582 pressuris
1336 522 1366 562 a
1395 505 1646 560 ﬁdelibus
1672 504 1756 558 in.

193 632 412 678 vocetur.

256 712 421 782 (Vera.
449 702 671 775 25-27.)
724 699 905 766 Dixit,
959 703 1007 751 et
1048 695 1187 751 stetit
1232 693 1447 763 spiritus
1486 685 1754 764 procellas.

194 808 241 864 ld
261 815 335 862 est
362 799 658 874 permansit
683 803 739 850 et
762 791 1105 866 perduravit,
1135 796 1193 844 ut
1235 785 1432 842 turbati
1465 783 1758 837 vehemen-

194 902 288 956 tius
313 894 693 966 supplicarent.
722 884 792 941 Et
819 884 1032 940 exaltati
1060 890 1180 937 sunt
1197 883 1385 952 ﬂuctus
1411 878 1541 948 ejus.
1574 875 1760 929 Ascen-

198 993 311 1048 dunt
335 1002 488 1058 usque
515 989 585 1038 ad
601 978 776 1044 calas,
809 986 856 1033 et
886 975 1201 1032 descendunt
1223 987 1380 1041 usque
1405 969 1475 1022 ad
1502 967 1710 1038 abyssos
1737 982 1757 1022 :

197 1085 348 1140 anim
369 1055 544 1134 eorum
567 1079 617 1132 in
653 1072 806 1128 malis
819 1069 1125 1124 tabescebat.
1149 1062 1366 1119 Turbati
1396 1070 1545 1124 sunt,
1574 1067 1620 1112 et
1635 1055 1762 1110 moti

198 1185 303 1232 sunt
322 1175 445 1228 sicut
458 1170 628 1224 ebrius
647 1183 667 1222 .'
696 1175 744 1220 et
764 1163 932 1218 omnis
944 1156 1199 1232 sapientia
1221 1172 1395 1210 eorum
1424 1162 1449 1190 ³
1467 1160 1646 1207 exorta
1663 1157 1758 1204 est.

197 1270 284 1337 Qui
309 1265 494 1322 sedent
531 1261 600 1316 ad
628 1255 1014 1330 gubernacula,
1042 1263 1096 1307 et
1120 1265 1310 1306 navem
1341 1245 1574 1302 ﬁdeliter
1598 1237 1763 1315 406

197 1335 494 1424 amant,vim
515 1351 677 1423 huius
701 1345 1121 1420 perturbationis
1139 1347 1459 1412 agnoscunt.
1493 1335 1760 1405 Quoniam

199 1451 482 1521 plerumque
527 1442 724 1498 talibus
763 1436 1034 1494 scandalis
1062 1434 1368 1501 exagitator
1405 1428 1671 1493 Ecclesia,
1704 1431 1764 1482 ut

198 1515 576 1615 presidentium
613 1533 780 1601 corda
807 1529 1085 1588 deﬁciant.
1135 1527 1202 1581 Et
1235 1523 1361 1596 quid
1409 1529 1611 1586 restat,
1659 1515 1762 1572 nisi

197 1635 316 1707 quod
341 1630 625 1702 sequitur?
1282 1630 1300 1637 '

256 1726 422 1799 (νοτε.
451 1718 681 1786 28-31.)
714 1716 782 1772 Et
808 1715 1159 1771 clamauerunt
1197 1710 1266 1764 ad
1297 1707 1578 1763 Dominum
1600 1745 1614 1770 ,
1639 1718 1755 1757 cum

967 298 1392 361 PSALMORUM
1430 298 1477 356 Α
1515 297 1556 352 C
1596 297 1687 352 AD
1725 293 1812 350 CL
1849 284 2234 349 EXPOSITIO.
2275 287 2466 348 PSAL.
2507 285 2640 344 CVI.

193 438 352 492 sinere
389 437 447 486 It
487 429 603 483 hac
650 423 813 488 ﬁant,
866 428 924 476 ut
966 419 1178 489 probati
1220 414 1617 472 manilestiores
1649 411 1758 466 sint
1781 411 1833 474 Α

3341 285 3445 342 310

1929 427 2109 501 (Vers.
2134 425 2258 496 57.)
2307 423 2373 478 Et
2405 424 2776 478 seminaverunt
2805 437 2984 492 agros,
3011 426 3060 474 et
3083 420 3446 492 plantaverunt

1858 523 2051 584 vineas,
2080 527 2127 574 et
2157 521 2382 591 fecerunt
2425 517 2648 584 fructum
2675 518 2938 586 frumenti.
3007 513 3086 568 De
3115 528 3221 582 quo
3248 512 3444 582 gaudet

1859 614 1950 668 ille
1977 610 2276 683 operarius,
2308 609 2397 680 qui
2425 608 2575 674 dicit,
2623 604 2746 662 Non
2777 607 2896 676 quia
2922 620 3098 676 quwro
3128 606 3326 670 datum,
3353 603 3443 657 sed

1857 708 2058 776 requiro
2086 707 2311 775 fructum
2335 700 2554 773 (Philip.
2587 717 2661 766 tv,
2683 699 2799 770 Π).

1930 799 2112 870 (Vers.
2143 793 2260 867 58.)
2311 794 2375 848 Et
2406 794 2663 849 benedixit
2716 809 2822 857 eos,
2854 801 2902 846 et
2950 788 3283 860 multiplicati
3323 797 3444 845 sunt

1859 891 2011 945 nimis
2043 907 2062 944 :
2089 889 2387 958 etjumenta
2414 903 2590 940 eorum
2614 902 2714 939 non
2745 893 2863 939 sunt
2892 884 3167 938 diminuta.
3215 883 3442 938 lumen-

1862 993 1912 1038 ta
1944 992 1997 1038 et
2022 995 2216 1051 pecora
2245 979 2495 1033 dicuntur
2525 977 2577 1031 in
2622 975 2859 1031 Ecclesia
2903 976 3220 1047 simpliciter
3253 976 3444 1026 ambu-

1861 1073 2048 1141 lantia,
2080 1071 2176 1127 sed
2209 1071 2362 1125 utilia
2389 1089 2400 1122 :
2434 1085 2540 1123 non
2569 1067 2793 1122 multum
2816 1065 2975 1138 407
3003 1067 3183 1131 docta,
3219 1066 3310 1119 sed
3339 1064 3444 1119 tide

1863 1164 2037 1234 plena.
2073 1163 2216 1234 Ergo
2256 1171 2308 1216 et
2337 1155 2604 1230 spiritales
2628 1165 2683 1214 et
2715 1159 2963 1212 carnales
2993 1157 3266 1212 benedixit
3296 1155 3441 1209 Deus

1861 1264 1916 1313 et
1939 1254 2333 1325 multiplicavit,
2368 1252 2443 1306 ita
2470 1259 2527 1304 ut
2556 1264 2661 1304 non
2694 1250 3082 1303 minuerentur.

1936 1346 2113 1417 (Vers.
2145 1345 2262 1416 59.)
2317 1341 2380 1397 Et
2404 1345 2554 1415 pauci
2577 1342 2701 1411 facti
2721 1352 2862 1407 sunt,
2892 1350 2938 1394 et
2965 1341 3127 1394 uexati
3152 1348 3269 1412 sunt
3296 1356 3326 1392 a
3352 1341 3445 1393 tri-

1863 1440 2120 1493 bulatione
2148 1437 2405 1490 malorum
2433 1446 2476 1490 et
2499 1434 2758 1489 dolorum.
2829 1432 3071 1488 Ecr1e~ia
3098 1431 3357 1486 catholica
3382 1434 3435 1486 in

1862 1529 2048 1585 electis
2077 1529 2217 1594 suis,
2271 1526 2612 1597 prthltglllllS
2640 1541 2668 1581 a
2700 1525 2833 1590 Deo,
2881 1523 3006 1578 ﬁliis
3045 1524 3439 1592 promissionis,

1865 1624 2120 1680 membris
2145 1623 2390 1691 corporis
2414 1619 2638 1688 Christi,
2671 1634 2777 1673 non
2803 1616 3080 1685 minuitur,
3106 1629 3208 1671 nec
3230 1615 3295 1667 ad
3316 1629 3446 1683 pau-

1864 1717 2080 1772 citatem
2130 1715 2420 1786 redigitur,
2474 1715 2598 1784 quia
2649 1712 2751 1782 ipsi
2804 1725 2934 1766 vere
2966 1720 3131 1774 sunt;
3185 1719 3276 1762 aut
3319 1722 3445 1762 cum

199 1790 537 1875 tribularentur
561 1832 582 1882 ;
630 1824 678 1868 et
709 1812 772 1866 de
800 1806 1191 1866 necessitatibus
1218 1818 1392 1858 eorum
1439 1800 1617 1854 eduxit
1642 1814 1752 1854 eos.

1886 1811 1998 1882 apsi
2030 1809 2251 1878 fuerint,
2299 1816 2624 1878 reparantur
2651 1822 2713 1862 ac
2746 1814 3062 1876 permanent
3095 1821 3106 1857 :
3149 1814 3200 1857 et
3232 1815 3447 1872 semper

200 1911 255 1968 Et
273 1909 526 1982 imperavit
557 1903 818 1976 proccllw,
843 1911 889 1957 et
918 1903 1057 1954 stetit
1082 1899 1136 1951 in
1164 1912 1379 1962 auram,
1430 1899 1479 1947 et
1510 1891 1761 1945 siluerunt

199 2006 362 2073 ﬂuctus
411 2004 543 2073 ejus.
601 1996 666 2051 Et
698 1993 862 2050 lwtati
911 2000 1032 2046 sunt
1083 1989 1326 2060 quoniam
1380 1985 1673 2047 siluerunt,
1715 1989 1765 2034 et

200 2097 384 2150 deduxit
408 2111 494 2150 eos
525 2095 578 2147 in
608 2101 813 2165 portum
845 2086 1126 2142 uoluntatis
1159 2098 1355 2138 eorum.
1404 2079 1762 2148 Conﬁteantur

201 2187 396 2242 Domino
426 2185 777 2240 miserationes
807 2179 836 2219 δ
859 2223 874 2248 ,
921 2187 969 2232 et
998 2177 1261 2232 mirabilia
1299 2178 1412 2248 ejus
1444 2173 1565 2241 [iliis
1597 2169 1765 2223 homi-

202 2296 325 2334 num.
350 2279 545 2349 Ubique
573 2275 792 2330 omnino
805 2272 1149 2342 conﬁteantur
1175 2267 1419 2335 Domino,
1441 2280 1549 2319 non
1568 2265 1758 2318 merita

202 2383 384 2438 nostra,
415 2387 518 2425 non
548 2371 696 2423 vires
720 2374 940 2428 nostrae,
976 2378 1082 2418 non
1116 2359 1381 2431 sapientia
1411 2369 1592 2412 nostra
1621 2373 1635 2421 ;
1666 2354 1761 2411 sed

203 2465 521 2518 miserationes
544 2461 678 2528 eius.
717 2456 815 2512 Ille
841 2462 1052 2512 ametur
1081 2454 1132 2507 in
1165 2451 1310 2506 omni
1339 2459 1522 2504 nostra
1556 2448 1760 2502 libera-

204 2557 353 2617 tione,
382 2555 466 2624 qui
486 2562 571 2608 e~t
598 2553 879 2606 invocatus
909 2547 964 2601 in
991 2544 1138 2599 omni
1169 2542 1533 2598 tribulatione.

269 2643 562 2719 Herebi.)
620 2641 864 2699 Exaltent
889 2656 1002 2695 eum
1043 2639 1094 2692 in
1122 2637 1346 2691 ecclesiis
1390 2633 1603 2703 populi,
1637 2641 1683 2686 et
1710 2631 1764 2685 in

209 2739 436 2794 cathedra
472 2740 719 2792 seniorum
768 2733 980 2788 laudent
1011 2747 1144 2785 eum.
1211 2727 1328 2784 1am
1371 2741 1502 2797 ergo
1541 2724 1765 2779 dubium

211 2850 310 2888 non
338 2843 413 2889 est
439 2832 572 2904 quod
598 2845 784 2887 omnes
819 2843 981 2900 supra
1012 2827 1175 2880 dictm
1207 2823 1533 2879 tentationes
1555 2861 1569 2886 ,
1595 2818 1766 2874 tribu-

208 2929 436 2995 lationes,
489 2926 869 2989 liberationes,
924 2923 979 2976 in
1011 2918 1258 2975 Ecclesia
1301 2926 1550 2986 agantur.
1627 2911 1766 2980 Quid

205 3034 319 3089 ergo
346 3020 394 3074 in
423 3018 520 3073 hac.
545 3016 785 3072 Ecclesia
813 3023 1067 3084 operatus
1093 3019 1176 3064 est
1203 3009 1461 3063 Dominus
1480 3047 1496 3073 ,
1556 3003 1656 3058 nisi
1698 3012 1757 3057 ut

203 3110 431 3178 superbis
463 3108 778 3173 resisteret,
814 3103 1108 3159 humilibus
1146 3110 1322 3154 autem
1355 3097 1508 3152 daret
1538 3096 1766 3167 gratiam

1863 1903 2015 1958 multi
2048 1909 2176 1957 sunt
2205 1945 2220 1968 ,
2253 1903 2375 1971 quia
2405 1900 2473 1954 de
2501 1911 2728 1954 numero
2758 1913 2944 1954 eorum
2979 1897 3108 1951 nihil
3137 1896 3294 1966 perit.
3346 1892 3448 1961 in

1862 2014 1990 2069 ergo
2031 1997 2086 2052 in
2117 1997 2255 2050 hanc
2299 1994 2626 2049 soliditatem
2673 2003 2892 2047 aeterna:
2950 1987 3326 2054 multitudinis,
3358 1994 3451 2040 aut

1865 2107 1968 2144 non
2009 2087 2354 2151 introierunt,
2392 2093 2485 2140 aut
2535 2095 2656 2139 eum
2697 2080 3008 2138 viderentur
3040 2081 3332 2145 introiisse,
3381 2079 3449 2132 ab

1861 2181 2046 2237 eadem
2073 2188 2431 2241 recesserunt,
2465 2178 2564 2247 ipsi
2595 2175 2746 2245 pa’uci
2775 2175 2895 2229 lacti
2928 2184 3081 2228 sunt:
3113 2173 3234 2242 quia
3260 2172 3327 2224 ab
3359 2170 3452 2225 illa

1871 2293 1991 2348 qua:
2034 2283 2311 2346 permanet
2355 2270 2638 2342 multiplici
2679 2272 2880 2325 unitate
2916 2268 3066 2322 divisi
3099 2275 3242 2320 sunt.
3287 2260 3454 2318 Num-

1863 2386 2022 2440 quam
2053 2370 2194 2423 enim
2235 2369 2386 2422 multi
2421 2373 2566 2430 sunt,
2607 2366 2695 2434 qui
2728 2363 2790 2415 ad
2811 2378 2914 2415 non
2945 2373 3064 2416 esse
3095 2357 3339 2413 tendunt.
3385 2355 3453 2408 Et

1867 2463 1994 2533 quid
2044 2473 2147 2514 tam
2173 2459 2464 2513 obnoxium
2517 2457 2767 2526 paucitati
2808 2469 2967 2524 quam
3006 2449 3149 2522 quod
3188 2456 3271 2504 est
3305 2447 3455 2502 debi-

1868 2565 1975 2608 tum
2006 2551 2290 2622 perditioni
2329 2549 2500 2621 (Sent.
2537 2548 2671 2617 ll)?

1940 2647 2120 2718 (Vers.
2153 2644 2268 2714 40.)
2313 2643 2522 2710 E/Tusus
2551 2647 2867 2710 contemptus
2898 2647 3144 2705 estsuper
3171 2634 3450 2704 principes.

1869 2739 2119 2795 llaeretici
2168 2746 2221 2792 et
2267 2731 2603 2789 schismatici
2650 2732 2718 2785 ah
2763 2731 3002 2785 Ecclesia
3036 2725 3306 2795 reprobati
3348 2742 3358 2776 :
3400 2730 3455 2777 et

1870 2831 1997 2885 ideo
2027 2829 2194 2898 magis
2221 2825 2679 2895 contempti,quia
2702 2823 2971 2892 principes
2999 2833 3120 2874 esse
3146 2817 3453 2871 voluerunt.

1873 2924 1939 2978 Et
1973 2923 2174 2978 seduxit
2199 2939 2282 2976 eos
2312 2921 2364 2973 in
2395 2919 2564 2984 invio,
2601 2926 2649 2972 et
2678 2915 2857 2970 nonin
2885 2914 2985 2966 via.
3053 2909 3135 2965 Illi
3167 2909 3256 2980 qui
3286 2907 3352 2962 ad
3383 2905 3459 2960 ci-

1875 3019 2096 3072 vitatem
2127 3012 2478 3069 habitationis
2525 3007 2839 3074 tendebant,
2900 3005 3092 3059 directi
3130 3009 3255 3056 sunt
3284 3000 3459 3054 elde-

1873 3110 2017 3166 ducti
2046 3126 2059 3164 :
2094 3106 2182 3160 isti
2209 3114 2387 3160 autem
2417 3103 2688 3159 civitatem
2722 3107 2995 3161 sanetam,
3030 3094 3080 3149 id
3126 3102 3227 3159 est,
3271 3089 3461 3145 Eccle-

205 3170 328 3275 (Jac.
358 3219 424 3268 iv,
454 3201 562 3274 6)?
614 3201 706 3272 qui
745 3170 961 3255 .ludaeos
1004 3193 1326 3250 extollentes
1365 3206 1425 3245 se
1471 3185 1538 3244 de
1568 3203 1768 3259 genere

1880 3202 2005 3254 siam
2031 3197 2355 3252 catholicam
2383 3198 2726 3257 deserentes,
2761 3206 2858 3261 per
2897 3185 3100 3242 erroris
3131 3185 3216 3239 sui
3257 3183 3463 3238 invium

204 3296 434 3361 Abrahae,
457 3305 512 3352 et
540 3295 615 3351 de
643 3294 777 3366 legis
800 3289 1029 3362 eloquiis
1052 3330 1066 3354 ,
1101 3286 1307 3357 sprevit
1332 3304 1347 3350 ;
1394 3293 1449 3340 et
1478 3286 1769 3353 amputatis

206 3390 513 3446 naturalibus
566 3387 773 3453 ramis,
827 3385 1119 3440 oleastrum
1152 3380 1286 3434 oleae
1333 3366 1578 3438 inseruit,
1612 3386 1664 3430 et
1703 3373 1771 3428 de

205 3482 432 3537 omnibus
479 3481 735 3550 gentibus
783 3476 1016 3533 Abrahae
1070 3472 1314 3543 spiritale
1369 3484 1555 3526 semen
1611 3467 1774 3538 elegit

204 3574 363 3644 (Rom.
393 3591 465 3641 ιι,
490 3573 614 3647 20).

266 3667 438 3741 (Yers.
485 3668 582 3732 55,
627 3663 744 3734 54.)
800 3662 987 3719 Posuit
1025 3661 1244 3731 flumina
1285 3658 1341 3710 in
1379 3655 1672 3721 desertum,
1727 3661 1775 3706 et

208 3762 351 3813 exitus
379 3774 634 3829 aquarum
655 3757 708 3810 in
732 3756 912 3810 sitim:
963 3751 1176 3807 Terram
1203 3749 1527 3822 fructiferam
1558 3758 1577 3782 ιτ
1613 3748 1665 3798 in
1692 3761 1776 3798 sa-

205 3850 330 3916 linis,
355 3866 387 3904 α
416 3849 622 3903 malitia
638 3844 1035 3901 inhabitantium
1064 3845 1117 3896 in
1149 3859 1229 3895 ea.
1277 3840 1504 3910 Propter
1535 3838 1670 3892 hanc
1689 3852 1779 3889 su-

210 3944 408 4010 perbam
434 3941 732 4004 malitiam,
776 3938 993 3994 Judseos
1023 3935 1262 3991 deseruit
1289 3933 1458 4004 gratia
1485 3973 1500 3996 ,
1546 3942 1596 3984 et
1631 3929 1771 3983 facta

207 4045 278 4090 eat
305 4045 438 4091 terra
467 4048 666 4091 eorum
695 4032 897 4087 sterilis
933 4038 1096 4099 atque
1125 4027 1364 4082 deserta.
1419 4025 1555 4093 Quia
1602 4022 1780 4075 omnis

208 4129 466 4197 pmphetia
493 4167 510 4194 ,
541 4139 709 4181 omne
738 4121 1060 4178 sacriﬁcium
1081 4159 1096 4186 ,
1125 4119 1307 4173 omnia
1349 4114 1421 4170 ibi
1443 4119 1779 4168 sacramenta

207 4231 486 4287 cessarunt,
511 4230 574 4275 et
603 4219 669 4274 ad
695 4217 1054 4273 humilitatem
1079 4215 1319 4284 gentium
1351 4208 1705 4263 transierunt.

268 4313 441 4381 (Vera.
468 4313 569 4378 55,
599 4311 715 4379 36.)
744 4308 926 4364 Posuit
953 4307 1204 4360 desertum
1233 4305 1286 4356 in
1307 4312 1490 4373 stagna
1510 4314 1780 4369 aquarum,

211 4412 249 4456 et
275 4414 458 4457 terram
492 4405 612 4456 sine
648 4417 782 4471 aqua
821 4402 875 4452 in
897 4399 1062 4453 exitus
1101 4409 1376 4466 aquarum.
1435 4391 1503 4444 Et
1555 4389 1786 4443 habitare

210 4497 309 4564 fecit
333 4496 438 4550 illic
463 4494 760 4550 esurientes.
788 4490 962 4561 Opera
986 4471 1180 4558 gratiae
1209 4494 1515 4548 narrantur,
1547 4496 1667 4552 quas
1702 4481 1783 4534 ef-

1872 3295 2021 3348 abire
2064 3291 2321 3364 permissi
2352 3299 2511 3355 sunt,
2557 3298 2744 3358 etsuar
2790 3292 2916 3338 sunt
2961 3279 3140 3335 traditi
3173 3274 3461 3331 voluntati.

1874 3387 2016 3442 Deus
2063 3387 2204 3441 enim
2256 3399 2361 3438 non
2390 3381 2724 3451 deceptionis
2770 3375 3104 3445 malignitate
3134 3381 3158 3409 ο
3204 3369 3460 3436 seducit,

1875 3479 1969 3535 sed
1997 3477 2185 3547 judicii
2215 3476 2444 3531 veritate
2466 3473 2746 3528 discernit.

1946 3570 2127 3644 (Vers.
2156 3567 2274 3639 41.)
2333 3564 2401 3620 Et
2441 3565 2639 3638 adjuvit
2691 3574 2964 3634 pauperem
3013 3555 3078 3611 de
3113 3551 3460 3608 mendicitate.

1876 3672 2087 3740 Pauper
2141 3679 2196 3725 et
2243 3667 2522 3723 mendicus
2551 3672 2632 3720 est
2665 3664 2757 3718 ille
2812 3660 2903 3730 qui
2934 3657 3066 3713 nihil
3101 3653 3204 3708 sibi
3232 3649 3460 3714 tribuit,

1879 3773 1975 3828 sed
2017 3780 2187 3826 totum
2220 3770 2288 3825 de
2335 3763 2707 3823 misericordia
2731 3761 2932 3817 Christi
2978 3764 3278 3828 exapectat,
3335 3761 3463 3808 ante

1882 3873 2216 3928 Dominicam
2262 3873 2482 3940 januam
2533 3864 2777 3936 quotidie
2821 3863 3086 3925 clamans,
3142 3865 3196 3913 et
3223 3857 3463 3927 pulsans,

1883 3975 1942 4021 ut
1966 3967 2014 4021 ei
2039 3963 2314 4034 aperiatur
2337 4001 2354 4030 ,
2387 3971 2442 4017 et
2468 3970 2525 4015 ut
2555 3960 2672 4029 ejus
2704 3957 2918 4012 nuditas
2945 3957 3227 4010 vestiatur.
3279 3951 3346 4004 Et
3376 3966 3468 4020 po-

1883 4069 1986 4123 suit
2013 4069 2140 4121 sicut
2168 4081 2281 4120 oues
2314 4061 2332 4103 ί
2368 4059 2614 4132 familias.
2668 4060 2822 4114 llunc
2858 4057 3010 4128 quasi
3053 4069 3218 4110 unum
3263 4065 3465 4123 paupe-

1888 4185 2036 4236 rem,
2065 4176 2120 4223 et
2147 4182 2311 4221 unum
2363 4163 2673 4219 mendicum
2700 4158 2906 4229 adjuvit
2933 4155 3099 4218 Deus,
3133 4166 3363 4222 eumque
3415 4150 3470 4203 in

1889 4271 2122 4326 familias
2154 4263 2550 4335 multiplicavit,
2573 4261 2624 4316 id
2648 4272 2753 4327 est,
2779 4272 2938 4312 unam
2966 4253 3285 4317 Ecclesiam,
3310 4263 3471 4304 unam

1891 4373 2122 4444 plebem,
2152 4384 2311 4425 unam
2345 4382 2496 4422 ovem
2543 4365 2597 4420 in
2641 4359 2977 4417 latitudinem
3007 4356 3172 4412 totius
3202 4353 3350 4410 orbis
3377 4366 3472 4406 ex-

1891 4473 2080 4529 tendit.

208 4585 307 4642 lusa
329 4588 490 4644 estin
513 4586 765 4641 nationes
785 4547 1089 4638 ialmundas
1120 4580 1287 4649 prius,
1319 4586 1478 4646 atque
1502 4547 1744 4629 desertas
1765 4618 1778 4642 ,
1809 4561 1863 4622 1)
1960 4564 2142 4638 (Vers.
2171 4559 2285 4631 49..)
2352 4555 2609 4612 Videbunt
2647 4553 2773 4607 recti
2798 4595 2813 4619 ,
2860 4561 2908 4606 et
2937 4547 3360 4622 jocundabuntur
3380 4585 3394 4608 ,
3425 4550 3474 4596 et

209 4688 255 4733 et
283 4695 312 4734 a
345 4680 494 4736 cultu
530 4677 775 4733 veritatis
815 4675 1035 4730 alienas.
1088 4671 1153 4726 Et
1194 4671 1562 4724 constituerunt
1605 4667 1786 4720 civita-

209 4780 292 4824 lem
316 4771 672 4826 habitationis.
717 4767 979 4836 Quoniam
1017 4763 1294 4820 cmlestem
1334 4759 1632 4815 Jerusalem
1673 4757 1785 4826 jam

208 4860 230 4898 ά
249 4874 430 4933 sponte
457 4862 694 4928 obtinet,
725 4863 814 4932 qui
844 4858 950 4914 ﬁde
972 4856 1297 4928 justilicatus
1325 4860 1428 4907 est.

273 5091 296 5120 ⁸
321 5091 487 5161 Lege,
521 5091 769 5159 absorpta
788 5094 896 5161 est.
936 5087 1302 5161 Erroremque
1344 5075 1664 5161 agnosce'in‘
1694 5088 1788 5161 an-

211 5146 545 5220 tehace‘dilis
570 5180 585 5223 ;
614 5146 693 5217 sic
714 5162 859 5217 enim
889 5159 1016 5229 legit
1035 5164 1158 5227 post
1178 5146 1536 5224 A'ugustinum
1565 5146 1790 5216 Vulgata

212 5246 404 5290 nostra.

272 5287 531 5362 llalterum
556 5302 816 5358 omissum
839 5303 971 5373 ejus,
1003 5305 1062 5352 ιιι
1085 5309 1245 5373 supra
1276 5296 1328 5348 in
1358 5291 1517 5373 editis
1543 5287 1795 5373 omnibus

209 5356 530 5448 antiquioris
559 5356 769 5430 aetatis:
802 5356 926 5428 etim
957 5356 1136 5424 iamen
1155 5356 1387 5436 'legatur
1428 5361 1625 5430 ubique
1654 5356 1795 5428 apud

212 5447 590 5517 Augustinum.

280 5501 847 5589 :Augustinus‘le‘git,
876 5512 929 5565 in
959 5510 1171 5565 salinas.
1203 5504 1354 5589 labri
1388 5501 1554 5586 nostri
1581 5513 1792 5563 omnes,

211 5590 258 5643 in
277 5574 457 5644 salinis
482 5604 503 5656 ;
545 5601 645 5642 nec
673 5574 986 5656 infrequens
1013 5578 1323 5656 auctoribus
1354 5574 1590 5656 antiquis
1611 5583 1798 5656 casum

213 5643 414 5715 sextum
447 5643 713 5725 usurpare
755 5643 1094 5725 pro‘quarto.
1147 5649 1326 5725 Quod
1347 5646 1473 5725 alibi
1509 5643 1648 5713 apud
1684 5645 1795 5696 Au-

213 5742 406 5787 ctorem
441 5717 692 5786 nostrum
727 5717 912 5781 notare
944 5739 1051 5778 non
1081 5724 1186 5776 erit
1215 5717 1456 5773 difﬁcile.

278 5783 311 5840 ἶ
329 5783 811 5859 ᾖὸιῖξὶυδὶωωιιε
851 5795 943 5850 hic
965 5809 1065 5866 pro
1091 5803 1272 5864 sponte
1300 5789 1488 5844 obtinet
1515 5783 1798 5858 legendum

1891 4637 2054 4714 omnis
2088 4655 2329 4725 iniquitas
2356 4647 2605 4721 oppilabit
2628 4662 2683 4700 os
2720 4659 2888 4700 suum.
2931 4643 3185 4711 lniqnitas
3216 4637 3305 4692 illa
3343 4648 3468 4705 gar-

1891 4752 2040 4808 riens
2067 4753 2256 4800 contra
2287 4743 2542 4795 unitatem
2569 4779 2584 4803 ,
2613 4737 2863 4792 convicta
2892 4747 2920 4786 a
2945 4733 3202 4797 veritate,
3229 4729 3476 4783 obStt'uet

1893 4861 1955 4901 os
1984 4855 2162 4905 suum,
2186 4852 2294 4891 non
2320 4833 2521 4890 habens
2553 4831 2694 4902 quod
2727 4832 2991 4901 loquatur.

1893 5070 2008 5124 fore
2029 5083 2118 5137 spe
2144 5064 2336 5137 obtinet
2356 5102 2369 5125 ,
2425 5063 2467 5115 si
2495 5062 2621 5137 editi
2654 5061 3089 5137 suifragarentur.
3147 5047 3476 5137 AttgttSIimis

2167 5176 2182 5200 ,
2240 5117 2456 5187 Interim
2487 5117 2829 5185 habitationis
2847 5131 2896 5181 in
2919 5143 3007 5195 spe
3021 5165 3042 5200 ,Δ
3067 5124 3304 5200 quoniam
3327 5161 3341 5184 ,
3376 5117 3479 5200 Qui

2203 5207 2366 5274 inquit
2385 5245 2399 5268 ,
2430 5204 2748 5256 habitabitur
2768 5217 2857 5274 spe
2882 5217 2894 5250 :
2938 5189 2990 5251 et
3019 5189 3309 5261 Apostolus
3330 5230 3346 5254 ,
3376 5189 3481 5259 Spe

1897 5284 2024 5338 salvi
2047 5269 2366 5351 factisnmus
2406 5275 2588 5351 (Rom.
2614 5289 2728 5351 vnt,
2769 5269 2881 5337 94).

1977 5330 2424 5406 :l'tamanil'estd
2463 5330 2744 5414 legendum
2781 5330 2968 5394 suadet
3010 5345 3199 5388 sensus
3240 5330 3376 5414 loci,
3402 5338 3486 5414 get

1903 5436 2094 5478 versus
2141 5419 2330 5488 psalmi
2373 5417 2463 5485 qui
2503 5410 2802 5488 explicatur
2832 5426 2853 5488 :_
2908 5421 3011 5460 non
3053 5417 3202 5465 vero,
3238 5411 3295 5455 ut
3325 5410 3483 5488 splen

1900 5473 2436 5561 edit—iZ—mulignitatés
2467 5473 2638 5561 educit
2657 5525 2692 5561 ,_
2714 5478 2854 5561 quod
2878 5483 3316 5561 erroretypogra
3326 5473 3484 5556 pbico

2218 5543 2554 5635 veditionem.
2575 5543 2743 5609 facile.
2755 5555 3045 5630 invectam,
3075 5543 3128 5600 ili
3166 5543 3488 5616 posteriori-

1902 5618 2002 5692 iis;
2031 5635 2280 5690 omnibus
2310 5628 2706 5683 inemendatum
2742 5618 3021 5692 remansit.

1977 5687 1997 5746 ἐ
2033 5687 2312 5761 Εάίιίοηρε
2339 5711 2538 5753 ηοειτω
2567 5708 2752 5749 mnnes
2776 5691 2860 5744 hic
2892 5692 2944 5745 in
2968 5704 3062 5745 ora
3083 5687 3207 5743 libri
3239 5687 3478 5742 indicant

1904 5779 2061 5834 aliam
2094 5776 2399 5834 lectionem,
2427 5783 2528 5838 qua
2560 5782 2654 5837 pro
2678 5763 2931 5834 laminas,
2964 5763 3171 5833 legatur
3193 5761 3432 5818 patriam.
