4028 6352
595 296 695 352 511

1833 293 1891 349 s.
1934 289 2273 348 PROSPERI
2311 289 2644 359 AQUITANI
3695 282 3799 366 ’δη

661 426 841 499 (Vers.
871 427 989 498 45.)
1044 426 1172 493 Quis
1196 425 1450 497 sapiens?
1479 437 1524 478 et
1552 426 1803 481 custodiet
1825 426 1954 495 hac,
1985 425 2163 481 intelli-

2278 415 2556 475 gnarerunt
2578 423 2655 460 me
2680 408 2858 477 gratis.
2892 408 2970 462 Illi
2993 408 3081 479 qui
3099 408 3283 466 dolose
3296 418 3445 468 antea
3467 414 3795 494 loquebantur,

588 539 711 589 gens
734 521 1082 574 miserationes
1110 519 1337 574 Domini.
1380 519 1521 587 Quid
1564 520 1933 575 custoditurus
1964 528 2047 575 est
2089 534 2177 573 sa-

590 613 764 681 piens,
790 612 889 665 nisi
922 619 980 664 ut
1003 609 1075 665 sit
1099 609 1264 682 5.08
1288 626 1511 681 pauper,
1532 628 1642 666 non
1666 611 1839 679 dives,
1859 611 1909 666 id
1939 620 2042 680 est,
2070 626 2175 665 non

587 705 655 756 sit
685 702 979 771 superbus,
1008 718 1113 758 non
1145 706 1217 759 sit
1248 703 1506 759 inﬂatus?
1551 705 1685 771 Quia
1716 704 1833 759 haec
1863 704 2174 759 custodiens

586 795 844 864 intelliget
874 796 1253 852 miserationes
1279 796 1493 851 Domini
1517 812 1533 863 ;
1562 813 1670 853 non
1703 798 1894 853 merita
1923 812 2041 862 sua,
2067 813 2175 851 non

586 890 725 944 vires
754 903 902 955 suas,
934 890 1029 944 sed
1075 890 1451 946 miserationes
1484 889 1695 945 Domini
1724 908 1737 943 :
1768 891 1861 961 qui
1901 901 2175 946 errantem

587 990 637 1035 et
676 990 922 1049 egentem
951 981 1005 1034 in
1036 982 1181 1035 viam
1219 981 1472 1048 deduxit,
1503 990 1556 1036 et
1586 985 1769 1052 pavit;
1819 983 1909 1052 qui
1937 997 2178 1053 pugnan-

587 1085 689 1128 tem
719 1075 1003 1129 adversum
1049 1075 1427 1131 difﬁcultatem
1454 1087 1823 1146 peccatorum,
1875 1088 1930 1132 et
1955 1078 2178 1149 colliga-

595 1177 703 1218 tum
736 1167 963 1221 vinculis
994 1176 1019 1204 α
1046 1167 1456 1234 sollicitudinis,
1481 1169 1643 1224 solvit
1679 1179 1732 1224 et
1760 1170 2045 1237 liberavit;
2086 1171 2177 1242 qui

586 1256 804 1312 fastidio
860 1259 1199 1330 languentem
1249 1270 1303 1315 et
1341 1277 1478 1331 pene
1534 1265 1852 1318 morientem
1882 1307 1897 1332 ,
1940 1262 1968 1302 ι’
2010 1265 2174 1320 missa

586 1351 734 1403 ver-hi
776 1352 1041 1407 suavitate
1086 1354 1395 1418 recreavit;
1449 1355 1538 1425 qui
1593 1356 1985 1425 periclitantem
2035 1358 2176 1413 inter

586 1440 859 1512 naufragia
881 1443 1282 1509 scandalorum,
1306 1460 1334 1498 a
1354 1445 1668 1502 discrimine
1689 1448 1854 1502 maris
1877 1448 1929 1503 in
1962 1457 2173 1518 portum

588 1534 811 1588 deduxit
842 1536 1282 1605 tranquillitatis;
1316 1540 1407 1606 qui
1453 1553 1576 1593 eum
1619 1538 1853 1610 denique
1897 1541 2177 1598 constituit

585 1629 637 1682 in
667 1645 730 1683 eo
762 1630 959 1699 populo
982 1629 1073 1685 ubi
1118 1630 1417 1685 humilibus
1444 1631 1537 1685 dat
1564 1633 1790 1701 gratiam
1820 1631 1960 1704 (Jac.
1986 1649 2062 1701 tv,
2092 1632 2171 1703 6),

585 1737 688 1775 non
720 1721 770 1776 in
801 1722 893 1775 illo
919 1722 1007 1777 ubi
1030 1723 1281 1792 superbis
1304 1724 1505 1779 resistit
1531 1741 1543 1777 :
1578 1734 1632 1780 et
1663 1724 1789 1781 fecit
1838 1741 1959 1781 eum
1989 1742 2169 1792 suum,

2281 506 2464 565 postea
2502 498 2555 553 in
2600 516 2685 555 me
2719 501 2889 570 aperti
2927 502 3038 556 odii
3080 502 3299 559 vocibus
3346 506 3615 565 saevierunt
3636 516 3795 584 gratis,

2278 590 2398 659 quia
2432 606 2651 646 causam
2698 593 2994 649 inimicitiae
3026 611 3131 651 non
3161 596 3455 655 habuerunt
3476 646 3489 670 ,
3522 604 3613 659 nisi
3641 605 3800 679 iniqui.

2282 691 2442 739 tatem
2474 700 2649 755 suam,
2681 695 2735 741 et
2777 688 2927 743 nullo
2958 689 3057 743 sibi
3083 692 3356 761 proposito
3395 697 3673 766 commodo,
3699 716 3797 771 gra-

2280 776 2415 831 tuito
2446 779 2665 848 maligni
2689 788 2744 833 et
2769 779 3015 835 crudeles
3042 779 3285 837 fuerunt.

2352 872 2531 944 (Vers.
2554 872 2638 944 4.)
2658 872 2763 929 Pro
2783 891 2839 929 eo
2862 884 2917 928 ut
2942 876 3209 945 diligerent
3233 894 3329 944 me,
3353 879 3660 935 detrahebant
3681 885 3798 939 mihi.

2290 969 2404 1025 Non
2438 985 2656 1039 parvum
2686 970 2887 1041 aliquid
2918 973 3091 1040 putari
3122 972 3305 1037 debet,
3332 975 3450 1043 quia
3480 990 3577 1031 non
3602 978 3694 1042 ait,
3721 978 3804 1033 Pro

2279 1077 2344 1119 eo
2372 1074 2428 1117 ut
2456 1062 2741 1134 diligerent
2780 1080 2865 1120 me
2887 1106 2900 1131 ,
2939 1064 3331 1121 interﬁciebant
3369 1081 3477 1133 me;
3508 1067 3622 1133 sed,
3648 1068 3800 1123 detra-

2279 1153 2464 1209 hebant
2515 1156 2660 1209 mihi.
2714 1155 2843 1211 Ideo
2893 1159 3088 1227 quippe
3127 1157 3537 1224 interfecerunt,
3576 1159 3687 1228 quia
3727 1160 3804 1215 de-

2280 1254 2576 1314 traxerunt,
2609 1256 2866 1317 negantes
2892 1246 3085 1301 Filium
3118 1248 3245 1313 Dei,
3277 1257 3332 1302 et
3358 1247 3585 1303 dicentes
3612 1249 3734 1316 quod
3763 1251 3805 1304 in

2277 1340 2506 1411 principe
2529 1340 2893 1395 daemoniorum
2924 1342 3062 1410 eiicit
3087 1342 3340 1396 daemonia
3368 1340 3511 1411 (Luc.
3538 1358 3593 1409 tt,
3617 1342 3721 1412 15);
3747 1350 3802 1408 et,

2278 1432 2591 1486 daemonium
2635 1433 2781 1487 habet
2809 1442 2857 1487 et
2886 1434 3113 1497 insanit;
3142 1434 3265 1504 quid
3296 1449 3410 1488 eum
3447 1433 3625 1488 auditis
3659 1431 3801 1503 (lacn.

2279 1540 2333 1589 x,
2355 1525 2491 1594 20)?
2529 1532 2583 1580 et
2610 1535 2802 1580 cratera
2834 1526 2979 1583 talia.
3029 1527 3141 1591 Qua
3171 1526 3501 1581 detractione
3541 1528 3808 1581 avertebant

2279 1615 2349 1670 ab
2390 1630 2456 1671 eo
2495 1632 2724 1686 quorum
2777 1618 3189 1673 conversionem
3240 1617 3331 1672 ille
3377 1616 3662 1686 quaerebat;
3694 1616 3806 1685 quod

2280 1710 2561 1765 nocentius
2590 1721 2709 1766 erat
2734 1726 2891 1781 quam
2915 1711 3055 1781 quod
3090 1727 3214 1765 mox
3244 1718 3658 1766 resurrecturum
3686 1724 3809 1778 para-

585 1821 641 1866 ut
673 1813 813 1866 intus
843 1827 1069 1868 manens
1097 1814 1565 1884 multiplicaretur,
1591 1830 1699 1872 non
1728 1823 1787 1871 ut
1812 1815 1961 1873 foras
1986 1818 2163 1875 exiens

2278 1802 2408 1857 bant
2457 1801 2726 1857 occidere.
2782 1799 2895 1873 Ego
2956 1811 3125 1855 autent
3171 1802 3401 1855 orabant.
3470 1800 3581 1855 Non
3633 1799 3806 1869 quidem

592 1906 945 1959 minueretur.

1127 2020 1445 2078 PSALMUS
1490 2022 1645 2079 CVII.

656 2180 901 2235 Psalmus
922 2188 1102 2236 autem
1126 2182 1458 2236 centesimus
1489 2183 1750 2251 septimus
1774 2183 2173 2254 prtetermissus

586 2280 704 2338 est,
755 2272 957 2340 quiain
990 2271 1279 2340 postremis
1319 2272 1745 2343 quinquagesimi
1792 2274 1977 2340 sexti,
2017 2284 2073 2329 et
2118 2276 2173 2330 in

583 2362 1018 2433 quinquagesimi
1042 2363 1200 2429 noni,
1236 2374 1257 2401 ο
1287 2365 1496 2420 videtur
1518 2369 1821 2436 expositus.
1873 2368 2057 2438 Itaque
2084 2367 2168 2422 in-

582 2454 714 2521 cipit

1095 2568 1416 2627 PSALMUS
1462 2568 1635 2625 CVIII.

655 2721 829 2793 (Vers.
867 2721 949 2793 2.)
980 2723 1143 2789 Deus,
1183 2723 1385 2778 laudem
1422 2741 1588 2779 meam
1614 2742 1675 2779 ne
1701 2728 1940 2795 tacueris,
1965 2729 2088 2798 quia
2113 2745 2168 2783 os

587 2816 871 2884 peccatoris
898 2825 945 2868 et
966 2816 1130 2871 dolosi
1156 2832 1311 2885 super
1332 2832 1409 2868 me
1428 2827 1660 2887 apertum
1683 2828 1776 2872 est.

586 2944 597 2974 _.
652 2906 928 2959 Psalrnum
958 2908 1118 2960 istum
1170 2908 1237 2961 de
1291 2906 1507 2962 Christo
1558 2908 1759 2965 habere
1806 2910 2165 2981 prephetism,

582 2998 827 3067 quisquis
855 3000 1023 3052 Actus
1045 2998 1430 3069 Apostolorum
1462 3001 1691 3057 ﬁdeliter
1724 3004 1851 3073 legit
1882 3009 2126 3074 agnoscit
2152 3021 2167 3071 ;

584 3092 672 3165 ubi
718 3093 996 3148 evidenter
1022 3094 1324 3149 ostenditur
1366 3095 1434 3149 de
1473 3095 1609 3151 Juda
1653 3098 1912 3154 traditore
1951 3100 2163 3155 Domini

585 3183 986 3251 prephetatum,
1021 3186 1163 3253 quod
1192 3185 1279 3240 hic
1303 3184 1567 3253 scriptum
1598 3195 1715 3253 est,
1745 3188 1903 3243 Fiant
1933 3190 2039 3245 dies
2055 3194 2167 3259 eius

583 3274 730 3340 pauci
759 3272 932 3344 (Psal.
963 3288 1111 3343 cvm,
1144 3275 1209 3343 8)
1240 3316 1254 3341 ,
1308 3285 1354 3329 et
1384 3277 1738 3348 episcopatum
1790 3281 1898 3351 ejus
1947 3283 2166 3352 accipiat

583 3367 709 3419 alter
766 3367 900 3438 (Act.
932 3382 968 3433 ι,
991 3366 1109 3437 20).
1163 3367 1269 3423 Sed
1316 3370 1361 3423 si
1395 3370 1463 3424 de
1494 3387 1599 3426 uno
1624 3369 1648 3409 ἀ
1682 3372 1771 3426 illa
1797 3375 1994 3443 omnia,
2047 3388 2167 3447 quas

584 3458 670 3513 hic
696 3460 748 3512 in
780 3460 919 3515 malo
949 3460 1087 3513 dicta
1119 3471 1241 3514 sunt
1270 3502 1285 3527 ,
1317 3477 1579 3517 conemur
1606 3465 1853 3532 accipere
1877 3507 1892 3531 ,
1953 3469 2167 3537 exposi-

587 3554 747 3607 tionis
794 3555 934 3608 ratio
964 3554 1253 3610 vacillahit.
1326 3556 1514 3611 Melius
1547 3573 1676 3629 ergo
1710 3560 1961 3616 universa
1991 3561 2166 3617 clare-

580 3645 734 3713 bunt,
766 3648 813 3700 si
841 3647 1085 3715 quaedam
1108 3646 1176 3701 ad
1198 3663 1356 3702 omne
1375 3663 1545 3719 genus
1566 3650 1906 3705 inimicorum
1935 3650 2160 3721 Christi,

581 3752 807 3806 quorum
834 3736 1000 3792 Judas
1052 3740 1338 3807 primatum
1382 3740 1549 3809 gerit,
1593 3742 1838 3811 quaedam
1886 3752 2064 3798 autem
2096 3744 2163 3798 ad

580 3829 752 3898 ipsum
782 3828 975 3884 Iudam
1029 3830 1241 3899 proprie
1288 3832 1558 3895 pertinere
1606 3831 1992 3902 intelligantur.
2052 3834 2161 3890 Vox

582 3933 710 3989 ergo
726 3919 935 3973 Domini
958 3928 1041 3974 est
1059 3938 1069 3974 :
1087 3918 1250 3985 Deus,
1264 3922 1469 3976 laudern
1497 3938 1658 3975 meum
1680 3939 1743 3975 ne
1766 3926 2003 3977 tacueris.
2020 3923 2161 3980 Laus

586 4025 717 4064 vero
739 4011 908 4080 ipsius
928 4026 1054 4066 vera
1083 4022 1136 4065 et
1164 4013 1395 4066 maxima
1419 4022 1518 4079 est,
1548 4029 1675 4083 qua,
1697 4014 1801 4070 hoc
1825 4017 1997 4085 ipsum
2020 4018 2161 4089 quod

581 4112 687 4168 est,
720 4103 1025 4173 uuigenitus
1048 4103 1145 4159 Dei
1185 4104 1353 4159 Filius
1385 4106 1725 4175 praedicatur.
1772 4106 1968 4163 Contra
2000 4126 2160 4180 quem

579 4209 640 4249 os
666 4193 836 4249 dolosi
867 4196 1164 4263 peccatoris
1185 4195 1381 4265 erupit,
1435 4210 1556 4251 cum
1583 4198 1755 4253 virtus
1785 4208 1807 4235 ε
1841 4218 1957 4256 mea
2007 4203 2161 4257 infir-

580 4288 782 4343 mitatis
804 4303 968 4343 carne
998 4298 1289 4357 tegeretur.

652 4381 828 4447 (Vers.
858 4382 937 4449 5.)
980 4381 1162 4436 Loculi
1187 4394 1305 4437 sunt
1334 4384 1601 4437 aduersum
1634 4403 1710 4439 me
1740 4388 1915 4457 lingua
1941 4390 2121 4444 dolosa
2141 4407 2160 4443 :

579 4473 729 4529 Tunc
774 4476 975 4544 utique,
1007 4477 1222 4546 quando
1251 4492 1373 4531 eum
1407 4486 1673 4547 tamquam
1723 4482 2033 4547 magistrum
2064 4483 2157 4535 bo-

2276 1893 2445 1963 dixit,
2482 1894 2605 1963 quid
2645 1894 2861 1962 orabat;
2913 1893 3006 1948 sed
3038 1893 3166 1947 illud
3216 1892 3559 1963 intelligimus
3603 1889 3726 1958 quod
3767 1890 3807 1944 in

2275 1999 2435 2040 cruce
2466 1984 2703 2053 pendens
2733 1968 2808 2038 ait
2828 2028 2842 2052 ,
2870 1984 3048 2052 Pater,
3084 1986 3287 2055 ignosce
3318 1985 3444 2046 illis,
3479 1984 3593 2053 quia
3619 1981 3811 2036 nesciunt

2274 2077 2400 2146 quid
2428 2078 2625 2147 faciunt
2669 2076 2821 2147 (Luc.
2849 2093 3001 2144 xxtn,
3031 2077 3145 2146 54).
3192 2076 3210 2115 ῐ
3238 2077 3409 2145 Quam
3437 2077 3569 2132 bene
3599 2073 3809 2144 intelligi-

2276 2176 2362 2224 tur
2391 2185 2486 2239 pro
2515 2170 2796 2240 discipulis
2824 2171 2936 2225 suis
2966 2184 3173 2233 orasse,
3213 2170 3358 2240 quod
3388 2170 3547 2225 etiam
3576 2176 3688 2222 ante
3716 2179 3810 2234 pas-

2274 2263 2480 2318 sionem
2513 2278 2663 2316 suum
2696 2262 2861 2329 dixit,
2898 2279 2963 2317 ne
2992 2263 3248 2318 deﬁceret
3296 2262 3433 2318 ﬁdes
3472 2275 3649 2317 eorum
3687 2256 3809 2328 (Luc.

2276 2368 2413 2420 xxu,
2455 2353 2572 2421 52),
2613 2354 2831 2424 quando
2870 2352 2986 2424 ipse
3020 2355 3157 2409 ﬁsus
3189 2355 3239 2409 in
3280 2354 3431 2425 ligno
3466 2368 3569 2407 non
3609 2351 3813 2405 utebatur

2271 2446 2510 2515 potentia
2540 2460 2657 2512 sua,
2682 2446 2777 2500 sed
2805 2447 3076 2515 patientiae
3103 2446 3385 2515 praebebat
3412 2444 3696 2509 exemplum
3723 2458 3733 2493 :
3762 2457 3814 2496 nc

2269 2539 2517 2595 inimicos
2547 2554 2675 2595 suos
2705 2539 2885 2595 divina
2937 2549 3203 2609 potestate
3250 2539 3508 2606 deleudo,
3537 2540 3599 2593 ad
3628 2536 3717 2592 hoc
3738 2549 3815 2589 nos

2269 2633 2592 2698 aediﬁcaret,
2623 2642 2681 2687 ut
2708 2633 3050 2700 impatienter
3092 2632 3477 2688 festinaremus
3510 2630 3576 2686 de
3604 2629 3680 2684 bis
3706 2641 3813 2696 quos

2270 2726 2442 2780 malos
2487 2725 2719 2795 patimur
2753 2725 3049 2791 vindicari;
3086 2741 3204 2780 cum
3250 2726 3512 2794 scriptum
3540 2724 3635 2790 sit,
3665 2718 3817 2774 Melior

2279 2829 2354 2874 est
2383 2821 2581 2886 patiens
2606 2836 2757 2888 quam
2784 2818 2933 2887 fortis
2962 2818 3149 2891 (Prov.
3176 2834 3286 2885 xvi,
3321 2815 3438 2890 52).

2342 2911 2531 2981 (Vers.
2564 2912 2662 2983 5.)
2710 2912 2774 2965 Et
2816 2923 3095 2982 posuerunt
3146 2912 3424 2966 aduersum
3468 2925 3547 2990 nte
3590 2906 3712 2961 mala
3746 2919 3818 2973 pro

2272 3004 2438 3071 bonis,
2467 3014 2514 3058 et
2544 3004 2719 3057 odium
2755 3020 2847 3071 pro
2873 3003 3144 3057 dilectione
3172 3019 3303 3057 mea.
3335 2999 3589 3070 Quamvis
3613 2997 3819 3053 volunta—

2273 3097 2353 3151 ria
2383 3098 2454 3151 sit
2483 3112 2638 3165 paena
2670 3095 2940 3167 patientis,
2970 3096 3072 3150 hoc
3097 3105 3182 3151 est
3212 3103 3398 3151 tamen
3422 3092 3698 3149 maximum
3724 3100 3801 3155 per

2192 3171 2237 3233 Ο
2271 3191 2609 3259 sequentium
2639 3188 2846 3243 crimen
2868 3233 2881 3257 ,
2915 3189 3058 3257 quod
3088 3187 3323 3243 bonitati
3366 3184 3656 3246 malitiam,
3683 3186 3733 3234 et
3753 3175 3817 3230 di-

2274 3284 2493 3340 lectioni
2543 3284 2664 3339 odia
2711 3282 3096 3348 reddiderunt;
3138 3298 3236 3353 pro
3264 3298 3374 3352 qua
3420 3279 3684 3349 impietate
3719 3270 3819 3342 quid

2270 3378 2541 3446 recepturi
2569 3377 2713 3441 sint,
2754 3377 2990 3446 optantis
3024 3375 3380 3430 similitudine
3419 3365 3822 3439 incipitprophe‘

2270 3480 2405 3529 tare.
2433 3469 2551 3523 Non
2588 3480 2766 3524 autem
2810 3483 3026 3539 poenam
3057 3482 3276 3523 reorum
3319 3462 3651 3534 concupiscit
3676 3460 3819 3515 Deus.

2268 3572 2535 3631 tamquam
2577 3563 2881 3616 exsaturari
2939 3561 3257 3615 desiderans
3301 3559 3539 3622 ultione,
3576 3553 3668 3610 sed
3706 3546 3819 3621 Quod

2260 3654 2464 3723 justum
2492 3666 2574 3709 est
2602 3670 2721 3708 cum
2756 3653 3143 3725 tranquillitate
3169 3653 3437 3722 disponit,
3463 3658 3523 3705 ut
3550 3647 3703 3704 etiam
3723 3639 3823 3698 mali

2268 3760 2375 3801 non
2409 3746 2518 3801 sint
2556 3746 2847 3800 inordinati
2885 3745 3055 3815 (Sent.
3085 3743 3195 3814 12).

2334 3837 2516 3910 (Vers.
2546 3837 2626 3909 6.)
2654 3836 2916 3892 Constitue
2958 3852 3111 3903 super
3139 3852 3255 3890 eum
3286 3843 3638 3904 peccatarem,
3665 3837 3707 3881 et
3737 3825 3827 3877 diu-

2262 3929 2411 3985 bolus
2444 3937 2537 3983 stet
2571 3946 2603 3982 rt
2640 3929 2835 3982 dextris
2878 3930 3009 3997 ejus.
3044 3928 3175 3981 Cum
3222 3927 3485 3996 superius
3532 3918 3735 3994 querela
3774 3916 3825 3967 de

2263 4020 2505 4092 pluribus
2536 4020 2715 4089 fuerit,
2751 4034 2893 4074 nunc
2915 4018 2983 4073 de
3015 4033 3123 4073 uno
3152 4018 3400 4087 loquitur
3424 4017 3692 4088 psalmus,
3714 4018 3760 4065 et
3785 4007 3827 4060 in

2266 4115 2423 4169 unius
2449 4113 2783 4169 intellectam
2828 4127 3113 4182 personam
3146 4104 3281 4165 ulti'o
3312 4110 3499 4166 futura
3526 4103 3826 4176 disponitur:

2266 4223 2369 4263 non
2407 4210 2529 4277 quia
2567 4208 2643 4262 illi
2674 4216 2829 4263 extra
2868 4206 3192 4275 supplicium
3234 4205 3348 4259 sint
3377 4204 3584 4268 futuri,
3611 4198 3701 4255 sed
3730 4193 3831 4265 quia

2266 4302 2317 4355 in
2350 4310 2508 4371 caput
2550 4302 2769 4355 sceleris
2817 4300 2955 4354 bene
3002 4298 3173 4353 fertur
3213 4298 3526 4363 sententia,
3564 4307 3679 4365 quae
3720 4301 3827 4343 con-

2264 4400 2439 4447 sortes
2468 4392 2757 4461 impietatis
2785 4405 2889 4444 non
2917 4389 3112 4444 omittit
3140 4389 3192 4442 iu
3217 4388 3451 4451 ultione,
3477 4401 3611 4457 quos
3632 4383 3824 4438 damnat

2266 4484 2316 4537 in
2353 4483 2611 4553 principe.
2646 4482 2785 4549 Quid
2816 4491 2899 4537 est
2930 4496 3079 4551 ergo,
3116 4477 3385 4535 Constitue
3410 4494 3569 4550 super
3598 4489 3703 4530 eum
3732 4484 3831 4539 ρεσ-

580 4579 705 4618 num
730 4566 964 4632 captiosa
993 4568 1297 4623 adulatione
1324 4569 1611 4623 laudabant
1638 4570 1851 4641 (Matth.
1881 4589 2012 4639 xxtt,
2042 4574 2154 4643 l6).
2191 4555 2237 4613 D
2265 4587 2515 4641 catorem,
2540 4576 2643 4630 nisi
2676 4585 2736 4628 ut
2760 4576 2810 4629 ei
2839 4574 3087 4628 diabolus
3118 4574 3299 4643 prassit
3332 4573 3422 4626 cui
3465 4572 3584 4641 ipse.
3628 4581 3687 4621 se
3728 4559 3834 4618 sub-

577 4652 738 4726 m
760 4654 826 4709 Et
853 4658 1167 4712 rprmonibus
1199 4659 1317 4729 odii
1341 4660 1780 4715 circumdederunt
1811 4680 1910 4731 me,
1939 4673 1985 4719 et
2008 4681 2160 4734 expu-

646 4871 670 4897 δ
702 4862 1029 4931 Augustinus
1069 4864 1229 4927 dicit,
1280 4867 1495 4921 vinculis
1542 4869 1941 4924 consuetudinis.
2006 4869 2147 4924 Editi

572 4948 757 4987 omnes
786 4933 1147 5003 Prosperiani,
1182 4937 1397 4991 vinculis
1423 4938 1804 4993 sollicitudinis.

640 5004 668 5043 δ
699 5004 849 5070 Apud
876 5004 1260 5073 Augustinum,
1304 5011 1459 5063 missa
1484 5009 1740 5064 medicina
1760 5011 1896 5064 verbi
1916 5012 2018 5065 sui.

647 5086 667 5111 ο
700 5075 902 5144 Supple
927 5077 1138 5141 iterum,
1181 5081 1448 5145 postremis
1492 5081 1741 5147 partibus.
1796 5080 1927 5135 Nam
1957 5097 2055 5137 nec
2086 5082 2142 5138 S.

570 5147 903 5221 Augustinus
925 5147 1357 5221 buncpsalmum
1387 5165 1491 5204 cvtt
1522 5152 1896 5219 exponendum
1927 5161 2148 5221 putave-

571 5226 669 5268 rat.
735 5217 1011 5293 Quoniam,
1041 5220 1137 5285 ait,
1159 5223 1275 5292 jam
1298 5221 1513 5293 eatposui
1536 5217 1651 5273 eum
1692 5223 1745 5274 in
1774 5217 1973 5293 psalmo
1994 5225 2146 5293 quin-

568 5288 855 5349 quagesimo
882 5300 1043 5355 sexto,
1078 5298 1124 5342 et
1152 5288 1203 5344 in
1234 5292 1430 5353 psalmo
1458 5288 1876 5362 quinquagesimo
1904 5288 2054 5355 nono,
2088 5311 2149 5347 ea:

567 5364 1067 5431 quorumpostremis
1093 5362 1325 5431 partibus
1347 5361 1435 5414 ille
1465 5361 1699 5414 constat.
1731 5362 1868 5416 Nam
1896 5374 2148 5430 postrema

567 5440 687 5494 pars
714 5428 1117 5504 quinquagesimi
1136 5432 1264 5486 sexti
1293 5432 1456 5500 prima
1477 5441 1547 5485 est
1574 5432 1730 5501 hujus
1747 5428 1905 5504 usque
1932 5435 2000 5485 ad
2030 5450 2147 5486 eum

569 5510 767 5575 uersum
784 5498 869 5549 ubi
889 5498 1105 5566 dicitur,
1135 5503 1199 5557 Et
1222 5498 1377 5570 super
1397 5518 1596 5555 omnem
1616 5498 1804 5555 terram
1820 5498 2007 5575 'gloria
2038 5515 2145 5558 tua.

571 5564 706 5619 Hinc
742 5577 908 5643 autem
943 5564 1172 5643 usguein
1211 5564 1398 5641 ﬁnem.
1446 5584 1701 5643 postrema
1742 5564 1864 5639 pars
1884 5586 1957 5628 est
1999 5576 2146 5639 quin-

569 5638 1028 5705 quagesiminoni.
1113 5638 1314 5698 Ex‘his
1366 5638 1540 5699 tamen
1608 5645 1818 5707 verbis,
1887 5646 1937 5698 ni
2003 5638 2134 5699 falli-

569 5724 718 5784 mur,
752 5724 853 5784 non
885 5720 1025 5763 recte
1068 5713 1247 5767 inferri
1280 5726 1459 5776 posset
1497 5716 1552 5770 S.
1584 5716 1903 5784 Prosperum
1935 5717 2001 5772 de
2027 5725 2139 5771 tuto

569 5779 845 5847 Augustini
874 5795 1035 5846 opere
1080 5784 1128 5835 in
1161 5784 1400 5841 Psalmos
1437 5779 1811 5857 Espositioites
1849 5788 1990 5859 stylo
2018 5788 2141 5842 bre-

2268 4671 2430 4735 tlidit;
2497 4678 2550 4724 et
2598 4671 2771 4739 ipsum
2818 4668 2871 4723 in
2916 4667 3129 4723 dextris
3186 4666 3391 4722 habeat
3449 4678 3613 4735 quem
3658 4653 3835 4727 elegit?

2257 4872 2391 4925 viori
2425 4871 2725 4925 nullatenus
2756 4870 3062 4941 collegisse,
3106 4884 3227 4924 cum
3256 4877 3447 4941 certe,
3489 4868 3549 4941 si,
3571 4880 3691 4941 mox
3718 4863 3834 4917 cita-

2259 4953 2341 5021 tos
2371 4942 2604 5009 psalmos
2650 4944 2878 5021 intactos
2903 4937 3251 5021 reliquisset,
3281 4938 3433 4993 hunc
3463 4938 3555 5021 qui
3601 4937 3719 4991 illos
3734 4946 3839 5021 Aura-

2257 5014 2455 5066 ximam
2483 5020 2685 5081 partem
2719 5012 2993 5080 exprimit,
3025 5009 3431 5075 expositionum
3463 5010 3574 5065 illis
3618 5018 3835 5077 annexa-

2258 5099 2373 5154 ruru
2398 5100 2519 5149 ope,
2549 5098 2818 5154 exponere
2851 5098 2954 5136 non
2984 5082 3329 5154 neglexisset.
3648 5148 3657 5154 _
3756 5144 3765 5154 ο

2330 5153 2354 5191 ἀ
2380 5148 2559 5227 Ferte,
2578 5148 2639 5205 de
2660 5153 2903 5227 unoille;
2929 5164 2983 5227 ut
3014 5148 3258 5219 Augusl.,
3280 5152 3346 5203 de
3374 5152 3474 5227 illo
3507 5148 3837 5227 uno‘homin‘e.

2330 5235 2352 5262 ο
2385 5226 2733 5287 διιεμίοίὶιηυιν
2762 5224 3080 5294 legendum,
3099 5237 3240 5294 mete,
3260 5230 3377 5294 aut,
3404 5224 3521 5294 ejus
3541 5220 3838 5294 inﬁrmitatis

2253 5311 2405 5348 carne
2425 5304 2694 5366 tegeretur,
2718 5304 2809 5347 aut
2831 5292 3125 5366 aliudquid
3148 5292 3835 5366 supplendum.__Angusum

2253 5367 2411 5418 verba
2458 5359 2541 5419 cui
2592 5359 2704 5417 hanc
2757 5359 3084 5432 respondent
3134 5359 3265 5415 talia
3295 5373 3461 5432 sum.
3529 5359 3647 5415 Hoc
3688 5366 3841 5411 autem

2253 5434 2501 5506 (scilicet,
2530 5434 2668 5496 quod
2698 5443 2782 5489 est
2810 5435 3114 5506 unigenitns
3154 5433 3245 5486 Dei
3273 5431 3449 5506 Filius
3473 5473 3487 5492 ,
3566 5446 3668 5483 non
3691 5440 3839 5491 app-'1'

2252 5502 2412 5570 rebal,
2439 5507 2527 5559 sed
2566 5516 2848 5575 apparente
2898 5505 3193 5569 inﬁrmitate
3237 5502 3351 5570 ejus
3397 5502 3630 5565 lafebal,
3662 5514 3770 5552 cum
3794 5509 3840 5545 os

2254 5578 2535 5642 peccatoris
2563 5586 2607 5628 et
2648 5592 2701 5629 os
2743 5577 2909 5630 dolosi
2938 5592 3089 5645 super
3130 5591 3246 5628 eum
3286 5583 3535 5641 apertum
3579 5579 3694 5637 est,
3737 5580 3842 5636 qum

2252 5657 2429 5727 operta
2458 5648 2622 5727 uirtus
2651 5647 2804 5727 hujus
2831 5647 2949 5727 (uit.
3223 5715 3260 5727 ﬂ
3580 5717 3592 5727 _

2326 5714 2431 5771 ‘ln
2470 5714 2787 5787 Augustino,
2830 5717 3172 5786 Quamquam.
3223 5714 3367 5781 Editi
3415 5717 3594 5787 nostri
3637 5721 3834 5779 omnes.

2253 5788 2439 5854 Quam.
