4028 6352
490 331 599 390 5ὶῦ

496 553 551 598 et
577 542 819 596 membra
845 542 960 607 ejus
986 538 1180 591 stevire
1209 551 1315 589 non
1345 533 1550 588 debuit.

568 634 750 704 (Vers.
784 631 899 699 t7.)
926 628 1061 695 Quia
1091 638 1387 700 persecutus
1419 635 1490 681 est
1526 623 1785 679 hominem
1816 634 2094 693 pauperem

499 734 545 780 et
577 724 883 779 mendicum.
915 721 1032 777 Non
1062 721 1204 775 enim
1232 718 1552 791 dedignatus
1571 729 1654 773 est
1677 718 1937 773 Dominus
1964 730 2097 787 pau-

502 835 596 888 per
632 818 745 873 ﬁeri
768 856 783 880 ,
818 829 941 871 cum
970 814 1119 870 dives
1148 822 1324 881 esset,
1360 822 1419 867 ut
1457 811 1605 867 illius
1634 818 1954 881 paupertate
1997 823 2096 866 nos

500 911 798 965 ditaremur
822 906 879 975 (Ι
908 905 1026 963 Cor.
1050 921 1164 972 vm,
1189 904 1269 975 9).
1301 904 1607 961 Mendicum
1631 912 1809 957 autem
1843 904 1893 955 in
1921 916 1989 957 eo
2015 903 2097 957 in-

503 1003 667 1073 telligi
687 1009 884 1072 potest,
909 1000 1051 1071 quod
1076 999 1435 1054 Samaritana:
1456 995 1669 1052 mulieri
1690 994 1849 1059 dixit,
1869 992 1951 1046 Da
1972 992 2098 1047 mihi

503 1095 667 1150 bibere
710 1092 892 1165 (Joan.
931 1108 1007 1158 tv,
1044 1089 1131 1163 7);
1162 1090 1246 1145 vel
1294 1089 1439 1158 quod
1492 1090 1545 1143 in
1595 1102 1756 1142 cruce
1800 1088 1922 1139 ait:
1964 1085 2099 1141 Sitio

508 1187 684 1257 (Joan.
707 1200 817 1251 xix,
840 1182 935 1255 28)
955 1201 969 1237 :
986 1198 1105 1253 qua:
1128 1182 1292 1237 verba
1324 1192 1596 1250 tamquam
1631 1178 1921 1247 indigentis
1949 1184 2097 1231 sunt.

510 1279 573 1334 Et
596 1287 956 1349 compunctum
976 1275 1130 1329 corde
1156 1274 1489 1343 morti/icore.
1513 1270 1709 1326 Cordis
1730 1270 2098 1339 compunetio,

506 1390 625 1443 quae
666 1372 885 1443 proprie
916 1370 981 1424 ad
1021 1383 1317 1425 conversos
1349 1382 1378 1421 a
1411 1366 1648 1437 peccatis
1695 1364 1957 1434 pertinet,
1991 1377 2102 1418 non

507 1466 761 1523 convenit
793 1464 1034 1530 Christo,
1065 1464 1159 1533 qui
1196 1462 1344 1516 solus
1372 1461 1578 1516 exstitit
1624 1459 1826 1529 absque
1859 1466 2100 1527 peccato.

510 1562 565 1615 In
597 1558 859 1615 membris
889 1558 1067 1627 itaque
1090 1555 1205 1611 suis
1234 1553 1600 1624 ptenitentiatn
1623 1551 1935 1622 agentibus,
1957 1560 2011 1605 et
2037 1548 2106 1605 ad

511 1664 671 1723 caput
719 1667 876 1707 suum
924 1665 1044 1707 cum
1090 1647 1507 1718 compunctione
1560 1646 1946 1710 redeuntibus,
1990 1645 2108 1714 ipse

514 1761 726 1817 quoque
769 1753 885 1800 erat
930 1749 1286 1811 compunctus
1331 1740 1516 1806 corde,
1544 1740 1671 1809 quia
1715 1753 1820 1794 non
1862 1738 2048 1793 aberat
2074 1751 2106 1792 a

1736 316 1798 374 S.
1836 310 2170 371 PROSPEBI
2209 310 2541 380 AQUITANI

494 444 835 521 paenitendo,
867 442 1010 515 quod
1038 440 1220 498 occiso
1249 438 1466 495 Christo
1490 435 1686 492 saltem
1718 434 1772 489 in
1798 431 2089 503 discipulos
2114 434 2163 493 Α

3667 305 3768 365 516

2266 428 2447 500 (Vcrs.
2475 426 2591 498 2t.)
2631 424 2699 480 Et
2744 434 2820 497 tu,
2864 425 3104 495 Domine,
3148 424 3385 494 Domine,
3430 426 3517 497 [ae
3552 441 3763 483 meeum.

2194 522 2418 590 Quidam
2456 518 2887 575 subaudiendum
2920 528 3174 588 putarunt
3202 518 3631 583 misericordiam,
3659 519 3769 589 qui-

2194 614 2317 669 dam
2356 622 2411 668 et
2452 612 2795 667 addiderunt.
2846 612 2954 669 Sed
2991 612 3392 668 emendatiores
3437 611 3656 665 codices
3696 610 3771 667 sic

2197 706 2417 771 habent.
2451 706 2520 761 Et
2551 716 2628 773 tu,
2656 706 2893 774 Domine,
2936 705 3177 765 Domine.
3201 706 3283 777 [ac
3312 722 3533 769 mecum,
3570 713 3771 777 propter

2196 817 2380 855 nomen
2425 809 2591 854 tuum.
2626 798 2777 855 Unde
2801 798 3211 868 intelligendum
3255 807 3357 861 est,
3408 798 3531 852 ideo
3576 799 3773 854 dixisse

2196 893 2391 948 Filium
2441 893 2587 947 Patri
2636 889 2749 945 Fac
2788 909 3005 957 mecum,
3046 893 3169 961 quia
3202 890 3392 948 eadem
3441 901 3567 946 sunt
3617 907 3775 960 opera

2201 985 2372 1040 Patris
2420 995 2477 1041 et
2520 985 2665 1050 Filii,
2699 985 2843 1056 quod
2893 986 3053 1039 etiam
3097 983 3124 1021 ι)
3174 984 3542 1039 misericordia
3591 985 3776 1038 sentiri

2198 1086 2393 1148 potest.
2428 1078 2683 1147 Sequitur
2717 1079 2901 1132 enim:
2934 1076 3068 1142 Quia
3104 1078 3276 1130 suavis
3315 1085 3387 1131 est
3426 1076 3779 1130 misericordia

2200 1178 2310 1222 tua.
2333 1169 2470 1236 Quia
2495 1168 2923 1223 misericordiam
2952 1176 3098 1222 recte
3124 1166 3479 1236 intelligimus
3498 1178 3551 1221 et
3570 1167 3781 1222 Patrem

2201 1269 2255 1316 et
2283 1260 2477 1315 Filium
2502 1260 2659 1313 simul
2692 1258 2868 1315 facere
2899 1259 2951 1313 in
2980 1273 3105 1313 vasa
3129 1258 3520 1314 misericordiae
3552 1258 3780 1326 (RomJ,

2202 1352 2318 1425 23).
2369 1354 2553 1408 Potest
2578 1364 2756 1408 autem
2785 1362 2839 1408 et
2874 1353 2950 1407 sic
2984 1353 3207 1421 intelligi
3238 1353 3378 1420 quod
3408 1354 3505 1419 ait,
3540 1350 3650 1405 Fac
3686 1368 3785 1406 me-

2204 1462 2337 1511 cum,
2360 1462 2423 1500 ac
2444 1446 2487 1499 si
2517 1446 2768 1506 dixisset,
2795 1444 3001 1511 Adjuva
3032 1461 3138 1498 me.
3166 1446 3325 1498 Pater
3346 1446 3544 1513 quippe
3569 1444 3787 1513 adjuvat

2206 1538 2421 1602 Filium,
2460 1539 2510 1591 in
2542 1547 2798 1608 quantum
2823 1538 2965 1591 Deus
2991 1537 3283 1602 hominem,
3315 1550 3534 1607 propter
3562 1537 3787 1591 turmam

2206 1630 2369 1684 servi.
2400 1629 2534 1684 Nam
2560 1630 2613 1683 in
2636 1645 2697 1683 ea
2722 1628 2894 1684 forma
2926 1630 2979 1682 in
3001 1644 3104 1697 qua
3134 1629 3356 1698 aequalis
3384 1638 3467 1683 est
3496 1628 3645 1682 Patri
3687 1644 3792 1684 non

2209 1720 2411 1792 indiget
2448 1720 2692 1790 adjuvari
2728 1738 2741 1773 :
2786 1722 2912 1791 quia
2942 1723 3183 1791 utrisque
3215 1736 3378 1775 unum
3422 1736 3557 1790 opus
3601 1732 3711 1785 est,
3746 1731 3795 1777 et

518 1815 693 1908 capite
729 1834 873 1905 quod
908 1833 1199 1904 gerebatur
1238 1832 1291 1886 in
1331 1844 1593 1901 corpore,
1633 1831 1686 1883 in
1720 1843 1827 1900 quo
1855 1843 2022 1898 usque
2053 1827 2108 1881 in
2137 1822 2186 1883 B
2213 1831 2308 1885 par
2325 1827 2483 1886 atque
2504 1816 2882 1886 inseparabilis
2906 1826 3165 1884 potestas.
3192 1815 3414 1885 Egestas
3432 1826 3485 1870 et
3509 1826 3795 1887 paupertas

517 1930 678 1985 ﬁnem
706 1929 905 1998 patitur
935 1932 1343 1995 persequentes.

589 2023 772 2096 (Vers.
800 2020 915 2089 i8.)
957 2016 1025 2072 Et
1062 2018 1241 2072 dilexit
1271 2016 1715 2077 maledictioncm,
1750 2022 1796 2067 et
1837 2013 1999 2067 veniet
2042 2012 2109 2067 ei.

517 2116 850 2184 Quamquam
880 2120 935 2167 et
959 2111 1129 2166 ludas
1180 2111 1618 2165 maledictioncm
1667 2108 1953 2171 dilexerit,
1985 2120 2115 2160 ven-

518 2207 695 2264 dendo
717 2216 878 2276 atque
902 2203 1163 2259 tradendo
1192 2204 1367 2274 ipsum
1393 2200 1789 2257 benedictionis
1810 2209 2113 2265 auctorem,

521 2300 756 2371 apertius
779 2307 962 2353 tamen
992 2298 1088 2352 ille
1119 2296 1347 2365 p0pulus
1404 2292 1839 2349 maledictioncm
1892 2290 2117 2357 dilexit,

522 2390 737 2462 quando
765 2389 931 2455 dixit,
964 2388 1189 2457 Sanguis
1218 2387 1372 2457 hujus
1402 2402 1555 2455 super
1586 2401 1701 2449 nos,
1727 2394 1772 2437 et
1801 2400 1955 2455 super
1984 2383 2119 2451 ﬁlios

526 2495 726 2539 nostros
750 2480 966 2553 (Matth.
994 2494 1162 2546 XXVII,
1188 2478 1303 2549 25).
1332 2478 1395 2532 Et
1418 2478 1583 2532 noluit
1612 2476 2042 2539 benedictionem,
2076 2484 2121 2528 et

527 2578 845 2651 elongabitur
884 2575 946 2627 ab
987 2590 1063 2627 eo.
1116 2572 1184 2627 Et
1216 2571 1384 2627 Judas
1419 2572 1636 2643 quidem
1681 2569 2119 2624 benedictionem

528 2671 729 2739 abjecit
760 2670 812 2722 in
839 2665 1091 2731 Christo;
1125 2664 1223 2719 sed
1268 2665 1509 2734 apertius
1550 2678 1667 2717 eam
1716 2664 1943 2732 populus
1982 2660 2128 2713 relu-

532 2763 684 2827 tavit,
716 2758 935 2830 quando
965 2757 1043 2811 illi
1077 2757 1382 2811 illuminato
1407 2755 1643 2820 dicenti,
1671 2752 1936 2821 Numquid
1966 2760 2014 2805 et
2042 2766 2127 2807 vos

535 2854 772 2925 discipuli
810 2854 921 2922 ejus
946 2848 1097 2903 uultis
1127 2847 1281 2918 ﬁeri?
1310 2846 1613 2916 respondit,
1639 2843 1720 2898 Tu
1746 2846 1815 2897 sis
1845 2842 2129 2913 discipulus

535 2951 646 3019 ejus
679 2944 855 3016 (Joan.
889 2958 965 3010 ιχ,
986 2942 1055 2997 27
1080 2950 1129 2995 et
1154 2938 1271 3012 28).
1299 2940 1368 2995 Et
1394 2940 1551 3010 longe
1582 2938 1718 2991 laeta
1744 2946 1827 2990 cst
1850 2935 1917 2990 ab
1942 2950 2007 2988 eo
2041 2934 2133 2987 be-

539 3039 792 3100 nedictio,
826 3036 950 3104 quia
981 3034 1235 3089 transivit
1267 3033 1334 3088 ad
1364 3042 1575 3102 gentes.
1611 3028 1678 3083 Et
1710 3029 1879 3083 induit
1920 3024 2134 3079 maledi-

541 3132 779 3195 ctioncm,
802 3128 931 3183 sicut
959 3127 1330 3182 vestimentum.
1355 3122 1689 3188 SiveJudas,
1705 3121 1819 3176 sive
1838 3121 1935 3174 ille
1965 3135 2133 3189 popu-

2214 1917 2477 1979 suscepta:
2509 1909 2835 1963 inﬁrmitatis
2858 1919 2959 1973 est,
2995 1925 3061 1964 ex
3087 1926 3190 1980 qua
3221 1909 3517 1977 cruciﬁxus
3548 1919 3655 1964 est.

2289 2004 2468 2075 (Vers.
2509 2004 2623 2073 92.)
2658 2002 2841 2060 Libera
2880 2021 2978 2070 me,
3022 2005 3141 2074 quia
3169 2021 3355 2076 egenus
3384 2015 3427 2058 et
3455 2020 3651 2075 pauper
3693 2020 3804 2058 sunt

2216 2114 2308 2168 ego
2338 2114 2357 2151 :
2385 2108 2430 2151 et
2458 2114 2545 2151 cor
2565 2116 2729 2151 meum
2758 2103 3015 2151 turbatum
3042 2106 3114 2151 est
3136 2098 3189 2151 in
3220 2114 3315 2151 me.
3336 2096 3648 2153 Secundum
3672 2096 3805 2151 illud

2218 2191 2360 2261 quod
2385 2194 2777 2261 propinquante
2796 2193 3047 2261 passione
3073 2193 3164 2257 ait,
3197 2191 3380 2245 Tristis
3400 2202 3472 2245 est
3497 2191 3674 2244 anima
3700 2205 3809 2243 mea

2222 2302 2380 2355 usque
2400 2285 2466 2339 ad
2492 2296 2703 2339 mortem
2736 2284 2949 2357 (Matth.
2983 2300 3129 2349 xxvs,
3155 2284 3269 2355 58).
3300 2322 3311 2338 .

2295 2378 2477 2444 (Vers.
2502 2377 2618 2447 23.)
2667 2378 2811 2445 Sicut
2839 2377 3018 2430 umbra
3041 2393 3156 2429 cum
3178 2377 3417 2439 declinat,
3443 2375 3643 2431 ablatus
3672 2394 3809 2432 sum.

2226 2471 2283 2525 In
2320 2472 2419 2525 hoc
2472 2472 2643 2539 ipsam
2696 2480 2925 2525 mortem
2970 2471 3316 2541 signiﬁcavit.
3364 2471 3520 2526 Sicut
3560 2472 3712 2525 enim
3751 2486 3813 2525 ex

2229 2564 2415 2617 umbra
2464 2563 2773 2617 declinan'e
2825 2562 2882 2615 ﬁt
2935 2579 3060 2627 nox,
3105 2564 3176 2618 ita
3210 2574 3231 2601 ο
3284 2563 3497 2617 mortali
3541 2577 3716 2616 carne
3762 2563 3817 2618 lit

2230 2672 2394 2712 mors.
2432 2655 2692 2710 Excussus
2723 2672 2837 2708 sunt
2866 2656 2993 2709 sicut
3022 2657 3249 2711 locusta.
3280 2655 3396 2711 Jarn
3431 2656 3533 2710 hoc
3562 2656 3614 2710 in
3649 2670 3818 2711 mem-

2230 2751 2339 2805 bris
2371 2750 2487 2819 ejus
2520 2746 2925 2804 convenientins
2966 2748 3338 2817 intelligimus.
3379 2747 3605 2802 Excussi
3646 2748 3819 2814 enim,

2231 2844 2283 2898 id
2312 2855 2395 2899 est
2424 2842 2588 2911 fugati
2612 2852 2733 2896 sunt
2762 2857 2788 2892 a
2824 2840 3259 2909 persecutoribus
3284 2840 3464 2893 ﬁdeles
3495 2840 3617 2909 ejus
3643 2856 3657 2891 :
3691 2853 3822 2910 quo.

2231 2953 2352 2992 rum
2395 2938 2476 2991 vel
2528 2935 2925 2990 multitudinem
2968 2934 3276 3004 signiﬁcare
3311 2933 3477 2988 voluit
3515 2935 3572 2987 in
3606 2935 3824 2989 nomine

2236 3033 2586 3099 locustarum,
2610 3030 2694 3085 vel
2723 3029 2866 3099 quod
2888 3030 3263 3085 transilierunt
3282 3028 3350 3081 de
3381 3029 3498 3082 loco
3532 3029 3585 3081 in
3612 3028 3820 3083 locum.

2309 3126 2489 3197 (Vers.
2521 3123 2641 3193 24.)
2670 3122 2851 3177 Genua
2877 3138 2991 3176 mea
3025 3122 3291 3190 inﬁrmata
3323 3129 3441 3172 sunt
3472 3134 3579 3189 pra:
3596 3120 3827 3190 jejunio,

541 3224 643 3278 lus.
686 3220 753 3275 Et
791 3220 999 3274 intravit
1039 3220 1169 3273 sicut
1212 3234 1346 3290 aqua
1380 3217 1433 3269 in
1464 3215 1710 3270 interiora
1736 3215 1869 3284 ejus.
1906 3214 2047 3281 Ergo
2076 3220 2131 3268 et
2160 3209 2206 3273 C
2237 3229 2281 3274 et
2303 3235 2421 3272 caro
2446 3234 2556 3272 mea
2577 3219 2843 3270 immutata
2862 3223 2936 3269 est
2953 3225 3160 3286 propter
3173 3210 3603 3281 oleum.Propter
3627 3213 3823 3278 oleant,

541 3316 673 3371 foris
718 3326 771 3369 et
829 3294 1023 3369 initus:
1082 3312 1246 3377 loris,
1298 3310 1437 3365 sicut
1494 3310 1911 3373 vestimentum;
1962 3307 2133 3371 intus,

545 3406 688 3461 sicut
733 3420 895 3475 aqua.
945 3402 1212 3471 Quoniam
1247 3402 1298 3454 in
1339 3400 1455 3468 ejus
1494 3397 1685 3453 incidit
1717 3397 2012 3467 judicium,
2048 3394 2139 3466 qui

546 3505 725 3567 potest
760 3506 815 3550 et
848 3507 1047 3563 corpus
1083 3500 1139 3546 et
1174 3492 1408 3544 animam
1459 3488 1710 3543 occidere
1747 3488 1799 3541 in
1832 3488 2139 3557 gehennam

554 3587 771 3660 (Matth.
802 3601 858 3651 ι,
881 3584 1001 3654 2s).
1038 3584 1102 3636 Et
1124 3583 1253 3638 sicut
1281 3582 1448 3637 oleum
1474 3582 1528 3635 in
1560 3580 1754 3635 ossibus
1784 3581 1915 3652 ejus.
1948 3578 2144 3660 Osten-

548 3658 629 3737 dit
666 3680 890 3749 impium
934 3676 1207 3731 hominem
1229 3720 1243 3745 ,
1272 3675 1354 3729 vel
1395 3675 1684 3745 populum,
1712 3689 1834 3728 cum
1866 3658 2144 3742 voluptate

550 3774 688 3827 mala
716 3771 917 3833 facere,
941 3776 1000 3823 et
1026 3767 1311 3838 iniquitate
1344 3767 1506 3833 intus,
1532 3767 1684 3837 quasi
1712 3782 1873 3836 aqua,
1904 3776 1959 3821 et
1988 3765 2143 3832 loris,

550 3864 702 3933 quasi
728 3863 848 3914 oleo
871 3860 1152 3916 delectari.
1185 3860 1315 3928 Quae
1346 3861 1490 3913 actio
1520 3858 1639 3914 ideo
1672 3858 1983 3914 maledictio
2013 3858 2146 3911 dici-

553 3967 659 4021 tur,
685 3956 807 4025 quia
840 3956 1035 4009 talibus
1065 3956 1205 4009 Deus
1236 3962 1438 4009 aeterna
1470 3963 1736 4008 tormenta
1770 3952 2067 4007 denuntiat.

621 4046 807 4117 (Vers.
840 4046 947 4115 19.)
979 4042 1105 4099 Fiat
1138 4046 1183 4098 ei
1212 4046 1345 4098 sicut
1371 4045 1721 4098 vestimentum
1742 4060 1841 4115 quo
1868 4044 2145 4114 aperietur.

556 4141 807 4211 Apertior
843 4140 1045 4193 malitia
1083 4148 1165 4194 est
1199 4155 1301 4209 qua
1334 4154 1393 4193 se
1426 4146 1676 4209 peccator
1700 4139 1852 4208 quasi
1880 4138 2039 4207 pallio
2072 4149 2151 4194 te-

554 4235 663 4304 git,
703 4242 758 4287 et
796 4232 923 4287 inde
957 4241 1179 4300 opertus
1216 4230 1456 4297 videtur,
1496 4230 1637 4284 unde
1677 4231 1837 4285 etiam
1883 4230 1934 4283 in
1980 4229 2151 4285 oculis

562 4325 842 4380 hominum
865 4324 1149 4394 gloriatur,
1168 4324 1368 4376 malum
1390 4337 1445 4375 se
1470 4320 1841 4387 dissimulans,
1862 4320 1952 4374 sed
1973 4330 2154 4377 osten-

560 4430 697 4474 tans.
734 4419 799 4472 Et
848 4420 977 4473 sicut
1013 4435 1145 4471 zona
1175 4434 1275 4488 qua
1315 4432 1514 4485 semper
1547 4416 1895 4487 prwcingitur.
1930 4416 2153 4471 Maledi-

562 4512 743 4565 ctione
773 4526 832 4565 se
864 4512 1168 4579 praecingit,
1204 4509 1327 4579 quia
1370 4508 1570 4562 malum
1617 4523 1722 4562 non
1778 4510 2150 4578 repentinum,

2242 3318 2463 3380 propter
2491 3311 2719 3378 gratiam
2751 3307 3071 3376 spiritalem.
3094 3307 3229 3372 Quia
3252 3320 3373 3362 cum
3406 3320 3533 3359 caro
3559 3305 3675 3373 ejus
3712 3322 3833 3358 mu-

2242 3411 2351 3458 tata
2373 3411 2519 3458 esset
2546 3417 2641 3470 per
2663 3401 2892 3471 gloriam
2923 3400 3362 3461 resurrectionis,
3387 3414 3619 3468 eumque
3643 3413 3836 3454 ascen.

2244 3498 2412 3554 disset
2436 3498 2500 3551 ad
2525 3496 2763 3561 Patrem,
2797 3494 2943 3549 misit
2974 3493 3232 3563 Spiritum
3260 3503 3501 3547 sanctum
3529 3492 3594 3545 ad
3624 3506 3838 3562 ungen-

2244 3591 2343 3647 dos
2385 3588 2691 3654 credentes,
2740 3603 2968 3657 quorum
3010 3586 3292 3652 stabilitas,
3340 3602 3459 3655 qum
3505 3586 3695 3641 ablato
3742 3585 3840 3643 sibi

2250 3698 2405 3752 pane,
2438 3683 2487 3736 id
2515 3690 2616 3743 est,
2648 3680 2885 3745 Christo,
2915 3680 3068 3750 quasi
3106 3678 3311 3749 jejunio
3340 3678 3514 3734 fuerat
3538 3678 3841 3742 inﬁrmata,

2245 3784 2468 3844 accepto
2499 3773 2642 3828 dono
2667 3772 2898 3843 Spiritus
2928 3770 3103 3827 sancti
3132 3770 3303 3825 valida
3335 3770 3525 3826 ell‘ecta
3552 3778 3667 3835 est;
3702 3779 3763 3825 ut
3794 3771 3843 3823 in

2248 3866 2361 3921 suis
2401 3864 2781 3920 afﬂictionibus
2829 3879 2935 3918 non
2968 3863 3315 3929 'vineeretur,
3363 3877 3483 3933 qua:
3534 3863 3589 3916 in
3625 3860 3845 3917 Domini

2251 3960 2503 4029 passione
2532 3957 2825 4013 defecerat.

2326 4054 2503 4121 (Vers.
2534 4051 2657 4121 itii.)
2691 4050 2757 4104 Et
2783 4067 2877 4120 ego
2904 4054 3073 4121 factus
3095 4066 3208 4103 sum
3237 4049 3567 4118 opprobrium
3596 4049 3848 4104 illis.Pcr

2254 4155 2482 4201 mortem
2514 4146 2709 4199 crucis.
2740 4144 2973 4198 Christus
3008 4142 3149 4197 enim
3183 4158 3275 4195 nos
3317 4143 3527 4195 redemit
3571 4142 3637 4197 de
3678 4145 3849 4196 male-

2254 4240 2389 4292 dicto
2406 4237 2573 4307 Legis,
2590 4240 2754 4306 factus
2772 4252 2864 4306 pro
2887 4235 3031 4288 nobis
3056 4232 3387 4287 maledictum
3407 4232 3605 4302 (Galat.
3625 4250 3713 4297 ut,
3742 4234 3850 4299 15).

2254 4328 2419 4403 ειη,
2446 4328 2696 4382 Viderunt
2719 4344 2817 4394 me,
2843 4338 2887 4380 et
2917 4338 3175 4380 moverunt
3207 4328 3378 4394 capita
3398 4344 3511 4380 sua.
3538 4326 3681 4393 Quia
3707 4328 3854 4380 vides

2254 4434 2381 4478 runt
2405 4426 2456 4477 in
2482 4424 2623 4492 ligno
2656 4420 2998 4493 pependisse,
3022 4431 3075 4477 et
3099 4436 3204 4476 non
3228 4421 3485 4476 viderunt
3504 4419 3573 4475 de
3593 4421 3855 4491 sepulcro

2259 4527 2646 4568 TCSUI‘PEXISSC.

560 4600 654 4658 sed
683 4602 1006 4672 dispositum
1043 4601 1380 4671 aggreditur;
1414 4609 1468 4655 et
1499 4602 1568 4654 ita
1602 4599 1760 4656 discit
1794 4599 2149 4667 malefacere,
2179 4594 2232 4654 Β
2328 4606 2508 4677 (Vers.
2546 4604 2661 4676 26.)
2693 4605 2918 4675 Adjuva,
2941 4603 3160 4659 Domine
3178 4604 3318 4658 Deus
3341 4619 3503 4670 meus,
3540 4604 3747 4658 salvum
3782 4621 3861 4658 me

561 4705 621 4749 ut
650 4710 866 4765 semper
896 4706 1113 4765 paratus
1144 4696 1232 4747 sit.

632 4788 823 4859 (Vers.
861 4785 991 4855 20.)
1047 4786 1161 4839 Hoc
1199 4802 1328 4857 opus
1365 4800 1542 4839 eorum
1581 4786 1670 4856 qui
1710 4786 1986 4839 detrahunt
2030 4786 2154 4840 mihi

561 4882 701 4948 apud
733 4879 1032 4933 Dominum.
1058 4878 1219 4951 513
1248 4880 1308 4933 lli
1336 4889 1461 4933 sunt
1486 4879 1578 4948 qui
1611 4878 1904 4933 detrahunt
1939 4877 2153 4934 Christo

562 4982 587 5010 ⁸
604 4973 728 5042 ipsi,
752 4988 910 5041 quem
943 4972 1051 5027 Lex
1080 4972 1288 5025 Domini
1317 4982 1373 5027 et
1394 4972 1677 5041 Propheta:
1700 4973 2153 5040 praenuntiarunt.

563 5063 631 5119 Et
664 5066 749 5135 qui
791 5066 1073 5134 loquuntur
1102 5064 1239 5118 mala
1270 5064 1515 5118 adversus
1559 5066 1787 5117 animant
1828 5079 2011 5118 meam.
2053 5064 2157 5118 Ne-

561 5161 736 5227 gando
768 5176 889 5215 eum
932 5176 1093 5230 posse
1132 5174 1442 5229 resurgere,
1479 5174 1601 5213 cum
1633 5159 1807 5224 dicat,
1844 5158 2158 5213 Potestalem

562 5253 721 5304 habeo
754 5254 976 5319 ponendi
1006 5253 1235 5305 animam
1263 5266 1457 5316 meam,
1482 5263 1525 5303 et
1553 5259 1851 5320 potestatem
1882 5250 2040 5304 habeo
2067 5252 2158 5304 ite-

562 5362 673 5398 rum
705 5346 939 5400 sumendi
970 5360 1080 5400 eam
1114 5343 1296 5415 (Joan.
1329 5360 1388 5413 ι,
1416 5342 1527 5413 18).

634 5534 659 5561 ει
686 5524 792 5597 Sic
817 5524 1081 5597 editiones
1108 5527 1337 5594 Lovau.,
1372 5528 1542 5581 Duae.
1575 5535 1627 5582 et
1660 5525 1855 5583 Colon.
1886 5528 1955 5580 At
1980 5527 2153 5597 Lugd.

565 5596 735 5653 editio
762 5596 943 5660 habet,
971 5600 1056 5666 qui
1080 5600 1361 5653 detrahunt
1386 5598 1613 5666 Christo,
1636 5600 1835 5663 ipsum;
1866 5614 1966 5652 nec
1995 5596 2155 5665 male,

564 5670 621 5745 si
654 5668 883 5745 alicujus
923 5669 1124 5723 codicis
1165 5671 1490 5745 auctoritate
1524 5670 1621 5745 sic‘
1650 5670 1924 5745 emendari
1973 5682 2156 5745 queat,

567 5740 801 5792 dicentes
831 5740 1002 5805 ipsum
1025 5757 1125 5793 non
1155 5759 1259 5795 csse
1288 5759 1434 5809 quem
1473 5742 1556 5795 lea;
1587 5741 1791 5794 Domini
1819 5752 1865 5794 et
1900 5742 2161 5810 propheta:

568 5810 936 5878 pradiearunt,
991 5820 1049 5864 ut
1096 5812 1261 5867 habet
1308 5814 1456 5867 locus
1506 5814 1791 5885 Augustini
1822 5829 1851 5867 a
1892 5812 2162 5884 ProSpero

2255 4700 2339 4770 fac
2362 4708 2569 4770 propter
2598 4699 3007 4752 misericordiam
3038 4706 3201 4751 tuam.
3238 4698 3347 4753 lloc
3376 4708 3429 4753 et
3470 4698 3535 4751 ad
3562 4708 3731 4768 caput
3776 4715 3861 4754 re-

2259 4790 2539 4846 ferendum
2572 4798 2674 4853 est,
2720 4798 2940 4860 propter
2972 4790 3195 4844 formam
3242 4790 3500 4855 servi;et
3529 4790 3598 4844 ad
3632 4806 3859 4861 corpus,

2260 4893 2480 4957 propter
2510 4898 2716 4937 servos.
2770 4882 2946 4936 Potuit
2976 4888 3120 4937 enim
3164 4890 3217 4936 et
3264 4883 3314 4935 in
3366 4883 3493 4953 ipsis
3528 4882 3718 4937 dicere
3753 4883 3865 4936 Do-

2261 4978 2428 5040 mino,
2456 4976 2661 5049 Adjuva
2687 4991 2785 5039 me,
2818 4982 2872 5029 et
2898 4974 3095 5027 solrum
3124 4992 3199 5028 me
3226 4978 3342 5045 fac;
3374 4974 3425 5027 in
3467 4975 3664 5043 quibus
3691 4975 3867 5029 Sanlo

2263 5070 2288 5105 ά
2322 5069 2550 5135 dixerat,
2581 5068 2717 5133 Quid
2747 5084 2824 5121 me
2848 5068 3165 5137 persequeris
3198 5066 3334 5137 (Act.
3366 5082 3447 5130 ut,
3471 5065 3554 5136 4)?
3583 5066 3742 5131 Quod
3770 5083 3868 5122 au-

2267 5172 2376 5217 tem
2426 5162 2522 5228 ait,
2570 5162 2843 5215 secundam
2888 5159 3295 5214 misericordiam
3346 5170 3505 5226 luant,
3562 5163 3868 5230 gratuitam

2265 5254 2489 5323 gratiam
2522 5249 2941 5305 commendavit.

2338 5345 2519 5416 (Vers.
2561 5340 2680 5413 27.)
2719 5342 2787 5397 Et
2827 5344 2991 5397 sciant
3034 5345 3159 5415 quia
3190 5358 3375 5397 manus
3415 5351 3503 5396 tua
3534 5342 3665 5408 hcce,
3701 5352 3753 5398 el
3789 5356 3868 5410 tu,

2267 5537 2454 5583 nostro
2482 5530 2780 5598 inspectus.

2338 5598 2589 5673 bAForte,
2622 5604 2684 5653 de
2710 5602 3082 5657 misericordia.
3113 5602 3277 5673 Aug.,
3310 5604 3397 5657 ubi
3414 5605 3569 5658 etiam
3592 5606 3877 5658 simiseri-

2268 5671 2501 5725 cordiam
2532 5672 2903 5741 intelligamus.

2346 5753 2367 5811 ς
2412 5742 2565 5810 Apud
2600 5746 2849 5811 August.,
2884 5762 2946 5797 cx
2977 5747 3182 5799 mortali
3208 5762 3385 5801 carne.

2341 5810 2369 5848 ἀ
2409 5812 2466 5867 lu
2488 5812 2810 5883 Augustino,
2838 5810 2997 5870 dixit.
3028 5818 3169 5873 Editi
3190 5834 3377 5874 omnes
3407 5818 3596 5887 nostri,
3629 5818 3873 5873 dixerat.
