4028 6352
650 345 755 404 319

1890 348 1947 403 S.
1988 343 2322 401 PROSPERI
2362 344 2399 397 Α
2409 341 2686 410 QUITANI

3789 357 3871 416 330

651 461 1049 525 haereticorum,
1090 470 1144 517 et
1187 462 1241 516 in
1286 462 1463 517 medio
1507 463 1730 517 fratrum
1763 459 2017 515 falsorum
2059 458 2232 513 domi-
2256 464 2304 519 Α
2334 454 2581 510 caulibus
2612 457 2937 511 testimoniis
2972 466 3247 529 pastorum
3279 460 3369 530 qui
3395 470 3415 496 ι
3450 462 3654 533 vigilias
3686 482 3870 530 exerce-

648 568 796 608 nare.
832 552 981 620 Quod
1019 552 1135 608 ﬁeri
1166 555 1405 623 quotidie
1435 555 1697 619 videmus,
1747 554 1920 609 donec
1968 554 2231 623 implean-

646 655 732 701 tur
759 656 999 714 tempora
1034 648 1274 715 gentium
1304 648 1439 717 (Act.
1471 663 1551 711 ιιι,
1588 646 1704 717 21).
1734 646 1947 700 Caecitas
1986 646 2127 700 enim
2166 662 2230 699 ea:

640 748 784 808 parte
813 738 866 790 in
897 735 1069 792 Israel
1094 742 1232 808 facta
1267 748 1361 803 est,
1394 739 1553 793 donec
1586 738 1851 807 plenitudo
1886 738 2109 808 gentium
2149 738 2230 790 in-

640 838 819 895 traret,
851 838 897 882 et
924 829 996 882 sic
1026 831 1188 883 omnis
1218 828 1389 883 Israel
1416 831 1583 883 salvus
1608 830 1752 899 ﬁeret
1780 828 1957 901 (Rom.
2003 844 2075 893 ιι,
2105 828 2224 897 25),

637 920 1067 977 etdominaretur
1085 919 1332 976 Christus
1351 922 1403 975 in
1424 920 1600 976 medio
1618 921 1957 976 inimicorum
1980 934 2222 974 suorum.

708 1014 884 1085 (Vers.
918 1017 999 1086 5.)
1052 1015 1239 1070 Tecum
1283 1017 1595 1088 principium
1632 1016 1687 1069 in
1732 1016 1815 1069 die
1862 1014 2064 1069 virtutis
2105 1022 2221 1067 (me.

636 1108 897 1162 Dominus
920 1109 1381 1179 interrogantibus
1405 1109 1523 1179 quis
1553 1119 1699 1165 esset
1730 1110 2029 1178 reSpondit,
2067 1108 2225 1163 Prin-

634 1200 845 1269 cipium,
898 1202 984 1269 qui
1024 1210 1069 1255 et
1096 1200 1277 1270 loquor
1304 1202 1441 1255 vobis
1471 1201 1649 1273 (loan.
1680 1218 1789 1268 vm,
1821 1202 1946 1271 28):
1984 1202 2087 1257 hoc
2115 1212 2222 1269 est,

636 1292 749 1362 Ego
772 1293 862 1363 qui
891 1294 1082 1363 loquor
1116 1294 1266 1349 vobis
1298 1294 1619 1364 principium
1670 1310 1811 1349 sum.
1838 1295 1934 1349 Est
1962 1305 2138 1349 autem
2168 1304 2223 1350 et

633 1384 793 1439 Pater
838 1387 1182 1456 principium,
1218 1388 1270 1441 in
1297 1403 1403 1457 quo
1436 1388 1702 1457 principio
1730 1397 1847 1443 erat
1876 1388 2133 1456 Verbum,
2168 1399 2221 1445 et

634 1475 870 1532 Verbum
898 1479 1177 1549 eratapud
1208 1480 1375 1535 Deum
1412 1481 1589 1547 (Joan.
1623 1497 1662 1549 ι,
1696 1480 1769 1551 1).
1796 1481 2069 1552 Numquid
2091 1498 2221 1553 ergo

629 1570 756 1636 quia
780 1566 939 1623 Pater
965 1571 1307 1640 principium,
1332 1582 1385 1626 et
1409 1571 1575 1626 Filius
1600 1573 1943 1642 principium,
1971 1574 2078 1629 duo
2094 1584 2220 1630 sunt

631 1659 926 1728 principia?
970 1662 1146 1719 Absit.
1180 1662 1330 1717 Sicut
1371 1663 1515 1717 enim
1558 1664 1717 1719 Pater
1765 1664 1910 1720 Deus
1955 1677 2009 1723 et
2048 1666 2217 1722 Filius

631 1750 795 1818 Deus,
824 1750 984 1806 Pater
1014 1764 1191 1808 autem
1228 1762 1282 1808 et
1321 1754 1488 1809 Filius
1531 1772 1635 1811 non
1666 1756 1774 1812 duo
1809 1757 1903 1824 dii,
1949 1758 2043 1813 scd
2078 1774 2214 1813 unus

2336 546 2463 602 bant
2490 562 2653 617 super
2681 564 2897 619 gregem
2926 540 3080 603 stium
3112 550 3266 621 (Luc.
3302 568 3357 621 ιι,
3387 554 3417 606 ’1
3440 567 3487 608 et
3518 558 3593 626 8).

2401 641 2589 710 (Vers.
2612 642 2704 711 4.)
2743 641 2949 696 Jurarit
2973 643 3250 711 Dominus,
3280 656 3328 700 et
3356 664 3457 701 non
3487 653 3733 717 paenitebit
3756 674 3869 715 eum:

2330 732 2409 787 Tu
2431 751 2481 787 es
2511 736 2750 789 sacerdos
2773 736 2825 789 in
2847 744 3115 801 teternum,
3142 739 3425 792 secundum
3446 744 3673 797 ordinem
3694 746 3869 805 Melchi-

2327 826 2527 881 sedech.
2564 826 2619 882 Si
2642 838 2825 882 natum
2850 844 2916 883 ex
2949 840 3104 884 utero
3131 829 3361 901 Virginis
3380 843 3501 889 ante
3528 836 3777 908 luciferum
3804 846 3867 897 iu-

2331 917 2615 987 telligimus
2645 917 3004 986 Salvatorem,
3026 920 3223 978 exinde
3252 924 3439 993 procul
3462 925 3641 995 dubio,
3668 935 3868 989 sacerdos

2325 1017 2401 1061 est
2422 1009 2472 1061 in
2496 1019 2763 1077 aeternum,
2786 1013 3068 1066 secundum
3088 1014 3320 1069 ordinem
3351 1016 3738 1078 Melchisedech.
3760 1024 3864 1081 Nam

2326 1100 2620 1155 secundum
2669 1102 2812 1169 quod
2852 1103 3115 1159 Dominus
3160 1113 3315 1161 natus
3357 1123 3423 1162 ex
3464 1110 3621 1167 Patre
3662 1124 3770 1183 est,
3807 1118 3866 1187 gi.

2322 1193 2505 1260 gnenti
2536 1205 2841 1249 coaeternus
2871 1207 2923 1250 et
2955 1198 3200 1266 aequalis,
3235 1212 3341 1253 non
3369 1210 3453 1256 est
3482 1206 3745 1261 sacerdos.
3787 1210 3865 1263 Ju-

2322 1285 2453 1337 ravit
2484 1300 2611 1354 ergo
2636 1286 2910 1355 Dominus,
2946 1289 3050 1344 hoc
3078 1300 3184 1358 est,
3216 1306 3338 1347 cum
3363 1297 3739 1355 constitutione
3762 1317 3863 1372 pro-

2323 1375 2486 1429 misit.
2534 1375 2603 1430 Et
2634 1395 2731 1433 non
2759 1381 3019 1449 paenitebit
3059 1399 3195 1449 eum,
3247 1384 3348 1441 hoc
3388 1398 3490 1454 est,
3538 1406 3643 1444 non
3679 1396 3866 1450 mutabit

2319 1466 2629 1535 consilium,
2677 1484 2787 1523 non
2832 1470 2977 1525 aliud
3024 1471 3213 1540 faciet,
3267 1491 3366 1531 nec
3414 1494 3665 1549 umquam
3693 1484 3737 1537 ei
3774 1483 3863 1541 brc

2318 1560 2584 1614 sententia
2610 1560 2935 1629 diaplicebit.
2966 1561 3047 1617 Tu
3075 1581 3130 1618 es
3158 1568 3397 1623 sacerdos
3421 1570 3476 1623 in
3505 1581 3758 1643 internum,
3786 1578 3865 1633 hoc

2317 1660 2421 1715 est,
2446 1666 2551 1705 non
2584 1651 2766 1707 ﬁnitur
2795 1655 3156 1711 sacerdotium
3188 1665 3373 1726 tuum;
3405 1677 3526 1727 nec,
3558 1664 3696 1719 sicut
3714 1668 3862 1723 Aaron

2317 1744 2449 1798 ordo
2470 1747 2721 1813 cessavit,
2743 1748 2816 1801 ita
2833 1748 2993 1803 etiam
3014 1761 3162 1805 tuum
3188 1753 3519 1821 pontiﬁcium
3549 1762 3864 1816 commutabi-

626 1850 709 1897 εδι
730 1842 899 1909 Deus;
931 1844 1010 1899 sic
1032 1846 1191 1901 pme,
1218 1848 1564 1917 principium,
1589 1860 1643 1905 ει
1667 1849 1837 1904 Filius
1860 1852 2203 1921 principium,
2242 1839 2284 1898 Β
2316 1844 2416 1890 tur.
2440 1836 2735 1893 Sacerdotii
2754 1841 2945 1896 tuinon
2959 1843 3064 1897 erit
3085 1842 3231 1909 ﬁnis,
3252 1845 3346 1899 sed
3369 1849 3652 1902 secundum
3669 1852 3865 1906 ordinem

627 1934 786 1989 Pater
814 1946 995 1991 autem
1029 1948 1081 1993 et
1114 1938 1281 1995 Filius
1310 1957 1418 1996 non
1454 1942 1562 1997 duo
1606 1945 1888 2013 principia,
1906 1946 2015 2001 sed
2048 1963 2210 2002 unum

624 2029 962 2098 principium.
980 2030 1169 2086 Tecum
1191 2048 1318 2104 ergo
1346 2035 1658 2105 principium
1682 2038 1734 2090 in
1762 2039 1843 2091 die
1860 2038 2061 2093 virtutis
2084 2050 2207 2104 tute,

622 2120 678 2176 in
726 2122 813 2177 die
851 2139 953 2190 qua
1005 2124 1276 2181 videbitur
1323 2129 1593 2197 qttomodo
1643 2129 1901 2185 creditur.
1954 2132 2211 2200 Quamvis

620 2215 765 2269 enim
807 2215 966 2270 etiam
994 2217 1046 2272 in
1080 2220 1248 2273 lornta
1277 2221 1442 2283 servi,
1476 2220 1591 2290 ipsa
1624 2221 1709 2275 illa
1740 2231 1939 2277 nostrae
1983 2225 2212 2280 inﬁrmi-

622 2305 745 2360 tatis
784 2310 1058 2377 susceptio
1096 2324 1202 2363 non
1245 2320 1395 2366 caret
1424 2314 1622 2367 virtute
1663 2313 1863 2380 divina,
1910 2316 2126 2385 quando
2156 2324 2212 2371 et

619 2399 894 2455 inﬁrmum
923 2412 1073 2457 tuum
1105 2401 1298 2459 fortius
1334 2414 1416 2459 est
1445 2404 1755 2461 hominibus
1786 2408 1829 2480 (Ι
1869 2406 1989 2463 Cor.
2019 2425 2058 2475 ι,
2088 2410 2206 2480 25),

618 2501 674 2547 et
702 2493 753 2546 in
780 2494 932 2563 virga
962 2496 1176 2549 virtutis
1206 2506 1310 2551 tua:
1339 2498 1709 2554 dominaberis
1735 2501 1788 2554 in
1820 2502 2001 2555 medio
2027 2502 2209 2558 inimi-

617 2600 805 2643 corum
836 2598 1050 2643 tuorum
1077 2605 1091 2641 :
1130 2594 1307 2645 veniet
1334 2600 1511 2653 tamen
1536 2592 1653 2646 dies
1686 2593 1775 2646 ille
1802 2608 1927 2662 quo,
1956 2596 2208 2651 omnibus

616 2680 1109 2749 dispensationibus
1136 2683 1523 2752 temporalibus
1560 2684 1792 2753 peractis
1817 2695 1978 2753 atque
2014 2685 2203 2753 ﬁnitis,

616 2772 987 2828 manifestabis
1019 2783 1071 2829 te
1101 2776 1303 2830 sanctis
1334 2776 1467 2840 tuis,
1510 2786 1563 2829 et
1594 2777 1645 2829 in
1678 2775 1767 2829 illa
1798 2776 1876 2831 eis
1920 2778 2205 2847 apparebis

616 2866 783 2933 gloria
826 2866 879 2919 in
926 2881 1028 2935 qua
1065 2868 1286 2936 aequalis
1325 2883 1385 2921 es
1422 2867 1604 2935 Patri,
1649 2877 1705 2921 ut
1752 2867 1971 2923 videant
2013 2869 2205 2923 Tecum

617 2956 923 3026 principium
953 2958 1005 3009 in
1028 2957 1108 3009 die
1135 2958 1332 3011 virtutis
1357 2965 1476 3011 tute.

690 3046 877 3118 (lbid.)
917 3045 982 3100 In
1034 3048 1387 3116 splendoribus
1436 3058 1753 3104 sanctorum.
1802 3051 2047 3106 Praesens
2092 3052 2203 3107 vita

618 3150 950 3205 sanctorum,
975 3138 1221 3208 quamvis
1246 3141 1414 3209 gratia
1446 3140 1656 3205 ﬂoreat,
1683 3144 1934 3212 quamvis
1957 3145 2199 3198 moribus

2316 1926 2710 1998 Melchisedech,
2750 1933 2850 1987 hoc
2885 1942 3001 2000 est,
3045 1938 3343 1993 secundum
3373 1942 3633 2011 mysteria
3663 1960 3769 2014 qua:
3792 1961 3865 2015 per

2310 2034 2434 2075 eum
2461 2021 2732 2077 declarata
2759 2034 2906 2091 sunt,
2942 2027 2995 2081 in
3027 2036 3291 2083 aeternum
3325 2034 3691 2101 permanebit.

2383 2114 2571 2184 (Vers.
2603 2117 2692 2186 5.)
2733 2116 2985 2174 Dominus
3015 2137 3048 2173 a
3073 2122 3268 2177 dextris
3309 2126 3430 2190 tuis,
3463 2130 3797 2199 conquassavit
3823 2132 3863 2183 in

2311 2205 2395 2259 die
2420 2206 2514 2260 ire
2533 2224 2639 2261 sua:
2665 2225 2826 2280 reges.
2858 2211 2939 2265 Ad
2968 2212 3143 2281 ipsum
3177 2214 3486 2283 Dominum,
3516 2218 3616 2288 qui
3641 2220 3766 2275 dixit
3787 2220 3884 2275 Do?

2310 2296 2483 2363 mino,
2517 2298 2653 2354 Sede
2680 2319 2711 2355 a
2737 2304 2929 2357 dextris
2959 2307 3107 2372 meis,
3137 2309 3414 2377 propheta}
3440 2325 3627 2367 sermo
3656 2313 3862 2370 directus

2308 2401 2415 2446 est.
2442 2391 2579 2460 Ipse,
2611 2395 2803 2465 inquit,
2840 2398 3087 2466 Domine,
3115 2401 3205 2456 cui
3223 2403 3437 2470 jurasﬁ,
3474 2404 3550 2457 Tu
3576 2423 3636 2461 es
3663 2412 3863 2462 sacerdos

2308 2484 2361 2538 in
2390 2496 2662 2553 ceternum,
2692 2489 2944 2545 Dominus
2965 2509 2997 2545 a
3029 2494 3221 2549 dextris
3252 2497 3375 2562 tuis,
3405 2500 3497 2567 qui
3545 2504 3865 2571 conquassarit

2307 2576 2359 2630 in
2388 2578 2470 2631 die
2494 2580 2586 2633 ira:
2610 2596 2717 2634 sui:
2740 2598 2901 2652 reges,
2935 2583 3057 2639 illos
3078 2585 3146 2642 de
3175 2586 3370 2657 quibus
3400 2588 3609 2646 dictum
3638 2603 3732 2659 est,
3755 2595 3864 2646 Asti-

2308 2678 2475 2723 terunt
2510 2688 2652 2741 reges
2681 2681 2848 2739 terrm,
2885 2684 2930 2729 et
2957 2677 3213 2747 principes
3256 2692 3600 2736 convenerunt
3630 2685 3682 2738 in
3710 2703 3860 2751 unum,

2305 2762 2549 2817 adversus
2583 2764 2889 2835 Dominunt,
2924 2780 2970 2822 et
2998 2771 3241 2825 adversus
3272 2771 3529 2830 Christum
3557 2782 3675 2850 ejus
3704 2780 3860 2851 (Psal.

2305 2871 2365 2921 ιι,
2398 2856 2489 2927 2).
2524 2858 2861 2932 Quicumque
2904 2862 3070 2935 418
3099 2866 3245 2920 enim
3278 2868 3464 2923 talium
3497 2871 3588 2940 qui
3638 2872 3863 2927 Christia-

2304 2964 2431 3003 num
2472 2966 2668 3007 nomen
2713 2954 2964 3025 oderunt,
3009 2960 3062 3011 in
3104 2974 3202 3012 sua
3236 2961 3513 3030 impietate
3559 2966 3859 3033 persistunt,

2299 3042 2409 3109 jam
2432 3043 2650 3111 quidem
2678 3049 3028 3116 conquassati
3054 3060 3203 3117 sunt,
3230 3067 3329 3107 nec
3354 3063 3655 3122 potuerunt
3677 3056 3862 3110 elﬁcete

2302 3134 2448 3201 quod
2478 3137 2765 3203 volebant;
2810 3140 2907 3194 sed
2934 3141 2988 3193 in
3021 3141 3106 3197 die
3133 3145 3244 3210 ine,
3294 3145 3345 3199 id
3384 3158 3486 3213 est,
3535 3149 3862 3205 retributione

617 3228 805 3293 niteat,
841 3245 946 3282 non
976 3237 1063 3283 est
1091 3229 1142 3283 in
1174 3231 1489 3298 Splendore,
1522 3232 1646 3301 quia
1680 3233 1917 3288 nondum
1949 3244 2195 3304 exempta

2310 3224 2430 3293 iusti
2453 3226 2643 3295 judicii
2677 3230 2767 3286 Dei
2794 3233 3009 3300 penitus
3028 3243 3401 3292 conterentur.

615 3332 698 3376 est
738 3336 765 3373 a
810 3323 1178 3393 corruptione.
1224 3324 1357 3379 Cum
1397 3341 1526 3396 ergo
1575 3329 1885 3396 apparuerit
1930 3329 2195 3397 Christus,

615 3412 771 3485 417
804 3414 909 3469 vita
952 3424 1285 3483 sanctorum,
1337 3428 1463 3473 tunc
1498 3428 1552 3474 et
1582 3420 1685 3488 ipsi
1713 3422 2048 3489 apparebunt
2076 3438 2197 3478 cum

614 3509 709 3563 illo
737 3508 791 3563 in
813 3510 978 3578 gloria
1010 3510 1230 3581 (Coloss.
1262 3528 1343 3576 tu,
1372 3514 1449 3583 4).
1474 3514 1764 3586 Tuncjusti
1785 3517 2052 3587 fulgebunt
2070 3522 2199 3573 sicut

612 3599 687 3654 sol
715 3600 767 3653 in
796 3616 952 3670 regno
994 3599 1169 3657 Patris
1214 3606 1293 3657 sui
1337 3604 1556 3675 (Matth.
1602 3623 1717 3671 xm,
1748 3608 1861 3677 45),
1914 3610 1967 3664 id
1998 3620 2101 3679 est,
2145 3613 2196 3666 in

613 3695 719 3749 vita
752 3704 976 3750 aeterna.
1012 3694 1097 3751 Ea:
1128 3709 1267 3752 utero
1297 3708 1415 3753 ante
1441 3701 1713 3769 luci/erum
1752 3706 1907 3773 genui
1945 3715 2007 3759 te.
2044 3708 2099 3760 Si
2131 3706 2200 3762 de

611 3784 698 3840 illa
741 3788 1089 3856 generatione
1137 3791 1237 3845 hoc
1279 3792 1479 3846 dictum
1519 3802 1603 3846 est
1640 3810 1743 3862 qua
1776 3811 1841 3850 ex
1880 3797 2039 3854 Patre
2085 3799 2199 3857 Deo

610 3883 823 3950 genitus
858 3892 941 3938 est
995 3885 1135 3939 Deus
1168 3886 1353 3955 Filius,
1392 3906 1457 3943 ea:
1490 3901 1635 3945 utero
1671 3893 1960 3961 signiﬁcat,
2003 3910 2069 3949 ex
2108 3911 2198 3952 se-

611 3984 777 4036 creto,
804 3990 871 4027 ex
897 3977 1127 4042 occulto,
1153 3978 1219 4033 de
1250 3979 1367 4047 ipso
1390 3981 1569 4048 Patre,
1595 3984 1661 4039 de
1684 3986 1977 4040 substantia
2002 3987 2195 4044 Patris.

612 4064 742 4117 Ante
762 4064 1034 4135 luciferum
1059 4085 1213 4135 vero,
1236 4073 1332 4139 ait,
1357 4085 1480 4129 ante
1509 4086 1771 4143 tempora.
1797 4079 1901 4134 Per
1919 4080 2198 4137 luciferum

611 4157 781 4222 enim,
819 4166 1001 4227 utpote
1033 4177 1127 4231 per
1160 4162 1612 4233 lulgentissimum
1655 4170 1825 4238 sidus,
1864 4181 2131 4243 tamquam
2168 4190 2199 4229 a

615 4256 765 4315 parte
831 4258 1023 4318 totum,
1056 4253 1237 4306 omnia
1276 4255 1458 4311 sidera
1497 4259 1793 4328 signiﬁcata
1834 4273 1960 4317 sunt
1996 4279 2115 4334 qua:
2145 4267 2199 4321 in

613 4340 717 4395 hoc
744 4340 883 4397 facta
924 4356 1070 4407 sunt,
1100 4355 1155 4397 ut
1181 4346 1282 4399 sint
1321 4348 1374 4400 in
1412 4350 1594 4419 signis,
1639 4361 1685 4404 et
1712 4356 2043 4424 temmribus,
2075 4366 2123 4410 et
2148 4358 2201 4411 in

612 4430 809 4496 diebus,
842 4443 888 4485 et
927 4436 1076 4487 annis
1118 4434 1323 4505 (Cenes.
1357 4453 1408 4508 ν,
1441 4436 1555 4508 14).
1602 4439 1757 4509 Quod
1792 4452 1873 4497 est
1915 4460 2043 4514 ergo
2083 4455 2203 4500 ante

612 4521 905 4591 luciferum,
936 4524 1038 4580 hoc
1077 4536 1159 4581 est
1188 4539 1313 4584 ante
1352 4529 1557 4595 sidera;
1595 4540 1650 4586 et
1680 4534 1821 4601 quod
1853 4543 1935 4588 est
1975 4545 2098 4590 ante
2126 4536 2199 4591 si-

614 4616 765 4684 dera,
814 4619 923 4674 ltoo
948 4629 1075 4676 ante
1117 4631 1383 4691 tempora,
1417 4635 1579 4694 atque
1615 4626 1737 4681 ideo
1766 4643 1831 4682 ex
1870 4630 2193 4686 aeternitate.

612 4706 669 4763 Si
711 4723 839 4763 vero
885 4710 986 4766 hoc
1020 4727 1086 4766 ex
1129 4727 1360 4781 persona
1409 4716 1689 4786 propheta:
1733 4718 1932 4773 dictum
1971 4731 2071 4786 est,
2106 4724 2196 4791 qui

614 4800 687 4853 ait
713 4805 727 4845 ἒ
760 4799 906 4855 Dixit
936 4800 1189 4857 Dominus
1215 4804 1436 4860 Domino
1465 4824 1594 4876 meo,
1626 4809 1759 4864 Sede
1786 4828 1817 4864 a
1838 4814 2027 4865 dextris
2051 4817 2196 4878 meis,

615 4908 719 4947 non
752 4899 832 4947 cst
864 4895 1085 4949 dubium
1114 4897 1258 4951 illam
1298 4901 1630 4955 nativitatem
1676 4902 2053 4972 signiﬁcatam,
2095 4922 2198 4976 qua

617 4985 875 5041 Dominus
910 4976 1099 5058 David,
1137 4990 1275 5045 ﬁlius
1296 5001 1378 5045 est
1406 4993 1595 5055 David.
1629 4994 1815 5049 Potuit
1840 4997 1983 5051 enim
2020 4998 2199 5055 dicere

614 5078 781 5134 David
831 5090 1049 5151 propter
1107 5086 1481 5153 prOpaginem,
1531 5104 1633 5155 qua
1687 5089 1754 5142 de
1806 5090 1973 5157 ipsius
2028 5091 2200 5161 stirpe

614 5169 776 5224 Maria
809 5173 959 5243 virgo
989 5174 1289 5242 descendit,
1309 5176 1391 5230 Ea:
1418 5188 1559 5232 utero
1586 5180 1740 5249 genui
1768 5191 1834 5248 te,
1870 5180 1972 5237 hoc
2001 5195 2101 5247 est,
2132 5200 2200 5239 ex

616 5274 770 5324 utero
800 5266 1070 5335 virginali,
1098 5283 1163 5323 ex
1196 5279 1351 5324 utero
1380 5286 1485 5339 quo
1516 5272 1787 5327 masculus
1818 5289 1924 5328 non
1949 5278 2199 5344 accessit,

616 5352 670 5408 in
714 5372 819 5424 quo
848 5359 961 5413 sola
991 5359 1088 5413 luit
1115 5361 1399 5429 conceptio
1430 5364 1638 5428 matris,
1672 5364 1790 5417 sine
1819 5366 2026 5421 semine
2053 5369 2201 5437 geni-

615 5448 775 5501 toris.
828 5450 893 5503 Et
921 5454 1310 5508 convenienter
1356 5454 1557 5508 dictum
1601 5465 1707 5520 est,
1741 5458 1871 5511 Ante
1900 5458 2198 5529 luciferum,

616 5536 891 5605 quia-ante
920 5553 1165 5597 exortum
1198 5543 1305 5598 diei
1338 5554 1491 5599 natus
1516 5554 1599 5598 est
1628 5546 1903 5615 Dominus,
1935 5552 2036 5604 hoc
2066 5553 2199 5606 indi-

692 5753 717 5779 ι
755 5742 847 5797 Sic
876 5744 1003 5823 editi
1049 5760 1278 5815 veteres,
1310 5754 1459 5817 juxta
1493 5760 1695 5806 textum
1742 5757 2018 5821 Augustini
2053 5774 2063 5807 :
2100 5774 2195 5823 pro

618 5830 724 5885 quo
757 5815 1089 5874 recentiores
1120 5815 1431 5888 posuerunt,
1462 5824 1549 5893 qui
1575 5815 1921 5879 custodiebant
1946 5815 2167 5899 vigilias.

2373 3317 2563 3390 (Vers.
2594 3321 2645 3376 6.
2668 3322 2686 3391 )
2706 3322 2967 3379 Judicavit
2988 3327 3041 3380 in
3061 3329 3313 3398 gentibus,
3340 3332 3557 3401 replevit
3572 3336 3763 3389 ruinas.
3781 3334 3863 3402 Qui

2299 3412 2352 3467 in
2382 3416 2687 3483 superbiam
2711 3419 3015 3489 eriguntur,
3040 3431 3096 3476 et
3117 3424 3168 3477 in
3188 3438 3283 3479 sua
3303 3426 3539 3483 elatione
3572 3430 3863 3498 persistunt.

2298 3507 2377 3561 sic
2403 3508 2747 3565 destruentur
2790 3522 2846 3565 ιιι
2872 3527 2978 3567 non
3010 3515 3361 3572 aediﬁcentur.
3396 3518 3513 3573 Non
3557 3524 3703 3575 enim
3747 3521 3868 3576 desi-

2301 3610 2433 3653 nttnt
2480 3601 2703 3667 destrui,
2740 3603 2830 3671 qui
2873 3621 2976 3659 non
3005 3607 3258 3663 desinunt
3300 3611 3522 3665 elevari.
3572 3613 3677 3681 Qui
3712 3623 3866 3667 autem

2302 3706 2395 3759 per
2434 3691 2788 3748 humilitatem
2821 3696 3021 3751 cadunt
3063 3708 3117 3753 et
3159 3714 3221 3754 se
3267 3710 3646 3771 prosternunt,
3682 3714 3738 3759 ut
3763 3704 3869 3758 ﬁant

2300 3786 2399 3839 sub
2428 3786 2652 3855 pedibus
2686 3788 2823 3857 ejus,
2857 3791 2944 3844 cui
2986 3791 3124 3845 dixit
3159 3792 3437 3859 Dominus,
3470 3794 3614 3850 Sede
3643 3814 3674 3851 a
3702 3798 3868 3851 dextris

2302 3879 2448 3946 nteis,
2475 3879 2635 3932 donec
2663 3898 2849 3947 ponam
2873 3884 3104 3937 inimicos
3133 3894 3246 3939 tuos
3272 3887 3551 3941 scabellum
3574 3891 3753 3959 pedum
3774 3900 3870 3942 tuo-

2300 3987 2435 4038 rum,
2472 3974 2871 4041 reparabuntur
2902 3978 2955 4030 in
2988 3978 3280 4048 integrum,
3324 3982 3450 4050 quia
3478 3997 3590 4036 non
3623 3982 3870 4038 damnavit

2302 4062 2401 4117 has
2431 4063 2614 4118 ruinas
2646 4066 2923 4131 Dominus,
2969 4070 3064 4122 sed
3112 4069 3342 4138 replevit
3372 4089 3384 4123 :
3414 4072 3561 4142 quod
3607 4073 3666 4128 ﬁt
3708 4073 3757 4127 in
3784 4072 3872 4126 hoc

2302 4167 2569 4227 tempore,
2599 4174 2721 4214 cum
2762 4161 3033 4215 universis
3071 4162 3319 4231 gentibus
3362 4167 3643 4220 ruinarum
3674 4179 3871 4234 repara-

2302 4252 2503 4308 tionem
2528 4252 2777 4309 Christus
2799 4264 3075 4323 operatur.
3104 4254 3468 4326 Conquassavit
3490 4261 3670 4325 capita
3688 4260 3739 4313 in
3756 4270 3874 4311 terra

2303 4346 2486 4399 multa.
2534 4346 2824 4400 Multorum
2868 4348 3076 4416 capita,
3128 4347 3183 4402 in
3228 4349 3325 4402 bac
3375 4348 3483 4402 vita
3535 4356 3872 4418 conquassata

2302 4436 2551 4492 Christus
2583 4437 2824 4503 inclinat,
2856 4437 2983 4491 dum
3014 4454 3046 4493 e
3073 4440 3324 4507 superbis
3355 4438 3591 4495 humiles
3620 4438 3767 4494 facit.

2375 4528 2568 4600 (Vers.
2601 4527 2689 4598 7.)
2732 4530 2809 4583 De
2829 4539 3051 4585 torrente
3077 4533 3129 4584 in
3152 4532 3233 4585 via
3258 4531 3423 4595 bibet;
3445 4542 3721 4603 prapterea
3750 4528 3875 4584 exal-

2301 4620 2427 4674 tabit
2449 4630 2619 4688 caput.
2654 4621 2807 4676 Sicut
2836 4632 3045 4679 torrens
3074 4622 3399 4692 pluvialibus
3425 4624 3584 4692 aquis
3606 4623 3875 4683 collectus,

2298 4713 2585 4778 redundat,
2618 4715 2931 4783 perstrepit,
2955 4716 3149 4781 currit,
3172 4724 3227 4769 et
3248 4715 3519 4769 currendo
3548 4715 3808 4779 decurrit,
3833 4712 3875 4765 id

2300 4815 2405 4870 est,
2452 4822 2666 4860 cursum
2710 4807 2849 4871 linit,
2874 4807 2952 4861 sic
2991 4815 3075 4861 est
3100 4807 3277 4861 omnis
3305 4807 3407 4862 iste
3430 4821 3622 4862 cursus
3658 4804 3881 4862 mortali-

2302 4898 2425 4951 tatis
2460 4899 2727 4952 bumanaa.
2758 4897 3063 4953 Nascuntur
3091 4899 3356 4965 homines,
3384 4900 3574 4955 vivunt
3595 4908 3760 4969 atque
3780 4913 3881 4951 mo-

2302 4992 2534 5055 riuntur,
2565 5007 2857 5063 rursusque
2887 4995 3243 5049 morientibus
3280 4995 3370 5049 alii
3396 4995 3674 5058 oriuntur,
3708 5003 3883 5047 succco

2306 5090 2463 5157 dunt,
2492 5091 2781 5155 accedunt,
2812 5090 3152 5146 deceduntb.
3208 5090 3288 5143 De
3331 5090 3433 5145 hoc
3473 5104 3604 5158 ergo
3635 5095 3882 5148 torrente,

2306 5182 2373 5237 de
2406 5183 2507 5237 hoc
2536 5184 2766 5252 strepitu
2793 5192 3130 5247 transeunte,
3160 5183 3230 5236 de
3267 5182 3368 5236 hac
3399 5180 3737 5236 mortalitate
3766 5178 3887 5234 bibit

2308 5273 2450 5327 ﬁlius
2482 5274 2673 5336 David,
2709 5273 2967 5327 Dominus
3016 5271 3203 5336 David,
3236 5272 3486 5342 dignatus
3534 5280 3761 5343 propter
3800 5282 3887 5322 nos

2308 5366 2457 5420 nasci
2478 5375 2531 5419 et
2561 5365 2720 5428 mori,
2751 5372 2807 5419 et
2834 5364 2910 5417 ita
2940 5364 3073 5418 bibit
3100 5364 3165 5417 de
3209 5374 3431 5417 torrente
3458 5365 3509 5417 in
3546 5363 3627 5415 ria
3657 5359 3802 5429 quod
3840 5356 3887 5410 ιιι

2307 5461 2394 5513 via
2432 5466 2778 5527 peccatorum
2826 5472 2933 5512 non
2973 5458 3123 5513 stetit
3153 5456 3340 5527 (Psat.
3392 5474 3437 5522 ι,
3471 5456 3558 5521 1).
3609 5454 3889 5525 PrOpteren

2308 5568 2437 5619 ergo
2466 5550 2709 5603 exaltabit
2741 5560 2911 5618 caput,
2945 5550 3069 5617 quia
3096 5548 3397 5601 humiliatus
3427 5559 3520 5611 est,
3547 5556 3592 5601 et
3628 5550 3802 5617 factus
3826 5550 3890 5598 est

2373 5757 2401 5795 ι’
2444 5757 2779 5823 Augusﬁnus
2816 5759 2986 5825 addit,
3020 5776 3112 5813 nec
3145 5758 3438 5811 manebunt.
3469 5755 3653 5811 Nostri
3684 5754 3896 5811 codices

2309 5844 2413 5883 non
2444 5828 2647 5885 addunt
2678 5830 2801 5884 ista.
