4028 6352
180 306 275 365 321

997 303 1413 362 PSALMORUM
1457 303 1499 359 Δ
1535 303 1576 358 C
1615 301 1706 357 AD
1743 297 1832 356 CL
1869 297 2250 355 EXPOSITIO.
2292 297 2488 355 PSAL.
2528 296 2664 355 CXI.

3352 297 3457 358 3%

183 422 400 479 subditus
425 435 589 490 usque
611 419 681 474 ad
706 429 940 487 mortem,
968 430 1182 475 mortem
1204 428 1375 473 autem
1403 420 1589 472 crucis.
1625 416 1761 470 Pro-
1789 419 1835 476 Α
1865 412 2118 467 inusitata
2148 421 2205 469 et
2235 427 2394 486 noga,
2445 413 2678 467 humana
2731 412 3064 468 excitaretur
3106 413 3371 483 intentio,
3404 427 3460 473 et

185 528 290 590 pter
318 516 458 587 quod
488 523 516 552 ⁸
543 515 785 570 exultavit
814 531 925 568 eum
967 531 1000 567 a
1030 515 1246 568 mortuis
1265 553 1280 578 ,
1330 522 1376 566 et
1429 511 1635 565 donavit
1686 509 1766 564 illi
1793 510 1798 515 ’

187 623 358 662 nomen
378 605 518 672 quod
539 614 614 658 est
641 621 795 673 super
824 621 971 658 omne
996 619 1178 658 nomen
1204 619 1220 656 :
1245 612 1301 656 ut
1325 603 1380 657 in
1407 603 1610 656 nomine
1637 599 1764 656 Iesu

187 717 324 755 omne
350 715 483 769 genu
512 701 780 770 ﬂectatur,
815 697 1116 764 calestium,
1167 697 1499 764 terrestrium,
1531 705 1578 750 et
1603 697 1767 767 infer-

184 807 376 856 norum,
399 800 449 844 et
473 790 637 843 omnis
659 792 838 860 lingua
861 789 1163 858 conﬁteatur
1181 789 1420 859 quoniam
1440 787 1476 842 J
1480 805 1594 843 esus
1615 786 1757 842 Chri-

185 892 278 937 stus
303 883 357 936 in
386 882 557 953 gloria
585 893 657 937 est
683 879 782 935 Dei
811 880 986 934 Patris
1017 879 1254 951 (Philip.
1279 896 1336 948 tt,
1367 881 1422 948 8,
1453 880 1508 947 9,
1539 879 1690 952 etc.).

737 971 1058 1030 PSALMUS
1095 971 1208 1027 CX.

804 1081 1132 1121 ΙΔιιειῠιΑ.

248 1159 436 1232 (Vers.
471 1158 558 1230 Ι.)
629 1156 924 1224 Conﬁtebor
969 1157 1080 1225 tibi,
1127 1157 1362 1222 Domine,
1393 1159 1448 1213 in
1478 1167 1584 1213 toto
1615 1159 1767 1212 corde

185 1268 301 1305 meo.
350 1250 472 1306 Non
522 1264 737 1320 semper
783 1247 1060 1304 confessio
1107 1261 1453 1318 peccatorum
1503 1259 1617 1319 est,
1670 1250 1765 1307 sed

186 1344 331 1399 etiam
363 1342 488 1398 laus
517 1341 612 1396 Dei
657 1341 948 1396 devotione
997 1340 1355 1396 confessionis
1405 1344 1762 1409 expromitur.

187 1437 265 1492 Illa
289 1436 458 1507 luget,
493 1437 610 1491 haec
637 1435 868 1502 gaudet;
917 1436 1006 1490 illa
1039 1435 1248 1490 medico
1280 1435 1472 1490 vulnus
1501 1437 1763 1504 ostendit,

188 1527 288 1581 haec
324 1527 396 1583 de
425 1527 656 1582 sanitate
684 1528 886 1597 gratias
914 1526 1044 1596 agit.
1079 1525 1145 1580 In
1187 1527 1407 1581 concilio
1436 1537 1688 1581 rectorum
1720 1540 1767 1583 et

188 1619 584 1692 congregatione.
625 1619 846 1684 Eorum,
891 1618 1007 1672 sine
1034 1617 1220 1683 dubio,
1257 1619 1346 1688 qui
1379 1619 1649 1674 sedebant
1677 1635 1768 1675 su-

1867 503 2176 559 nutriretur
2202 503 2254 558 in
2287 518 2347 558 ea
2375 503 2444 558 de
2471 503 2706 558 insolitis
2737 502 2882 558 utilis
2926 505 3085 559 timor
3113 545 3128 571 ,
3161 504 3246 560 cui
3278 515 3455 562 tamen

1867 594 2180 652 misericors
2231 595 2490 650 Dominus
2519 595 2676 650 daret
2724 608 2904 650 escam
2949 595 3167 651 virtutis
3211 605 3268 652 et
3309 597 3455 668 vitae,

1867 702 2060 759 panem
2115 685 2323 742 scilicet
2366 687 2513 742 illum
2567 686 3032 756 incorruptibilem
3079 691 3169 759 qui
3217 689 3288 746 de
3316 691 3461 747 cmlo

1866 780 2150 837 descendit
2177 781 2367 854 (Joan.
2394 798 2469 846 vt,
2497 781 2560 837 41
2583 783 2632 854 );
2664 793 2724 837 ut
2759 784 3000 839 Verbum
3030 785 3128 840 Del
3156 796 3303 841 esset
3333 803 3457 842 esca

1869 872 2173 938 hominum,
2204 874 2344 928 sicut
2365 873 2520 930 cibus
2552 885 2634 930 est
2663 877 3006 946 angelorum.
3042 877 3244 933 Memor
3283 881 3378 934 erit
3407 883 3459 933 in

1867 974 2116 1019 aeternum
2153 965 2441 1019 testamenti
2471 966 2582 1032 sui;
2614 967 2848 1021 uirtutem
2877 985 3090 1040 Operam
3118 987 3331 1024 suorum
3370 988 3463 1024 an-

1867 1059 2120 1113 nuntiavit
2161 1059 2355 1130 popqu
2393 1076 2511 1113 suo.
2558 1059 2804 1130 Implevit
2834 1062 3097 1119 Dominus
3144 1066 3460 1133 promissio-

1869 1163 1963 1205 nes
1991 1165 2144 1218 suas,
2169 1150 2261 1220 qui
2289 1159 2373 1205 est
2399 1151 2573 1205 virtus
2596 1162 2648 1206 et
2677 1150 2939 1208 fortitudo
2959 1165 3266 1210 sanctorum
3296 1172 3463 1227 :quo-

1869 1241 2010 1296 niam
2039 1255 2160 1311 quae
2186 1241 2501 1296 hominibus
2532 1241 2775 1297 difficilia
2797 1252 2943 1310 sunt,
2975 1243 3084 1299 Deo
3108 1245 3282 1301 facilia
3313 1259 3458 1315 sunt,

1868 1343 1922 1389 et
1953 1335 2066 1402 ipse
2095 1345 2353 1404 operatur
2377 1337 2558 1390 omnia
2586 1336 2639 1390 in
2671 1337 2921 1391 omnibus
2954 1337 3026 1406 (ll
3053 1340 3175 1394 Cor.
3211 1357 3305 1408 xu,
3339 1341 3422 1411 6).

1942 1425 2135 1496 (Vers.
2174 1426 2274 1497 7.)
2319 1426 2388 1482 Ut
2427 1427 2514 1482 det
2562 1428 2666 1484 illis
2707 1431 3052 1485 Itwreditatem
3097 1435 3362 1504 gentium;
3410 1437 3464 1492 id

1868 1527 1972 1584 est,
2001 1534 2159 1588 quam
2193 1522 2521 1591 praeparavit
2543 1523 2792 1577 omnibus
2813 1524 3084 1593 gentibus.
3107 1525 3273 1599 ἀπο
3297 1527 3467 1599 Opera

1869 1627 2115 1665 manuum
2158 1616 2268 1686 ejus
2294 1616 2482 1669 veritas
2511 1624 2557 1669 et
2580 1616 2878 1687 judicium;
2910 1617 3013 1673 hoc
3042 1629 3147 1682 est,
3182 1631 3239 1673 ut
3265 1621 3462 1676 veritas

189 1725 274 1779 per
314 1709 604 1764 duodecim
647 1709 876 1764 thronos
914 1709 1226 1778 judicantes
1267 1710 1553 1766 duodecim
1597 1713 1767 1768 tribus
1864 1703 2233 1776 iudiciumque
2273 1717 2556 1763 servetur:
2590 1708 2616 1747 δ
2651 1725 2840 1765 manus
2865 1711 3009 1766 enim
3049 1724 3327 1782 operatur,
3363 1713 3466 1769 hoc

189 1802 338 1856 Israel
369 1801 592 1873 (Matth.
626 1818 745 1870 xix,
778 1801 904 1874 28).
948 1802 994 1856 A
1023 1818 1253 1870 quorum
1295 1805 1510 1858 concilio
1558 1814 1605 1859 ει
1647 1822 1768 1860 con-
1797 1790 1845 1851 Β
1873 1805 1974 1861 est,
2010 1806 2067 1850 ut
2119 1811 2225 1852 non
2273 1808 2490 1868 separet
2516 1815 2544 1853 a
2576 1798 2793 1856 Christo
2838 1802 3137 1871 tribulatio,
3185 1805 3466 1876 angustia,

190 1895 476 1965 gregatione
503 1891 679 1966 419⁸
698 1895 878 1949 omnis
910 1892 1189 1965 hypocrita
1221 1908 1559 1967 segregatus,
1592 1901 1768 1954 omnis

189 1985 283 2039 erit
309 1992 543 2040 tentator
573 1985 850 2040 exclusus.

251 2077 437 2147 (νει-ε.
471 2074 562 2146 2.)
605 2075 800 2149 Magna
827 2094 980 2147 opera
1019 2079 1249 2148 Domini,
1281 2084 1530 2152 exquisita
1571 2085 1623 2136 in
1649 2100 1765 2137 om-

191 2182 269 2220 nes
310 2167 594 2220 voluntates
622 2168 753 2238 ejus.
803 2168 1084 2237 Scrutare,
1136 2173 1384 2242 exquire,
1434 2173 1673 2244 vestiga,
1722 2175 1766 2228 si

191 2268 354 2325 potes,
394 2273 584 2314 omnes
615 2259 925 2314 voluntates
956 2260 1169 2316 Domini
1201 2281 1212 2315 :
1245 2264 1297 2317 in
1344 2266 1598 2320 omnibus
1627 2281 1768 2320 sem-

191 2362 282 2418 per
305 2363 489 2420 magna
518 2365 685 2420 opera
715 2349 833 2422 ejus
858 2352 1122 2408 invenies.
1155 2354 1307 2410 Nulla
1341 2357 1485 2410 enim
1519 2357 1768 2412 voluntas

194 2441 450 2509 potentior
488 2452 574 2498 est
613 2443 786 2514 ipsius
833 2444 1142 2515 voluntate;
1197 2456 1384 2503 contra
1431 2465 1593 2520 quam
1641 2466 1766 2506 cum

193 2533 385 2603 aliquid
414 2534 525 2590 fieri
555 2535 705 2604 sinit,
740 2537 1170 2594 misericordiam
1215 2555 1366 2597 suam
1393 2541 1770 2615 iustitiamque

193 2625 536 2682 demonstrat.
571 2627 722 2684 Sicut
766 2630 912 2684 enim
946 2631 1061 2686 vult
1101 2640 1160 2687 ut
1207 2633 1367 2689 homo
1413 2650 1518 2690 non
1551 2644 1768 2706 peccet,

198 2715 271 2769 ita
297 2716 411 2770 vult
436 2719 673 2787 peccauti
705 2735 948 2790 parcere,
985 2731 1042 2775 ut
1066 2733 1372 2780 revertatur
1401 2734 1455 2782 et
1483 2728 1662 2792 vivat;
1699 2730 1770 2782 ita

200 2809 359 2864 etiam
389 2811 498 2866 vult
523 2809 579 2866 in
603 2815 839 2882 peccatis
865 2826 1304 2885 perseverantem
1339 2819 1552 2888 punire,
1599 2831 1655 2874 ut
1679 2822 1769 2889 ju-

199 2902 354 2958 stitize
380 2906 670 2974 potentiam
695 2916 985 2963 contumax
1020 2925 1126 2964 non
1157 2911 1376 2967 evadat.
1411 2915 1489 2968 Ac
1515 2915 1594 2968 sic
1626 2913 1775 2984 quid-

195 2983 315 3063 quid
360 2996 617 3068 elegeris,
660 3013 694 3052 o
739 2999 931 3067 homo,
978 3017 1083 3056 non
1131 3002 1307 3058 deerit
1358 3004 1585 3060 Domino
1633 2983 1775 3061 unde

195 3102 334 3143 suam
361 3089 427 3145 de
453 3099 506 3146 te
529 3093 802 3161 compleat
823 3095 1176 3151 voluntatem.
1203 3098 1335 3154 Sive
1360 3114 1490 3170 ergo
1513 3100 1776 3167 justiticet

1869 1888 2059 1953 fames,
2090 1890 2328 1957 auditas,
2362 1892 2575 1962 gladius
2610 1893 2795 1964 (Rom.
2823 1908 2942 1958 vui,
2973 1893 3107 1966 55).

1942 1970 2138 2052 (νετεξ
2165 1981 2255 2053 8.)
2295 1980 2504 2038 Fidelia
2532 1987 2706 2039 omnia
2735 1986 2986 2040 mandata
3006 1989 3141 2059 ejus,
3163 1989 3468 2058 confirmata

1867 2077 1921 2128 in
1944 2076 2188 2130 saculum
2219 2077 2414 2131 steculi.
2445 2077 2544 2145 Qui
2569 2078 2719 2133 dedit
2764 2079 3043 2145 mandata,
3074 2090 3130 2136 et
3157 2081 3307 2136 dedit
3338 2097 3464 2151 pro-

1871 2169 2066 2234 missa;
2097 2185 2216 2240 qua:
2240 2170 2470 2226 fideliter
2498 2173 2747 2226 retribuit
2769 2173 3090 2228 confirmata
3109 2175 3158 2228 in
3176 2184 3466 2244 internum,

1869 2274 1969 2315 nec
2009 2275 2261 2331 umquam
2293 2260 2591 2316 defectura.
2642 2261 2809 2317 Facta
2838 2264 2892 2318 in
2923 2265 3134 2320 veritate
3170 2275 3216 2320 et
3237 2267 3463 2338 judicio.

1874 2351 2460 2419 llocestenimverum,
2487 2363 2541 2408 et
2565 2353 2772 2424 justum
2801 2365 2922 2423 ¢,ut
2953 2356 3040 2411 hic
3068 2357 3365 2427 laboretur,
3392 2359 3470 2416 ibi

1870 2444 2262 2514 requiescatur.

1943 2536 2134 2608 (Vera.
2170 2538 2259 2611 9.)
2300 2541 2721 2610 Redemptionem
2756 2545 2894 2598 misit
2929 2547 3120 2616 populo
3162 2563 3276 2600 suo.
3309 2546 3470 2603 Cives

1871 2641 1921 2684 et
1950 2631 2193 2686 haeredes
2224 2634 2465 2688 cmlestis
2495 2633 2823 2700 Jerusalem,
2866 2637 2934 2690 ab
2966 2635 3127 2706 hujus
3159 2640 3470 2708 peregrina-

1872 2722 2034 2777 tionis
2075 2724 2392 2794 captivitate
2442 2727 2799 2782 redimuntur.
2826 2726 3097 2782 Handavit
3141 2731 3194 2783 in
3221 2739 3470 2784 a-ternum

1876 2824 2225 2870 testamentum
2249 2818 2823 2875 suum.'l‘estamentum
2838 2835 3018 2887 suum,
3041 2823 3225 2892 utique
3246 2839 3468 2891 novum,

1876 2908 2017 2976 quod
2036 2918 2293 2964 aeternum
2311 2910 2575 2979 promisit,
2597 2927 2703 2966 non
2721 2913 2852 2966 illud
2866 2923 3040 2977 vetus,
3058 2913 3212 2984 cujus
3229 2915 3474 2970 transito-

1878 2999 1972 3054 ria:
2002 3001 2390 3071 promissinues
2419 3003 2652 3060 fuerunt.
2687 3005 2935 3060 Sanctum
2964 3015 3010 3061 et
3041 3008 3263 3062 terribile
3291 3024 3473 3062 nomen

1879 3094 2010 3163 ejus.
2046 3093 2319 3162 Sapientia
2343 3111 2466 3151 vera
2491 3107 2572 3151 est
2588 3112 2747 3152 nosse
2763 3097 3053 3168 etdiligere
3065 3098 3256 3154 Deum.
3275 3099 3381 3156 Sed
3404 3099 3470 3154 ad

196 3181 426 3253 impium,
451 3186 566 3240 sive
586 3197 775 3256 arguat
800 3188 1032 3259 pigrum,
1059 3190 1179 3246 sive
1202 3202 1483 3260 exspectet
1503 3209 1774 3263 aversum,
1804 3182 1850 3245 C
1884 3182 2025 3239 hunc
2068 3185 2290 3255 gradum
2342 3187 2408 3242 de
2464 3189 2656 3244 timore
2702 3191 3087 3246 conscenditur
3117 3209 3130 3245 :
3163 3192 3286 3262 quia
3335 3193 3475 3247 sicut

196 3289 282 3331 seu
301 3275 517 3333 deserat
541 3280 898 3350 puniendum,
926 3297 1142 3353 semper
1171 3285 1483 3343 misericors
1505 3297 1606 3357 est,
1635 3304 1777 3344 sem-

196 3383 285 3436 per
307 3370 509 3439 justus,
542 3387 762 3444 semper
789 3375 1155 3445 omnipotens.

260 3463 456 3537 (Vere.
487 3465 589 3536 ὅ.)
627 3466 892 3538 Confessio
936 3478 984 3523 et
1028 3472 1411 3543 magniﬁcentia
1453 3491 1580 3546 opus
1630 3479 1781 3548 ejus;

196 3566 236 3608 et
249 3558 455 3628 justitia
485 3558 596 3628 ejus
617 3570 786 3616 manet
809 3561 863 3614 in
883 3561 1130 3616 steculum
1158 3564 1359 3620 seculi.
1387 3565 1780 3635 Magniﬁcentia

197 3646 399 3706 Domini
426 3651 576 3706 circa
610 3668 709 3708 nos
739 3653 792 3709 in
821 3669 888 3710 eo
915 3665 1140 3726 apparet
1187 3657 1329 3727 quod
1373 3659 1535 3714 nullis
1578 3676 1783 3731 praece-

198 3740 434 3798 dentibus
464 3744 678 3799 meritis
707 3744 1059 3802 confitentem
1097 3746 1364 3817 justilicat
1390 3761 1734 3820 peccatorem
1767 3772 1779 3807 :

199 3840 248 3886 ut
289 3835 375 3890 ubi
433 3835 739 3892 abundavit
788 3848 1105 3909 peccatum,
1157 3842 1561 3910 superabundet
1609 3847 1782 3914 gratia

198 3925 378 3996 (Rom.
420 3944 484 3998 ν,
531 3929 674 4000 20),
708 3945 806 4000 per
849 3947 1010 4002 quam
1060 3932 1291 3989 excitata
1322 3945 1406 3990 est
1453 3937 1613 3991 etiam
1668 3941 1782 4008 ipsa

197 4020 454 4078 confessio
489 4039 503 4076 :
536 4032 596 4078 ut
625 4039 786 4079 nemo
815 4025 868 4078 in
898 4039 958 4079 se
989 4026 1304 4093 extollatur,
1335 4028 1430 4083 sed
1462 4029 1552 4098 qui
1583 4029 1785 4099 gloria~

198 4122 292 4181 tur,
323 4115 375 4170 iu
406 4115 653 4170 Domino
678 4115 941 4186 glorietur
968 4116 1021 4190 (Ι
1047 4117 1167 4173 Cor.
1201 4135 1241 4186 ι,
1269 4119 1395 4189 '51).
1427 4119 1559 4187 Quia
1584 4129 1640 4176 et
1657 4136 1787 4176 con-

197 4203 347 4261 fessio
397 4208 734 4276 peccatoris,
787 4217 840 4263 ct
888 4209 1283 4280 magnificentia
1333 4210 1782 4282 justiﬁcationis,

197 4313 320 4367 opus
343 4297 574 4355 Domini
594 4310 702 4366 est;
731 4301 873 4369 apud
898 4317 1056 4371 quem
1085 4303 1340 4373 iniquitas
1361 4320 1468 4358 non
1497 4316 1601 4371 est,
1625 4308 1784 4361 etiam

198 4393 236 4444 si
268 4407 364 4449 nos
388 4393 602 4463 judicia
645 4395 760 4463 ejus
792 4411 898 4449 non
942 4395 1460 4467 comprehendimus
1489 4396 1674 4470 (Rom.
1703 4415 1785 4464 Ix,

201 4484 320 4554 l8);
351 4486 619 4557 quoniam
650 4487 862 4559 justitia
889 4488 1001 4559 ejus
1033 4498 1203 4542 manet
1231 4489 1284 4542 in
1310 4491 1559 4544 steculum
1589 4493 1784 4546 steculi.

1879 3275 2232 3333 desideranda
2253 3289 2378 3336 sunt
2401 3280 2518 3350 ejus
2547 3297 2793 3348 munera,
2829 3285 2906 3338 sic
2943 3285 3229 3339 metuenda
3253 3285 3474 3354 judicia.

1954 3368 2142 3439 (Vers.
2177 3371 2299 3441 10.)
2338 3370 2552 3426 Initium
2579 3375 2845 3444 sapientia
2870 3376 3022 3430 timor
3044 3374 3274 3430 Domini.
3311 3376 3474 3432 Intel-

1882 3463 2040 3516 lectus
2067 3464 2227 3518 bonus
2258 3463 2489 3518 omnibus
2517 3465 2821 3534 facientibus
2844 3483 2980 3520 eum.
3010 3465 3060 3521 ις
3092 3467 3288 3521 bonum
3319 3469 3481 3523 habet

1883 3554 2241 3621 intellectum,
2275 3558 2365 3626 qui
2400 3558 2538 3626 quod
2574 3557 2874 3612 faciendum
2906 3569 3053 3613 recte
3085 3558 3369 3628 intelligit,
3401 3559 3481 3613 fa-

1883 3646 1990 3701 cit:
2017 3647 2140 3717 quia
2160 3647 2286 3702 talis
2307 3656 2393 3702 est
2418 3650 2534 3702 sine
2558 3664 2727 3717 Opere
2759 3649 3132 3718 intelligentia,
3165 3650 3342 3719 qualis
3363 3651 3480 3706 sine

1886 3742 2079 3796 timore
2109 3742 2370 3812 sapientia
2403 3741 2584 3812 (Sent.
2620 3741 2740 3812 15).
2772 3741 3028 3795 Laudatio
3069 3744 3182 3813 ejus
3220 3753 3388 3796 manet
3419 3745 3474 3798 in

1883 3834 2128 3887 swrnlum
2158 3834 2357 3890 saeculi.
2406 3834 2574 3888 Nemo
2605 3849 2735 3904 ergo
2771 3836 3066 3905 quidquam
3109 3852 3219 3890 suae
3246 3837 3476 3903 justitize

1886 3924 1914 3964 ἀ
1944 3927 2208 3995 ascribat,
2243 3943 2401 3983 nemo
2444 3927 2510 3983 de
2539 3928 2652 3984 suis
2681 3931 2830 3998 quasi
2867 3929 3105 3999 pr0priis
3133 3930 3345 3984 meritis
3388 3945 3482 3985 ex-

1886 4020 2127 4084 sultabit,
2157 4019 2251 4075 sed
2278 4021 2326 4074 in
2353 4019 2449 4075 Dei
2472 4019 2680 4075 laudem
2707 4030 2764 4074 et
2787 4019 3035 4090 gloriam,
3066 4022 3244 4076 omnis
3273 4029 3486 4077 sancto-

1887 4129 2006 4168 rum
2038 4112 2315 4168 beatitudo
2343 4114 2394 4168 in
2421 4122 2683 4168 aeternum
2717 4113 2972 4168 refertur.

2443 4204 2764 4261 I‘SALMUS
2801 4203 2938 4260 CXI.

2524 4315 2852 4354 IALLBLUIL.

1963 4393 2176 4448 Titulus
2202 4393 2395 4462 psalmi
2429 4401 2533 4454 est.
2570 4391 2892 4446 Reversionis
2923 4391 3099 4462 Aggari
3123 4401 3169 4445 et
3193 4391 3484 4458 Zacharire,

1892 4488 1982 4556 qui
2016 4496 2136 4556 post
2179 4485 2517 4542 eversionem
2551 4484 2734 4552 templi
2765 4485 3093 4551 Jerusalem,
3145 4493 3199 4539 ct
3241 4486 3488 4541 transmi-

263 4576 454 4649 (Vers.
493 4575 657 4644 4-6.)
700 4575 1003 4631 Memoriam
1052 4579 1169 4649 fecit
1218 4578 1536 4633 mirabilium
1580 4598 1789 4636 suorum
1818 4561 1872 4623 D
1897 4582 2203 4652 grationem
2237 4578 2291 4632 in
2319 4576 2690 4648 Babyloniam,
2732 4575 3015 4645 completis
3055 4577 3156 4630 sub
3198 4577 3360 4633 Dario
3403 4594 3491 4634 se-

199 4672 474 4728 misericors
492 4682 541 4727 et
560 4673 831 4726 miserator
846 4671 1130 4726 Dominus:
1147 4689 1313 4726 escam
1333 4674 1474 4728 dedit
1497 4675 1789 4731 timentibus

198 4779 262 4815 se.
293 4763 347 4818 ln
378 4765 533 4818 omni
564 4762 786 4834 quidem
831 4773 1081 4819 creatura
1123 4764 1218 4819 Dei
1265 4765 1535 4820 mirabilia
1582 4767 1698 4836 ejus
1737 4777 1792 4824 et

197 4859 500 4926 quotidiana
532 4868 592 4914 et
619 4873 812 4929 magna
843 4867 1001 4924 sunt;
1049 4858 1144 4914 sed
1175 4859 1300 4930 quia
1336 4875 1526 4930 parum
1560 4877 1622 4917 ea
1662 4877 1793 4918 con-

197 4953 418 5007 sinetudo
450 4954 711 5023 miratur,
745 4951 990 5022 quzedam
1023 4952 1288 5007 Dominus
1331 4953 1483 5024 signa
1514 4965 1570 5011 et
1602 4957 1790 5025 prodi-

195 5048 272 5114 g'a
320 5051 492 5103 certis
525 5047 859 5116 temporibus.
910 5045 1202 5116 promenda
1251 5044 1539 5117 disposuit,
1591 5057 1649 5102 ut
1699 5064 1794 5119 per

263 5258 286 5286 ⁸
325 5249 604 5315 Subaudi,
650 5247 809 5312 Deus,
860 5258 917 5322 ut
957 5250 1010 5304 in
1057 5249 1315 5322 August.,
1365 5261 1638 5322 propterea
1685 5267 1801 5307 eum

203 5318 332 5374 Deus
361 5321 613 5375 exultavit
643 5337 672 5373 a
697 5321 933 5386 mortuis,
966 5329 1072 5377 etc.

266 5391 292 5430 δ
334 5392 441 5446 Vix
479 5393 791 5445 dubitamus
837 5393 1010 5445 locum
1045 5393 1188 5448 hunc
1229 5394 1519 5463 Prosperi,
1551 5411 1615 5450 ex
1652 5396 1802 5449 vocis

201 5465 355 5519 unius
385 5463 793 5535 permutatione
813 5474 867 5517 ct
890 5465 1027 5518 mala
1058 5466 1513 5535 interpunctionc,
1544 5467 1800 5535 quidquid

200 5535 555 5590 obscuritatis
587 5535 749 5588 habet
780 5533 1048 5591 hausisse.
1082 5533 1268 5605 Igitur,
1301 5553 1424 5590 cum
1451 5539 1579 5592 editi
1615 5533 1802 5593 omnes

200 5605 249 5658 iu
282 5607 427 5660 idem
457 5613 825 5669 consentiant,
850 5621 954 5661 nec
972 5609 1042 5661 sit
1067 5607 1219 5673 c0pia
1253 5608 1416 5663 ullius
1442 5625 1543 5662 ms.
1575 5609 1800 5675 codicis,

200 5691 302 5731 non
349 5678 685 5731 mutavimus
715 5677 963 5744 quidem.
1011 5679 1105 5733 sed
1148 5681 1464 5748 conjicimus
1511 5680 1799 5745 legendum

199 5761 339 5813 esse,
368 5764 500 5803 cum
533 5751 724 5814 exigua
758 5751 1076 5815 mutatione,
1106 5749 1226 5804 Hoc
1253 5762 1345 5815 est,
1374 5762 1429 5804 ut
1449 5754 1633 5805 veritas
1658 5752 1800 5815 indi-

198 5820 436 5894 ciumque
467 5830 722 5888 servetur,
770 5835 950 5874 manus
995 5825 1105 5896 ejus
1146 5831 1430 5894 operatur:
1461 5825 1554 5877 hoc
1602 5834 1700 5890 est,
1751 5833 1802 5878 ut

1903 4670 2180 4741 ptuaginta
2211 4667 2537 4739 captivitatis
2568 4669 2746 4732 annis,
2777 4668 3102 4738 prophetare
3132 4681 3493 4739 cmperuntea

1898 4781 2018 4836 quae
2065 4764 2132 4818 ad
2178 4762 2568 4818 relaxationem
2613 4761 2947 4832 captivitatis
2995 4773 3049 4817 et
3093 4765 3492 4832 reparationem

1898 4859 2086 4930 templi
2117 4857 2474 4927 pertinerent.
2506 4854 2613 4909 Sed
2645 4855 2767 4925 quia
2808 4870 2930 4926 qua:
2969 4856 3325 4922 corporaliter
3368 4863 3495 4909 tunc

1898 4953 2249 5023 gerebantur,
2279 4963 2458 5003 rerum
2510 4947 2810 5003 futurarum
2857 4947 3052 5003 indicia
3099 4946 3490 5016 praeferebant,

1902 5061 1997 5118 per
2027 5045 2175 5100 illam
2201 5040 2526 5112 captivitatis
2557 5041 2956 5107 remissionem,
2982 5048 3039 5095 et
3061 5039 3246 5108 templi
3277 5037 3496 5093 restitu-

1903 5267 2005 5306 non
2030 5260 2230 5323 separet
2256 5267 2287 5303 a
2317 5248 2544 5323 Christo,
2569 5259 2675 5323 etc.

1978 5331 2000 5360 ε
2045 5316 2422 5393 Lugdunensis
2462 5316 2629 5393 editio
2668 5318 2819 5374 addit
2846 5316 3067 5393 verbum
3095 5316 3492 5375 substantivum

1903 5406 1999 5458 est,
2033 5389 2151 5462 quo
2171 5401 2362 5448 carent
2390 5392 2546 5455 Lov.,
2573 5392 2764 5457 Duac.,
2791 5398 2847 5444 et
2872 5389 3058 5462 Colon.

1976 5464 2003 5504 ά
2044 5459 2234 5522 Melius
2267 5465 2409 5519 forte
2443 5459 2999 5533 legeretur,asc_ribet,
3031 5459 3165 5533 etin
3197 5459 3323 5526 fine,
3354 5464 3494 5533 refe-

1903 5548 2068 5605 retur,
2100 5545 2320 5607 propter
2344 5531 2585 5607 ftttururu
2606 5531 2902 5607 exsultabit,
2930 5531 3068 5607 inter
3089 5532 3205 5607 hinc
3232 5531 3492 5599 medium;

1903 5621 1958 5664 et
1977 5604 2185 5680 quia—de
2205 5609 2388 5662 futuro
2413 5615 2550 5680 s_tat_u
2576 5605 2854 5680 beatorum
2869 5604 3024 5680 loqui
3048 5605 3260 5680 videtur
3280 5615 3496 5658 sanctus

1910 5672 2114 5743 noster.
2147 5682 2198 5734 in
2231 5695 2341 5748 quo
2370 5677 2469 5729 soli
2507 5677 2614 5728 Deo
2644 5674 2710 5725 ab
2736 5672 2992 5729 omnibus
3022 5677 3223 5731 sanctis
3249 5677 3420 5731 honor
3441 5686 3498 5733 et

1909 5755 2079 5824 gloria
2116 5754 2166 5807 in
2200 5763 2463 5806 :c‘ternum
2495 5749 2781 5802 referetur.
