  <div class='ocr_page' id='page_1' title='image "/cluster/home/n/w/nwhite01/storage/ocr_20150623/51/hvd.32044015471568/167.png"; bbox 0 0 4028 6352; ppageno 0'>
   <div class='ocr_carea' id='block_1_1' title="bbox 597 263 3836 338">
    <p class='ocr_par' dir='ltr' id='par_1_1' title="bbox 597 263 3836 338">
     <span class='ocr_line' id='line_1_1' title="bbox 597 263 3836 338; baseline 0.006 -24"><span class='ocrx_word' id='word_1_1' title='bbox 597 263 700 326; x_wconf 67' lang='lat'><strong>523</strong></span> <span class='ocrx_word' id='word_1_2' title='bbox 1834 264 1892 322; x_wconf 88' lang='lat' dir='ltr'><strong>S.</strong></span> <span class='ocrx_word' id='word_1_3' title='bbox 1935 263 2273 324; x_wconf 78' lang='lat' dir='ltr'><strong>PROSPERI</strong></span> <span class='ocrx_word' id='word_1_4' title='bbox 2313 269 2642 338; x_wconf 79' lang='lat' dir='ltr'><strong>AQUITANI</strong></span> <span class='ocrx_word' id='word_1_5' title='bbox 3747 275 3836 334; x_wconf 63' lang='grc' dir='ltr'>ω</span> 
     </span>
    </p>
   </div>
   <div class='ocr_carea' id='block_1_2' title="bbox 599 379 3839 460">
    <p class='ocr_par' dir='ltr' id='par_1_2' title="bbox 599 379 3839 460">
     <span class='ocr_line' id='line_1_2' title="bbox 599 379 3839 460; baseline 0.003 -22"><span class='ocrx_word' id='word_1_6' title='bbox 599 385 822 450; x_wconf 83' lang='lat' dir='ltr'><strong>tionem,</strong></span> <span class='ocrx_word' id='word_1_7' title='bbox 851 383 1166 452; x_wconf 66' lang='lat' dir='ltr'><strong>spiritaliter</strong></span> <span class='ocrx_word' id='word_1_8' title='bbox 1185 381 1514 452; x_wconf 66' lang='lat' dir='ltr'><strong>ﬁgurabatur</strong></span> <span class='ocrx_word' id='word_1_9' title='bbox 1540 379 1746 440; x_wconf 76' lang='lat' dir='ltr'><strong>fabrica</strong></span> <span class='ocrx_word' id='word_1_10' title='bbox 1772 381 1940 451; x_wconf 78' lang='lat' dir='ltr'><strong>ipsius</strong></span> <span class='ocrx_word' id='word_1_11' title='bbox 1971 382 2177 452; x_wconf 87' lang='lat' dir='ltr'><strong>templi,</strong></span> <span class='ocrx_word' id='word_1_12' title='bbox 2205 389 2262 447; x_wconf 73' lang='grc' dir='ltr'><strong>Α</strong></span> <span class='ocrx_word' id='word_1_13' title='bbox 2354 385 2534 458; x_wconf 82' lang='lat' dir='ltr'><strong>(Vers.</strong></span> <span class='ocrx_word' id='word_1_14' title='bbox 2561 383 2640 456; x_wconf 87' lang='lat'><strong>7.)</strong></span> <span class='ocrx_word' id='word_1_15' title='bbox 2670 382 2738 439; x_wconf 82' lang='lat' dir='ltr'><strong>In</strong></span> <span class='ocrx_word' id='word_1_16' title='bbox 2759 387 3002 440; x_wconf 79' lang='lat' dir='ltr'><strong>memoria</strong></span> <span class='ocrx_word' id='word_1_17' title='bbox 3031 395 3222 441; x_wconf 73' lang='lat' dir='ltr'><strong>eterna</strong></span> <span class='ocrx_word' id='word_1_18' title='bbox 3255 388 3350 442; x_wconf 82' lang='lat' dir='ltr'><strong>erit</strong></span> <span class='ocrx_word' id='word_1_19' title='bbox 3362 390 3562 460; x_wconf 78' lang='lat' dir='ltr'><strong>justus,</strong></span> <span class='ocrx_word' id='word_1_20' title='bbox 3591 389 3654 443; x_wconf 87' lang='lat' dir='ltr'><strong>ab</strong></span> <span class='ocrx_word' id='word_1_21' title='bbox 3680 394 3839 450; x_wconf 77' lang='lat' dir='ltr'><strong>auditu</strong></span> 
     </span>
    </p>
   </div>
   <div class='ocr_carea' id='block_1_3' title="bbox 600 474 3838 550">
    <p class='ocr_par' dir='ltr' id='par_1_3' title="bbox 600 474 3838 550">
     <span class='ocr_line' id='line_1_3' title="bbox 600 474 3838 550; baseline 0.004 -20"><span class='ocrx_word' id='word_1_22' title='bbox 600 477 754 548; x_wconf 82' lang='lat' dir='ltr'><strong>cujus</strong></span> <span class='ocrx_word' id='word_1_23' title='bbox 781 476 1026 534; x_wconf 74' lang='lat' dir='ltr'><strong>Christus</strong></span> <span class='ocrx_word' id='word_1_24' title='bbox 1054 486 1137 530; x_wconf 89' lang='lat' dir='ltr'><strong>est</strong></span> <span class='ocrx_word' id='word_1_25' title='bbox 1159 474 1588 540; x_wconf 66' lang='lat' dir='ltr'><strong>fundamentum,</strong></span> <span class='ocrx_word' id='word_1_26' title='bbox 1609 475 1661 528; x_wconf 91' lang='lat' dir='ltr'><strong>in</strong></span> <span class='ocrx_word' id='word_1_27' title='bbox 1691 490 1799 544; x_wconf 84' lang='lat' dir='ltr'><strong>quo</strong></span> <span class='ocrx_word' id='word_1_28' title='bbox 1825 475 1986 528; x_wconf 86' lang='lat' dir='ltr'><strong>etiam</strong></span> <span class='ocrx_word' id='word_1_29' title='bbox 2017 489 2182 543; x_wconf 77' lang='lat' dir='ltr'><strong>angu-</strong></span> <span class='ocrx_word' id='word_1_30' title='bbox 2282 480 2420 533; x_wconf 82' lang='lat' dir='ltr'><strong>malo</strong></span> <span class='ocrx_word' id='word_1_31' title='bbox 2443 496 2544 532; x_wconf 83' lang='lat' dir='ltr'><strong>non</strong></span> <span class='ocrx_word' id='word_1_32' title='bbox 2586 481 2797 533; x_wconf 90' lang='lat' dir='ltr'><strong>timebit.</strong></span> <span class='ocrx_word' id='word_1_33' title='bbox 2847 479 2964 534; x_wconf 85' lang='lat' dir='ltr'><strong>Non</strong></span> <span class='ocrx_word' id='word_1_34' title='bbox 3010 480 3217 534; x_wconf 81' lang='lat' dir='ltr'><strong>timebit</strong></span> <span class='ocrx_word' id='word_1_35' title='bbox 3247 481 3432 536; x_wconf 83' lang='lat' dir='ltr'><strong>audire</strong></span> <span class='ocrx_word' id='word_1_36' title='bbox 3481 484 3623 550; x_wconf 89' lang='lat' dir='ltr'><strong>quod</strong></span> <span class='ocrx_word' id='word_1_37' title='bbox 3668 485 3838 542; x_wconf 86' lang='lat' dir='ltr'><strong>dicitur</strong></span> 
     </span>
    </p>
   </div>
   <div class='ocr_carea' id='block_1_4' title="bbox 600 568 3839 647">
    <p class='ocr_par' dir='ltr' id='par_1_4' title="bbox 600 568 3839 647">
     <span class='ocr_line' id='line_1_4' title="bbox 600 568 3839 647; baseline 0.002 -21"><span class='ocrx_word' id='word_1_38' title='bbox 600 571 704 626; x_wconf 68' lang='lat' dir='ltr'><strong>lari</strong></span> <span class='ocrx_word' id='word_1_39' title='bbox 733 571 931 640; x_wconf 83' lang='lat' dir='ltr'><strong>lapide,</strong></span> <span class='ocrx_word' id='word_1_40' title='bbox 959 570 1094 624; x_wconf 79' lang='lat' dir='ltr'><strong>vivis</strong></span> <span class='ocrx_word' id='word_1_41' title='bbox 1123 569 1392 639; x_wconf 76' lang='lat' dir='ltr'><strong>lapidibus</strong></span> <span class='ocrx_word' id='word_1_42' title='bbox 1429 568 1723 638; x_wconf 74' lang='lat' dir='ltr'><strong>cooptatio,</strong></span> <span class='ocrx_word' id='word_1_43' title='bbox 1765 569 2007 622; x_wconf 61' lang='lat' dir='ltr'><strong>caelestis</strong></span> <span class='ocrx_word' id='word_1_44' title='bbox 2051 568 2179 622; x_wconf 73' lang='lat' dir='ltr'><strong>tedi-</strong></span> <span class='ocrx_word' id='word_1_45' title='bbox 2285 573 2547 640; x_wconf 72' lang='lat' dir='ltr'><strong>sinistris,</strong></span> <span class='ocrx_word' id='word_1_46' title='bbox 2584 571 2667 626; x_wconf 86' lang='lat' dir='ltr'><strong>Ite</strong></span> <span class='ocrx_word' id='word_1_47' title='bbox 2710 575 2764 627; x_wconf 86' lang='lat' dir='ltr'><strong>in</strong></span> <span class='ocrx_word' id='word_1_48' title='bbox 2804 575 2973 643; x_wconf 83' lang='lat' dir='ltr'><strong>ignem</strong></span> <span class='ocrx_word' id='word_1_49' title='bbox 3029 583 3276 628; x_wconf 65' lang='lat' dir='ltr'><strong>«sternunt</strong></span> <span class='ocrx_word' id='word_1_50' title='bbox 3319 575 3404 647; x_wconf 74' lang='lat' dir='ltr'><strong>qui</strong></span> <span class='ocrx_word' id='word_1_51' title='bbox 3441 585 3753 646; x_wconf 65' lang='lat' dir='ltr'><strong>preparatus</strong></span> <span class='ocrx_word' id='word_1_52' title='bbox 3780 589 3839 633; x_wconf 82' lang='lat' dir='ltr'><strong>est</strong></span> 
     </span>
    </p>
   </div>
   <div class='ocr_carea' id='block_1_5' title="bbox 600 661 3841 738">
    <p class='ocr_par' dir='ltr' id='par_1_5' title="bbox 600 661 3841 738">
     <span class='ocr_line' id='line_1_5' title="bbox 600 661 3841 738; baseline 0.002 -18"><span class='ocrx_word' id='word_1_53' title='bbox 600 665 706 720; x_wconf 76' lang='lat' dir='ltr'><strong>ﬁcii</strong></span> <span class='ocrx_word' id='word_1_54' title='bbox 745 671 1019 718; x_wconf 78' lang='lat' dir='ltr'><strong>structura</strong></span> <span class='ocrx_word' id='word_1_55' title='bbox 1067 661 1366 732; x_wconf 70' lang='lat' dir='ltr'><strong>consurgit,</strong></span> <span class='ocrx_word' id='word_1_56' title='bbox 1409 673 1468 716; x_wconf 81' lang='lat' dir='ltr'><strong>ut</strong></span> <span class='ocrx_word' id='word_1_57' title='bbox 1505 677 1572 717; x_wconf 78' lang='lat' dir='ltr'><strong>ex</strong></span> <span class='ocrx_word' id='word_1_58' title='bbox 1612 663 1772 716; x_wconf 84' lang='lat' dir='ltr'><strong>ruina</strong></span> <span class='ocrx_word' id='word_1_59' title='bbox 1804 673 2017 728; x_wconf 79' lang='lat' dir='ltr'><strong>vetere,</strong></span> <span class='ocrx_word' id='word_1_60' title='bbox 2065 677 2184 730; x_wconf 69' lang='lat' dir='ltr'><strong>quas</strong></span> <span class='ocrx_word' id='word_1_61' title='bbox 2285 665 2490 718; x_wconf 75' lang='lat' dir='ltr'><strong>diabolo</strong></span> <span class='ocrx_word' id='word_1_62' title='bbox 2512 676 2557 718; x_wconf 85' lang='lat' dir='ltr'><strong>et</strong></span> <span class='ocrx_word' id='word_1_63' title='bbox 2602 667 2796 737; x_wconf 84' lang='lat' dir='ltr'><strong>angelis</strong></span> <span class='ocrx_word' id='word_1_64' title='bbox 2819 667 2930 732; x_wconf 83' lang='lat' dir='ltr'><strong>ejus</strong></span> <span class='ocrx_word' id='word_1_65' title='bbox 2954 665 3173 738; x_wconf 77' lang='lat' dir='ltr'><strong>(Matth.</strong></span> <span class='ocrx_word' id='word_1_66' title='bbox 3205 683 3335 733; x_wconf 78' lang='lat' dir='ltr'><strong>xxv,</strong></span> <span class='ocrx_word' id='word_1_67' title='bbox 3359 666 3474 737; x_wconf 76' lang='grc' dir='ltr'><strong>Η).</strong></span> <span class='ocrx_word' id='word_1_68' title='bbox 3512 667 3752 724; x_wconf 79' lang='lat' dir='ltr'><strong>Paratum</strong></span> <span class='ocrx_word' id='word_1_69' title='bbox 3780 684 3841 727; x_wconf 81' lang='lat' dir='ltr'><strong>ett</strong></span> 
     </span>
    </p>
   </div>
   <div class='ocr_carea' id='block_1_6' title="bbox 599 755 3836 829">
    <p class='ocr_par' dir='ltr' id='par_1_6' title="bbox 599 755 3836 829">
     <span class='ocr_line' id='line_1_6' title="bbox 599 755 3836 829; baseline 0.002 -19"><span class='ocrx_word' id='word_1_70' title='bbox 599 755 738 810; x_wconf 82' lang='lat' dir='ltr'><strong>laeta</strong></span> <span class='ocrx_word' id='word_1_71' title='bbox 767 767 852 810; x_wconf 83' lang='lat' dir='ltr'><strong>est</strong></span> <span class='ocrx_word' id='word_1_72' title='bbox 879 756 934 810; x_wconf 88' lang='lat' dir='ltr'><strong>in</strong></span> <span class='ocrx_word' id='word_1_73' title='bbox 966 755 1154 822; x_wconf 81' lang='lat' dir='ltr'><strong>Adam,</strong></span> <span class='ocrx_word' id='word_1_74' title='bbox 1187 771 1381 808; x_wconf 81' lang='lat' dir='ltr'><strong>novum</strong></span> <span class='ocrx_word' id='word_1_75' title='bbox 1409 755 1504 810; x_wconf 86' lang='lat' dir='ltr'><strong>Dei</strong></span> <span class='ocrx_word' id='word_1_76' title='bbox 1529 757 1788 824; x_wconf 75' lang='lat' dir='ltr'><strong>templum</strong></span> <span class='ocrx_word' id='word_1_77' title='bbox 1816 770 1939 811; x_wconf 91' lang='lat' dir='ltr'><strong>cum</strong></span> <span class='ocrx_word' id='word_1_78' title='bbox 1968 768 2187 824; x_wconf 77' lang='lat' dir='ltr'><strong>repara-</strong></span> <span class='ocrx_word' id='word_1_79' title='bbox 2289 772 2379 810; x_wconf 87' lang='lat' dir='ltr'><strong>cor</strong></span> <span class='ocrx_word' id='word_1_80' title='bbox 2410 757 2524 828; x_wconf 87' lang='lat' dir='ltr'><strong>ejus</strong></span> <span class='ocrx_word' id='word_1_81' title='bbox 2556 773 2761 827; x_wconf 84' lang='lat' dir='ltr'><strong>sperare</strong></span> <span class='ocrx_word' id='word_1_82' title='bbox 2789 759 2842 810; x_wconf 85' lang='lat' dir='ltr'><strong>in</strong></span> <span class='ocrx_word' id='word_1_83' title='bbox 2869 757 3109 814; x_wconf 75' lang='lat' dir='ltr'><strong>Domino.</strong></span> <span class='ocrx_word' id='word_1_84' title='bbox 3143 758 3278 824; x_wconf 83' lang='lat' dir='ltr'><strong>Quia</strong></span> <span class='ocrx_word' id='word_1_85' title='bbox 3310 773 3416 812; x_wconf 89' lang='lat' dir='ltr'><strong>non</strong></span> <span class='ocrx_word' id='word_1_86' title='bbox 3465 772 3561 813; x_wconf 84' lang='lat' dir='ltr'><strong>sus</strong></span> <span class='ocrx_word' id='word_1_87' title='bbox 3600 762 3836 829; x_wconf 67' lang='lat' dir='ltr'><strong>quaesivit,</strong></span> 
     </span>
    </p>
   </div>
   <div class='ocr_carea' id='block_1_7' title="bbox 600 847 3839 924">
    <p class='ocr_par' dir='ltr' id='par_1_7' title="bbox 600 847 3839 924">
     <span class='ocr_line' id='line_1_7' title="bbox 600 847 3839 924; baseline 0.002 -20"><span class='ocrx_word' id='word_1_88' title='bbox 600 852 748 904; x_wconf 89' lang='lat' dir='ltr'><strong>tione</strong></span> <span class='ocrx_word' id='word_1_89' title='bbox 795 850 1036 904; x_wconf 85' lang='lat' dir='ltr'><strong>omnium</strong></span> <span class='ocrx_word' id='word_1_90' title='bbox 1080 849 1239 920; x_wconf 63' lang='grc'><strong>421</strong></span> <span class='ocrx_word' id='word_1_91' title='bbox 1289 850 1531 918; x_wconf 69' lang='lat' dir='ltr'><strong>gentium</strong></span> <span class='ocrx_word' id='word_1_92' title='bbox 1578 848 1926 904; x_wconf 80' lang='lat' dir='ltr'><strong>reformetur.</strong></span> <span class='ocrx_word' id='word_1_93' title='bbox 1973 847 2054 901; x_wconf 82' lang='lat' dir='ltr'><strong>Ad</strong></span> <span class='ocrx_word' id='word_1_94' title='bbox 2086 847 2187 901; x_wconf 85' lang='lat' dir='ltr'><strong>hoc</strong></span> <span class='ocrx_word' id='word_1_95' title='bbox 2288 848 2384 904; x_wconf 89' lang='lat' dir='ltr'><strong>sed</strong></span> <span class='ocrx_word' id='word_1_96' title='bbox 2433 863 2553 918; x_wconf 66' lang='lat' dir='ltr'><strong>quas</strong></span> <span class='ocrx_word' id='word_1_97' title='bbox 2578 847 2710 903; x_wconf 84' lang='lat' dir='ltr'><strong>Jesu</strong></span> <span class='ocrx_word' id='word_1_98' title='bbox 2736 849 2932 904; x_wconf 81' lang='lat' dir='ltr'><strong>Christi</strong></span> <span class='ocrx_word' id='word_1_99' title='bbox 2967 848 3191 921; x_wconf 77' lang='lat' dir='ltr'><strong>(Philip.</strong></span> <span class='ocrx_word' id='word_1_100' title='bbox 3240 864 3300 918; x_wconf 83' lang='grc' dir='ltr'><strong>ιι,</strong></span> <span class='ocrx_word' id='word_1_101' title='bbox 3347 850 3465 922; x_wconf 70' lang='grc'><strong>21),</strong></span> <span class='ocrx_word' id='word_1_102' title='bbox 3507 860 3565 906; x_wconf 85' lang='lat' dir='ltr'><strong>et</strong></span> <span class='ocrx_word' id='word_1_103' title='bbox 3608 857 3839 924; x_wconf 83' lang='lat' dir='ltr'><strong>promissa</strong></span> 
     </span>
    </p>
   </div>
   <div class='ocr_carea' id='block_1_8' title="bbox 601 936 3326 1022">
    <p class='ocr_par' dir='ltr' id='par_1_8' title="bbox 601 936 3326 1022">
     <span class='ocr_line' id='line_1_8' title="bbox 601 936 3326 1022; baseline 0 -26"><span class='ocrx_word' id='word_1_104' title='bbox 601 957 736 1011; x_wconf 77' lang='lat' dir='ltr'><strong>ergo.</strong></span> <span class='ocrx_word' id='word_1_105' title='bbox 758 941 1014 1010; x_wconf 83' lang='lat' dir='ltr'><strong>templum</strong></span> <span class='ocrx_word' id='word_1_106' title='bbox 1047 944 1282 1010; x_wconf 75' lang='lat' dir='ltr'><strong>pertinet</strong></span> <span class='ocrx_word' id='word_1_107' title='bbox 1311 939 1653 1010; x_wconf 82' lang='lat' dir='ltr'><strong>prophetatio</strong></span> <span class='ocrx_word' id='word_1_108' title='bbox 1682 940 1866 1009; x_wconf 76' lang='lat' dir='ltr'><strong>Aggtei</strong></span> <span class='ocrx_word' id='word_1_109' title='bbox 1897 948 1952 994; x_wconf 88' lang='lat' dir='ltr'><strong>et</strong></span> <span class='ocrx_word' id='word_1_110' title='bbox 1979 936 2185 992; x_wconf 81' lang='lat' dir='ltr'><strong>Zacha—</strong></span> <span class='ocrx_word' id='word_1_111' title='bbox 2290 941 2406 1012; x_wconf 84' lang='lat' dir='ltr'><strong>ejus</strong></span> <span class='ocrx_word' id='word_1_112' title='bbox 2437 941 2774 995; x_wconf 71' lang='lat' dir='ltr'><strong>confidenter</strong></span> <span class='ocrx_word' id='word_1_113' title='bbox 2797 953 3094 1010; x_wconf 75' lang='lat' dir='ltr'><strong>exSpectat.</strong></span> <span class='ocrx_word' id='word_1_114' title='bbox 3307 1009 3326 1022; x_wconf 38' lang='lat'><strong><em>’</em></strong></span> 
     </span>
    </p>
   </div>
   <div class='ocr_carea' id='block_1_9' title="bbox 603 1029 3839 1110">
    <p class='ocr_par' dir='ltr' id='par_1_9' title="bbox 603 1029 3839 1110">
     <span class='ocr_line' id='line_1_9' title="bbox 603 1029 3839 1110; baseline -0.002 -21"><span class='ocrx_word' id='word_1_115' title='bbox 603 1033 723 1099; x_wconf 80' lang='lat' dir='ltr'><strong>riae,</strong></span> <span class='ocrx_word' id='word_1_116' title='bbox 754 1033 844 1101; x_wconf 84' lang='lat' dir='ltr'><strong>qui</strong></span> <span class='ocrx_word' id='word_1_117' title='bbox 875 1033 931 1087; x_wconf 91' lang='lat' dir='ltr'><strong>in</strong></span> <span class='ocrx_word' id='word_1_118' title='bbox 961 1033 1150 1101; x_wconf 85' lang='lat' dir='ltr'><strong>psalmi</strong></span> <span class='ocrx_word' id='word_1_119' title='bbox 1179 1033 1332 1086; x_wconf 83' lang='lat' dir='ltr'><strong>titulo</strong></span> <span class='ocrx_word' id='word_1_120' title='bbox 1353 1030 1740 1100; x_wconf 79' lang='lat' dir='ltr'><strong>praeferuntur,</strong></span> <span class='ocrx_word' id='word_1_121' title='bbox 1764 1039 1823 1084; x_wconf 86' lang='lat' dir='ltr'><strong>ut</strong></span> <span class='ocrx_word' id='word_1_122' title='bbox 1849 1030 1942 1098; x_wconf 87' lang='lat' dir='ltr'><strong>qui</strong></span> <span class='ocrx_word' id='word_1_123' title='bbox 1973 1029 2074 1083; x_wconf 84' lang='lat' dir='ltr'><strong>hoc</strong></span> <span class='ocrx_word' id='word_1_124' title='bbox 2101 1043 2190 1082; x_wconf 79' lang='lat' dir='ltr'><strong>sa-</strong></span> <span class='ocrx_word' id='word_1_125' title='bbox 2362 1033 2536 1107; x_wconf 82' lang='lat' dir='ltr'><strong>(Vers.</strong></span> <span class='ocrx_word' id='word_1_126' title='bbox 2568 1032 2646 1105; x_wconf 91' lang='lat'><strong>8.)</strong></span> <span class='ocrx_word' id='word_1_127' title='bbox 2671 1031 3042 1103; x_wconf 82' lang='lat' dir='ltr'><strong>Conﬁrmatum</strong></span> <span class='ocrx_word' id='word_1_128' title='bbox 3081 1045 3158 1090; x_wconf 76' lang='lat' dir='ltr'><strong>est</strong></span> <span class='ocrx_word' id='word_1_129' title='bbox 3181 1050 3270 1091; x_wconf 80' lang='lat' dir='ltr'><strong>eor</strong></span> <span class='ocrx_word' id='word_1_130' title='bbox 3299 1040 3433 1110; x_wconf 82' lang='lat' dir='ltr'><strong>ejus,</strong></span> <span class='ocrx_word' id='word_1_131' title='bbox 3463 1055 3567 1092; x_wconf 81' lang='lat' dir='ltr'><strong>non</strong></span> <span class='ocrx_word' id='word_1_132' title='bbox 3597 1054 3839 1094; x_wconf 58' lang='lat' dir='ltr'><strong>commove.</strong></span> 
     </span>
    </p>
   </div>
   <div class='ocr_carea' id='block_1_10' title="bbox 603 1122 3839 1202">
    <p class='ocr_par' dir='ltr' id='par_1_10' title="bbox 603 1122 3839 1202">
     <span class='ocr_line' id='line_1_10' title="bbox 603 1122 3839 1202; baseline 0.001 -20"><span class='ocrx_word' id='word_1_133' title='bbox 603 1135 938 1182; x_wconf 74' lang='lat' dir='ltr'><strong>crumentum</strong></span> <span class='ocrx_word' id='word_1_134' title='bbox 969 1125 1237 1196; x_wconf 78' lang='lat' dir='ltr'><strong>intelligit,</strong></span> <span class='ocrx_word' id='word_1_135' title='bbox 1282 1134 1336 1180; x_wconf 89' lang='lat' dir='ltr'><strong>et</strong></span> <span class='ocrx_word' id='word_1_136' title='bbox 1381 1127 1469 1195; x_wconf 91' lang='lat' dir='ltr'><strong>qui</strong></span> <span class='ocrx_word' id='word_1_137' title='bbox 1501 1126 1647 1195; x_wconf 88' lang='lat' dir='ltr'><strong>cupit</strong></span> <span class='ocrx_word' id='word_1_138' title='bbox 1688 1124 1744 1178; x_wconf 90' lang='lat' dir='ltr'><strong>in</strong></span> <span class='ocrx_word' id='word_1_139' title='bbox 1774 1123 1933 1194; x_wconf 88' lang='lat' dir='ltr'><strong>hujus</strong></span> <span class='ocrx_word' id='word_1_140' title='bbox 1975 1122 2187 1178; x_wconf 67' lang='lat' dir='ltr'><strong>editicii</strong></span> <span class='ocrx_word' id='word_1_141' title='bbox 2289 1125 2443 1192; x_wconf 76' lang='lat' dir='ltr'><strong>bitur,</strong></span> <span class='ocrx_word' id='word_1_142' title='bbox 2476 1128 2636 1179; x_wconf 85' lang='lat' dir='ltr'><strong>donec</strong></span> <span class='ocrx_word' id='word_1_143' title='bbox 2675 1127 2842 1180; x_wconf 75' lang='lat' dir='ltr'><strong>uideat</strong></span> <span class='ocrx_word' id='word_1_144' title='bbox 2883 1141 3036 1198; x_wconf 88' lang='lat' dir='ltr'><strong>super</strong></span> <span class='ocrx_word' id='word_1_145' title='bbox 3079 1129 3317 1182; x_wconf 85' lang='lat' dir='ltr'><strong>inimicos</strong></span> <span class='ocrx_word' id='word_1_146' title='bbox 3347 1143 3488 1184; x_wconf 74' lang='lat' dir='ltr'><strong>suos.</strong></span> <span class='ocrx_word' id='word_1_147' title='bbox 3532 1127 3726 1185; x_wconf 81' lang='lat' dir='ltr'><strong>Inimici</strong></span> <span class='ocrx_word' id='word_1_148' title='bbox 3747 1131 3839 1202; x_wconf 82' lang='lat' dir='ltr'><strong>ejus</strong></span> 
     </span>
    </p>
   </div>
   <div class='ocr_carea' id='block_1_11' title="bbox 605 1215 3841 1291">
    <p class='ocr_par' dir='ltr' id='par_1_11' title="bbox 605 1215 3841 1291">
     <span class='ocr_line' id='line_1_11' title="bbox 605 1215 3841 1291; baseline -0 -14"><span class='ocrx_word' id='word_1_149' title='bbox 605 1236 864 1291; x_wconf 76' lang='lat' dir='ltr'><strong>couipage</strong></span> <span class='ocrx_word' id='word_1_150' title='bbox 904 1220 1147 1283; x_wconf 84' lang='lat' dir='ltr'><strong>solidari,</strong></span> <span class='ocrx_word' id='word_1_151' title='bbox 1190 1221 1327 1274; x_wconf 86' lang='lat' dir='ltr'><strong>sciat</strong></span> <span class='ocrx_word' id='word_1_152' title='bbox 1372 1220 1708 1275; x_wconf 84' lang='lat' dir='ltr'><strong>reversionis</strong></span> <span class='ocrx_word' id='word_1_153' title='bbox 1735 1230 1790 1274; x_wconf 85' lang='lat' dir='ltr'><strong>et</strong></span> <span class='ocrx_word' id='word_1_154' title='bbox 1818 1215 2190 1273; x_wconf 82' lang='lat' dir='ltr'><strong>renovationis</strong></span> <span class='ocrx_word' id='word_1_155' title='bbox 2293 1219 2582 1289; x_wconf 70' lang='lat' dir='ltr'><strong>praesentia</strong></span> <span class='ocrx_word' id='word_1_156' title='bbox 2615 1219 3021 1287; x_wconf 89' lang='lat' dir='ltr'><strong>concupierunt,</strong></span> <span class='ocrx_word' id='word_1_157' title='bbox 3055 1229 3109 1274; x_wconf 88' lang='lat' dir='ltr'><strong>et</strong></span> <span class='ocrx_word' id='word_1_158' title='bbox 3145 1235 3266 1274; x_wconf 87' lang='lat' dir='ltr'><strong>cum</strong></span> <span class='ocrx_word' id='word_1_159' title='bbox 3311 1221 3393 1276; x_wconf 85' lang='lat' dir='ltr'><strong>eis</strong></span> <span class='ocrx_word' id='word_1_160' title='bbox 3437 1219 3718 1274; x_wconf 81' lang='lat' dir='ltr'><strong>invisibilia</strong></span> <span class='ocrx_word' id='word_1_161' title='bbox 3743 1236 3841 1290; x_wconf 86' lang='lat' dir='ltr'><strong>pro-</strong></span> 
     </span>
    </p>
   </div>
   <div class='ocr_carea' id='block_1_12' title="bbox 604 1311 3838 1384">
    <p class='ocr_par' dir='ltr' id='par_1_12' title="bbox 604 1311 3838 1384">
     <span class='ocr_line' id='line_1_12' title="bbox 604 1311 3838 1384; baseline -0.001 -14"><span class='ocrx_word' id='word_1_162' title='bbox 604 1328 717 1370; x_wconf 81' lang='lat' dir='ltr'><strong>suae</strong></span> <span class='ocrx_word' id='word_1_163' title='bbox 747 1314 802 1367; x_wconf 91' lang='lat' dir='ltr'><strong>in</strong></span> <span class='ocrx_word' id='word_1_164' title='bbox 834 1313 1032 1366; x_wconf 84' lang='lat' dir='ltr'><strong>timore</strong></span> <span class='ocrx_word' id='word_1_165' title='bbox 1058 1311 1156 1367; x_wconf 85' lang='lat' dir='ltr'><strong>Dei</strong></span> <span class='ocrx_word' id='word_1_166' title='bbox 1183 1325 1306 1365; x_wconf 87' lang='lat' dir='ltr'><strong>esse</strong></span> <span class='ocrx_word' id='word_1_167' title='bbox 1328 1312 1672 1381; x_wconf 90' lang='lat' dir='ltr'><strong>principium.</strong></span> <span class='ocrx_word' id='word_1_168' title='bbox 2292 1312 2660 1378; x_wconf 85' lang='lat' dir='ltr'><strong>mitterentur,</strong></span> <span class='ocrx_word' id='word_1_169' title='bbox 2693 1311 2963 1379; x_wconf 78' lang='lat' dir='ltr'><strong>dicebant,</strong></span> <span class='ocrx_word' id='word_1_170' title='bbox 3023 1312 3146 1378; x_wconf 85' lang='lat' dir='ltr'><strong>Quis</strong></span> <span class='ocrx_word' id='word_1_171' title='bbox 3179 1313 3404 1367; x_wconf 79' lang='lat' dir='ltr'><strong>ostendit</strong></span> <span class='ocrx_word' id='word_1_172' title='bbox 3436 1313 3580 1366; x_wconf 85' lang='lat' dir='ltr'><strong>nobis</strong></span> <span class='ocrx_word' id='word_1_173' title='bbox 3605 1311 3725 1366; x_wconf 85' lang='lat' dir='ltr'><strong>bona</strong></span> <span class='ocrx_word' id='word_1_174' title='bbox 3746 1313 3838 1384; x_wconf 81' lang='lat' dir='ltr'><strong>(Pr.</strong></span> 
     </span>
    </p>
   </div>
   <div class='ocr_carea' id='block_1_13' title="bbox 682 1401 3841 1478">
    <p class='ocr_par' dir='ltr' id='par_1_13' title="bbox 682 1401 3841 1478">
     <span class='ocr_line' id='line_1_13' title="bbox 682 1401 3841 1478; baseline -0.001 -15"><span class='ocrx_word' id='word_1_175' title='bbox 682 1407 862 1478; x_wconf 79' lang='lat' dir='ltr'><strong>(Vers.</strong></span> <span class='ocrx_word' id='word_1_176' title='bbox 893 1405 972 1474; x_wconf 81' lang='lat' dir='ltr'><strong>l.)</strong></span> <span class='ocrx_word' id='word_1_177' title='bbox 996 1405 1185 1460; x_wconf 79' lang='lat' dir='ltr'><strong>Beatus</strong></span> <span class='ocrx_word' id='word_1_178' title='bbox 1205 1407 1282 1459; x_wconf 83' lang='lat' dir='ltr'><strong>vir</strong></span> <span class='ocrx_word' id='word_1_179' title='bbox 1302 1407 1389 1475; x_wconf 83' lang='lat' dir='ltr'><strong>qui</strong></span> <span class='ocrx_word' id='word_1_180' title='bbox 1410 1406 1549 1459; x_wconf 88' lang='lat' dir='ltr'><strong>timet</strong></span> <span class='ocrx_word' id='word_1_181' title='bbox 1567 1401 1842 1459; x_wconf 84' lang='lat' dir='ltr'><strong>Dominum</strong></span> <span class='ocrx_word' id='word_1_182' title='bbox 1861 1419 1879 1457; x_wconf 93' lang='lat'><strong><em>:</em></strong></span> <span class='ocrx_word' id='word_1_183' title='bbox 1901 1405 1955 1457; x_wconf 84' lang='lat' dir='ltr'><strong>in</strong></span> <span class='ocrx_word' id='word_1_184' title='bbox 1975 1402 2192 1456; x_wconf 83' lang='lat' dir='ltr'><strong>manda-</strong></span> <span class='ocrx_word' id='word_1_185' title='bbox 2295 1417 2372 1469; x_wconf 74' lang='lat' dir='ltr'><strong>ir,</strong></span> <span class='ocrx_word' id='word_1_186' title='bbox 2399 1402 2500 1473; x_wconf 86' lang='lat'><strong>6)?</strong></span> <span class='ocrx_word' id='word_1_187' title='bbox 2531 1403 2606 1456; x_wconf 90' lang='lat' dir='ltr'><strong>Illi</strong></span> <span class='ocrx_word' id='word_1_188' title='bbox 2636 1404 2926 1457; x_wconf 89' lang='lat' dir='ltr'><strong>voluerunt</strong></span> <span class='ocrx_word' id='word_1_189' title='bbox 2949 1404 3137 1459; x_wconf 79' lang='lat' dir='ltr'><strong>videre</strong></span> <span class='ocrx_word' id='word_1_190' title='bbox 3177 1404 3317 1458; x_wconf 77' lang='lat' dir='ltr'><strong>bona</strong></span> <span class='ocrx_word' id='word_1_191' title='bbox 3356 1404 3628 1458; x_wconf 80' lang='lat' dir='ltr'><strong>hominum</strong></span> <span class='ocrx_word' id='word_1_192' title='bbox 3650 1404 3698 1458; x_wconf 89' lang='lat' dir='ltr'><strong>in</strong></span> <span class='ocrx_word' id='word_1_193' title='bbox 3727 1415 3841 1460; x_wconf 77' lang='lat' dir='ltr'><strong>terra</strong></span> 
     </span>
    </p>
   </div>
   <div class='ocr_carea' id='block_1_14' title="bbox 607 1495 3837 1569">
    <p class='ocr_par' dir='ltr' id='par_1_14' title="bbox 607 1495 3837 1569">
     <span class='ocr_line' id='line_1_14' title="bbox 607 1495 3837 1569; baseline -0.001 -14"><span class='ocrx_word' id='word_1_194' title='bbox 607 1502 673 1555; x_wconf 84' lang='lat' dir='ltr'><strong>tis</strong></span> <span class='ocrx_word' id='word_1_195' title='bbox 695 1502 806 1569; x_wconf 81' lang='lat' dir='ltr'><strong>ejus</strong></span> <span class='ocrx_word' id='word_1_196' title='bbox 825 1497 957 1552; x_wconf 76' lang='lat' dir='ltr'><strong>volet</strong></span> <span class='ocrx_word' id='word_1_197' title='bbox 984 1499 1152 1552; x_wconf 81' lang='lat' dir='ltr'><strong>nimis.</strong></span> <span class='ocrx_word' id='word_1_198' title='bbox 1184 1498 1466 1553; x_wconf 83' lang='lat' dir='ltr'><strong>Beatitudo</strong></span> <span class='ocrx_word' id='word_1_199' title='bbox 1498 1497 1597 1552; x_wconf 86' lang='lat' dir='ltr'><strong>viri</strong></span> <span class='ocrx_word' id='word_1_200' title='bbox 1632 1497 1784 1564; x_wconf 85' lang='lat' dir='ltr'><strong>justi,</strong></span> <span class='ocrx_word' id='word_1_201' title='bbox 1814 1513 1844 1552; x_wconf 68' lang='grc' dir='ltr'>ι</span> <span class='ocrx_word' id='word_1_202' title='bbox 1866 1497 2062 1551; x_wconf 81' lang='lat' dir='ltr'><strong>timore</strong></span> <span class='ocrx_word' id='word_1_203' title='bbox 2101 1496 2188 1548; x_wconf 89' lang='lat' dir='ltr'><strong>in-</strong></span> <span class='ocrx_word' id='word_1_204' title='bbox 2294 1497 2661 1562; x_wconf 86' lang='lat' dir='ltr'><strong>morientium,</strong></span> <span class='ocrx_word' id='word_1_205' title='bbox 2696 1496 2782 1550; x_wconf 84' lang='lat' dir='ltr'><strong>hic</strong></span> <span class='ocrx_word' id='word_1_206' title='bbox 2809 1495 3038 1551; x_wconf 83' lang='lat' dir='ltr'><strong>credidit</strong></span> <span class='ocrx_word' id='word_1_207' title='bbox 3063 1497 3247 1553; x_wconf 85' lang='lat' dir='ltr'><strong>videre</strong></span> <span class='ocrx_word' id='word_1_208' title='bbox 3270 1500 3408 1552; x_wconf 87' lang='lat' dir='ltr'><strong>bona</strong></span> <span class='ocrx_word' id='word_1_209' title='bbox 3442 1497 3652 1553; x_wconf 87' lang='lat' dir='ltr'><strong>Domini</strong></span> <span class='ocrx_word' id='word_1_210' title='bbox 3680 1499 3724 1552; x_wconf 93' lang='lat' dir='ltr'><strong>in</strong></span> <span class='ocrx_word' id='word_1_211' title='bbox 3750 1508 3837 1553; x_wconf 86' lang='lat' dir='ltr'><strong>ter-</strong></span> 
     </span>
    </p>
   </div>
   <div class='ocr_carea' id='block_1_15' title="bbox 608 1589 3844 1662">
    <p class='ocr_par' dir='ltr' id='par_1_15' title="bbox 608 1589 3844 1662">
     <span class='ocr_line' id='line_1_15' title="bbox 608 1589 3844 1662; baseline -0.001 -15"><span class='ocrx_word' id='word_1_212' title='bbox 608 1595 740 1662; x_wconf 81' lang='lat' dir='ltr'><strong>eipit</strong></span> <span class='ocrx_word' id='word_1_213' title='bbox 767 1592 1003 1661; x_wconf 83' lang='lat' dir='ltr'><strong>Domini,</strong></span> <span class='ocrx_word' id='word_1_214' title='bbox 1047 1601 1101 1646; x_wconf 89' lang='lat' dir='ltr'><strong>et</strong></span> <span class='ocrx_word' id='word_1_215' title='bbox 1135 1591 1346 1660; x_wconf 78' lang='lat' dir='ltr'><strong>proiicit</strong></span> <span class='ocrx_word' id='word_1_216' title='bbox 1376 1592 1430 1644; x_wconf 89' lang='lat' dir='ltr'><strong>in</strong></span> <span class='ocrx_word' id='word_1_217' title='bbox 1461 1590 1785 1644; x_wconf 87' lang='lat' dir='ltr'><strong>desiderium</strong></span> <span class='ocrx_word' id='word_1_218' title='bbox 1817 1590 2190 1646; x_wconf 76' lang='lat' dir='ltr'><strong>mandatorum</strong></span> <span class='ocrx_word' id='word_1_219' title='bbox 2293 1605 2353 1644; x_wconf 84' lang='lat' dir='ltr'><strong>ra</strong></span> <span class='ocrx_word' id='word_1_220' title='bbox 2385 1591 2672 1644; x_wconf 80' lang='lat' dir='ltr'><strong>viventium</strong></span> <span class='ocrx_word' id='word_1_221' title='bbox 2707 1589 2884 1662; x_wconf 86' lang='lat' dir='ltr'><strong>(Psal.</strong></span> <span class='ocrx_word' id='word_1_222' title='bbox 2919 1605 3067 1658; x_wconf 75' lang='lat' dir='ltr'><strong>xxvr,</strong></span> <span class='ocrx_word' id='word_1_223' title='bbox 3114 1590 3225 1660; x_wconf 79' lang='grc'><strong>15).</strong></span> <span class='ocrx_word' id='word_1_224' title='bbox 3268 1591 3386 1646; x_wconf 82' lang='lat' dir='ltr'><strong>Non</strong></span> <span class='ocrx_word' id='word_1_225' title='bbox 3417 1606 3547 1662; x_wconf 79' lang='lat' dir='ltr'><strong>ergo</strong></span> <span class='ocrx_word' id='word_1_226' title='bbox 3577 1605 3844 1646; x_wconf 78' lang='lat' dir='ltr'><strong>commove-</strong></span> 
     </span>
    </p>
   </div>
   <div class='ocr_carea' id='block_1_16' title="bbox 610 1683 3844 1764">
    <p class='ocr_par' dir='ltr' id='par_1_16' title="bbox 610 1683 3844 1764">
     <span class='ocr_line' id='line_1_16' title="bbox 610 1683 3844 1764; baseline 0.001 -24"><span class='ocrx_word' id='word_1_227' title='bbox 610 1684 728 1751; x_wconf 86' lang='lat' dir='ltr'><strong>Dei,</strong></span> <span class='ocrx_word' id='word_1_228' title='bbox 759 1685 952 1764; x_wconf 63' lang='lat' dir='ltr'><strong>quibus</strong></span> <span class='ocrx_word' id='word_1_229' title='bbox 985 1684 1240 1752; x_wconf 85' lang='lat' dir='ltr'><strong>templum</strong></span> <span class='ocrx_word' id='word_1_230' title='bbox 1273 1683 1390 1753; x_wconf 86' lang='lat' dir='ltr'><strong>ejus</strong></span> <span class='ocrx_word' id='word_1_231' title='bbox 1419 1683 1670 1736; x_wconf 75' lang='lat' dir='ltr'><strong>el&#39;licitur.</strong></span> <span class='ocrx_word' id='word_1_232' title='bbox 2296 1683 2440 1737; x_wconf 90' lang='lat' dir='ltr'><strong>bitur</strong></span> <span class='ocrx_word' id='word_1_233' title='bbox 2479 1699 2575 1738; x_wconf 89' lang='lat' dir='ltr'><strong>cor</strong></span> <span class='ocrx_word' id='word_1_234' title='bbox 2617 1684 2753 1754; x_wconf 83' lang='lat' dir='ltr'><strong>ejus,</strong></span> <span class='ocrx_word' id='word_1_235' title='bbox 2808 1699 2908 1740; x_wconf 88' lang='lat' dir='ltr'><strong>nec</strong></span> <span class='ocrx_word' id='word_1_236' title='bbox 2959 1686 3264 1740; x_wconf 83' lang='lat' dir='ltr'><strong>transitoria</strong></span> <span class='ocrx_word' id='word_1_237' title='bbox 3312 1687 3576 1741; x_wconf 88' lang='lat' dir='ltr'><strong>malorum</strong></span> <span class='ocrx_word' id='word_1_238' title='bbox 3629 1687 3844 1743; x_wconf 79' lang='lat' dir='ltr'><strong>felicitate</strong></span> 
     </span>
    </p>
   </div>
   <div class='ocr_carea' id='block_1_17' title="bbox 684 1771 3842 1852">
    <p class='ocr_par' dir='ltr' id='par_1_17' title="bbox 684 1771 3842 1852">
     <span class='ocr_line' id='line_1_17' title="bbox 684 1771 3842 1852; baseline 0 -18"><span class='ocrx_word' id='word_1_239' title='bbox 684 1780 865 1851; x_wconf 77' lang='lat' dir='ltr'><strong>(Vere.</strong></span> <span class='ocrx_word' id='word_1_240' title='bbox 888 1777 971 1850; x_wconf 75' lang='lat'><strong>2.)</strong></span> <span class='ocrx_word' id='word_1_241' title='bbox 1003 1779 1193 1833; x_wconf 86' lang='lat' dir='ltr'><strong>Potens</strong></span> <span class='ocrx_word' id='word_1_242' title='bbox 1233 1781 1286 1832; x_wconf 84' lang='lat' dir='ltr'><strong>in</strong></span> <span class='ocrx_word' id='word_1_243' title='bbox 1315 1789 1450 1834; x_wconf 87' lang='lat' dir='ltr'><strong>terra</strong></span> <span class='ocrx_word' id='word_1_244' title='bbox 1491 1781 1585 1833; x_wconf 81' lang='lat' dir='ltr'><strong>erit</strong></span> <span class='ocrx_word' id='word_1_245' title='bbox 1634 1795 1803 1834; x_wconf 86' lang='lat' dir='ltr'><strong>semen</strong></span> <span class='ocrx_word' id='word_1_246' title='bbox 1838 1783 1968 1852; x_wconf 83' lang='lat' dir='ltr'><strong>ejus.</strong></span> <span class='ocrx_word' id='word_1_247' title='bbox 1997 1778 2194 1835; x_wconf 85' lang='lat' dir='ltr'><strong>Semen</strong></span> <span class='ocrx_word' id='word_1_248' title='bbox 2226 1771 2274 1831; x_wconf 88' lang='lat' dir='ltr'><strong>B</strong></span> <span class='ocrx_word' id='word_1_249' title='bbox 2301 1778 2622 1845; x_wconf 76' lang='lat' dir='ltr'><strong>turbabitur,</strong></span> <span class='ocrx_word' id='word_1_250' title='bbox 2646 1780 2819 1833; x_wconf 91' lang='lat' dir='ltr'><strong>donec</strong></span> <span class='ocrx_word' id='word_1_251' title='bbox 2841 1778 3042 1841; x_wconf 86' lang='lat' dir='ltr'><strong>videat,</strong></span> <span class='ocrx_word' id='word_1_252' title='bbox 3073 1795 3177 1834; x_wconf 90' lang='lat' dir='ltr'><strong>non</strong></span> <span class='ocrx_word' id='word_1_253' title='bbox 3206 1779 3480 1846; x_wconf 85' lang='lat' dir='ltr'><strong>deorsum,</strong></span> <span class='ocrx_word' id='word_1_254' title='bbox 3505 1780 3645 1848; x_wconf 89' lang='lat' dir='ltr'><strong>quod</strong></span> <span class='ocrx_word' id='word_1_255' title='bbox 3676 1781 3842 1835; x_wconf 89' lang='lat' dir='ltr'><strong>inimici</strong></span> 
     </span>
    </p>
   </div>
   <div class='ocr_carea' id='block_1_18' title="bbox 613 1870 3844 1941">
    <p class='ocr_par' dir='ltr' id='par_1_18' title="bbox 613 1870 3844 1941">
     <span class='ocr_line' id='line_1_18' title="bbox 613 1870 3844 1941; baseline 0 -14"><span class='ocrx_word' id='word_1_256' title='bbox 613 1871 805 1927; x_wconf 72' lang='lat' dir='ltr'><strong>futura:</strong></span> <span class='ocrx_word' id='word_1_257' title='bbox 851 1872 1045 1926; x_wconf 82' lang='lat' dir='ltr'><strong>messis</strong></span> <span class='ocrx_word' id='word_1_258' title='bbox 1096 1886 1259 1941; x_wconf 82' lang='lat' dir='ltr'><strong>opera</strong></span> <span class='ocrx_word' id='word_1_259' title='bbox 1309 1885 1430 1926; x_wconf 77' lang='lat' dir='ltr'><strong>esse</strong></span> <span class='ocrx_word' id='word_1_260' title='bbox 1470 1871 1855 1926; x_wconf 76' lang='lat' dir='ltr'><strong>misericordia:</strong></span> <span class='ocrx_word' id='word_1_261' title='bbox 1906 1871 2196 1939; x_wconf 82' lang='lat' dir='ltr'><strong>Apostolus</strong></span> <span class='ocrx_word' id='word_1_262' title='bbox 2299 1870 2438 1940; x_wconf 85' lang='lat' dir='ltr'><strong>ejus,</strong></span> <span class='ocrx_word' id='word_1_263' title='bbox 2472 1872 2565 1925; x_wconf 83' lang='lat' dir='ltr'><strong>sed</strong></span> <span class='ocrx_word' id='word_1_264' title='bbox 2618 1886 2830 1926; x_wconf 86' lang='lat' dir='ltr'><strong>sursum</strong></span> <span class='ocrx_word' id='word_1_265' title='bbox 2879 1887 3043 1941; x_wconf 89' lang='lat' dir='ltr'><strong>super</strong></span> <span class='ocrx_word' id='word_1_266' title='bbox 3065 1872 3312 1928; x_wconf 89' lang='lat' dir='ltr'><strong>inimicos</strong></span> <span class='ocrx_word' id='word_1_267' title='bbox 3340 1889 3487 1937; x_wconf 82' lang='lat' dir='ltr'><strong>suos,</strong></span> <span class='ocrx_word' id='word_1_268' title='bbox 3515 1873 3664 1939; x_wconf 85' lang='lat' dir='ltr'><strong>Quod</strong></span> <span class='ocrx_word' id='word_1_269' title='bbox 3703 1875 3844 1930; x_wconf 82' lang='lat' dir='ltr'><strong>oculus</strong></span> 
     </span>
    </p>
   </div>
   <div class='ocr_carea' id='block_1_19' title="bbox 610 1962 3846 2036">
    <p class='ocr_par' dir='ltr' id='par_1_19' title="bbox 610 1962 3846 2036">
     <span class='ocr_line' id='line_1_19' title="bbox 610 1962 3846 2036; baseline -0.001 -15"><span class='ocrx_word' id='word_1_270' title='bbox 610 1966 769 2021; x_wconf 79' lang='lat' dir='ltr'><strong>testis</strong></span> <span class='ocrx_word' id='word_1_271' title='bbox 792 1964 1136 2029; x_wconf 40' lang='lat' dir='ltr'><strong>est,.dicens,</strong></span> <span class='ocrx_word' id='word_1_272' title='bbox 1169 1963 1372 2016; x_wconf 86' lang='lat' dir='ltr'><strong>Bonum</strong></span> <span class='ocrx_word' id='word_1_273' title='bbox 1417 1973 1592 2017; x_wconf 86' lang='lat' dir='ltr'><strong>autem</strong></span> <span class='ocrx_word' id='word_1_274' title='bbox 1647 1963 1892 2032; x_wconf 82' lang='lat' dir='ltr'><strong>facientes</strong></span> <span class='ocrx_word' id='word_1_275' title='bbox 1938 1977 2037 2016; x_wconf 84' lang='lat' dir='ltr'><strong>non</strong></span> <span class='ocrx_word' id='word_1_276' title='bbox 2069 1962 2198 2029; x_wconf 77' lang='lat' dir='ltr'><strong>deﬁ-</strong></span> <span class='ocrx_word' id='word_1_277' title='bbox 2300 1981 2399 2017; x_wconf 84' lang='lat' dir='ltr'><strong>non</strong></span> <span class='ocrx_word' id='word_1_278' title='bbox 2419 1965 2544 2018; x_wconf 87' lang='lat' dir='ltr'><strong>vidit</strong></span> <span class='ocrx_word' id='word_1_279' title='bbox 2574 1982 2664 2018; x_wconf 89' lang='lat' dir='ltr'><strong>nec</strong></span> <span class='ocrx_word' id='word_1_280' title='bbox 2685 1967 2827 2018; x_wconf 82' lang='lat' dir='ltr'><strong>auris</strong></span> <span class='ocrx_word' id='word_1_281' title='bbox 2855 1965 3072 2031; x_wconf 84' lang='lat' dir='ltr'><strong>audivit,</strong></span> <span class='ocrx_word' id='word_1_282' title='bbox 3103 1981 3264 2036; x_wconf 82' lang='lat' dir='ltr'><strong>neque</strong></span> <span class='ocrx_word' id='word_1_283' title='bbox 3289 1966 3342 2019; x_wconf 87' lang='lat' dir='ltr'><strong>in</strong></span> <span class='ocrx_word' id='word_1_284' title='bbox 3363 1979 3450 2019; x_wconf 79' lang='lat' dir='ltr'><strong>cor</strong></span> <span class='ocrx_word' id='word_1_285' title='bbox 3477 1967 3692 2020; x_wconf 81' lang='lat' dir='ltr'><strong>hominis</strong></span> <span class='ocrx_word' id='word_1_286' title='bbox 3710 1982 3846 2019; x_wconf 80' lang='lat' dir='ltr'><strong>ascen-</strong></span> 
     </span>
    </p>
   </div>
   <div class='ocr_carea' id='block_1_20' title="bbox 611 2055 3844 2130">
    <p class='ocr_par' dir='ltr' id='par_1_20' title="bbox 611 2055 3844 2130">
     <span class='ocr_line' id='line_1_20' title="bbox 611 2055 3844 2130; baseline 0.001 -18"><span class='ocrx_word' id='word_1_287' title='bbox 611 2061 809 2113; x_wconf 80' lang='lat' dir='ltr'><strong>eiamus</strong></span> <span class='ocrx_word' id='word_1_288' title='bbox 835 2075 854 2113; x_wconf 89' lang='lat'><em>:</em></span> <span class='ocrx_word' id='word_1_289' title='bbox 880 2067 1107 2127; x_wconf 84' lang='lat' dir='ltr'><strong>tempore</strong></span> <span class='ocrx_word' id='word_1_290' title='bbox 1137 2059 1272 2111; x_wconf 87' lang='lat' dir='ltr'><strong>enim</strong></span> <span class='ocrx_word' id='word_1_291' title='bbox 1303 2059 1510 2129; x_wconf 89' lang='lat' dir='ltr'><strong>proprio</strong></span> <span class='ocrx_word' id='word_1_292' title='bbox 1529 2066 1770 2111; x_wconf 82' lang='lat' dir='ltr'><strong>metemus</strong></span> <span class='ocrx_word' id='word_1_293' title='bbox 1800 2056 1998 2126; x_wconf 84' lang='lat' dir='ltr'><strong>(Galat.</strong></span> <span class='ocrx_word' id='word_1_294' title='bbox 2021 2072 2094 2120; x_wconf 76' lang='grc' dir='ltr'><strong>γι,</strong></span> <span class='ocrx_word' id='word_1_295' title='bbox 2113 2055 2194 2124; x_wconf 85' lang='lat'><strong>9).</strong></span> <span class='ocrx_word' id='word_1_296' title='bbox 2299 2056 2397 2121; x_wconf 91' lang='lat' dir='ltr'><strong>dit,</strong></span> <span class='ocrx_word' id='word_1_297' title='bbox 2426 2056 2563 2124; x_wconf 84' lang='lat' dir='ltr'><strong>quod</strong></span> <span class='ocrx_word' id='word_1_298' title='bbox 2591 2059 2905 2126; x_wconf 72' lang='lat' dir='ltr'><strong>praeparavit</strong></span> <span class='ocrx_word' id='word_1_299' title='bbox 2929 2056 3064 2110; x_wconf 85' lang='lat' dir='ltr'><strong>Deus</strong></span> <span class='ocrx_word' id='word_1_300' title='bbox 3087 2057 3417 2128; x_wconf 76' lang='lat' dir='ltr'><strong>diligentibus</strong></span> <span class='ocrx_word' id='word_1_301' title='bbox 3444 2075 3497 2112; x_wconf 86' lang='lat' dir='ltr'><strong>se</strong></span> <span class='ocrx_word' id='word_1_302' title='bbox 3521 2058 3564 2130; x_wconf 90' lang='lat' dir='ltr'><strong>(l</strong></span> <span class='ocrx_word' id='word_1_303' title='bbox 3594 2058 3705 2114; x_wconf 89' lang='lat' dir='ltr'><strong>Cor.</strong></span> <span class='ocrx_word' id='word_1_304' title='bbox 3727 2075 3775 2126; x_wconf 89' lang='lat' dir='ltr'><strong>u,</strong></span> <span class='ocrx_word' id='word_1_305' title='bbox 3796 2057 3844 2124; x_wconf 90' lang='lat'><strong>9;</strong></span> 
     </span>
    </p>
   </div>
   <div class='ocr_carea' id='block_1_21' title="bbox 609 2147 2730 2220">
    <p class='ocr_par' dir='ltr' id='par_1_21' title="bbox 609 2147 2730 2220">
     <span class='ocr_line' id='line_1_21' title="bbox 609 2147 2730 2220; baseline -0.001 -16"><span class='ocrx_word' id='word_1_306' title='bbox 609 2150 748 2218; x_wconf 86' lang='lat' dir='ltr'><strong>Quid</strong></span> <span class='ocrx_word' id='word_1_307' title='bbox 795 2160 972 2205; x_wconf 89' lang='lat' dir='ltr'><strong>autem</strong></span> <span class='ocrx_word' id='word_1_308' title='bbox 1021 2152 1293 2220; x_wconf 89' lang='lat' dir='ltr'><strong>potentius</strong></span> <span class='ocrx_word' id='word_1_309' title='bbox 1324 2149 1426 2203; x_wconf 87' lang='lat' dir='ltr'><strong>hoc</strong></span> <span class='ocrx_word' id='word_1_310' title='bbox 1456 2151 1691 2215; x_wconf 85' lang='lat' dir='ltr'><strong>semine,</strong></span> <span class='ocrx_word' id='word_1_311' title='bbox 1723 2151 1876 2218; x_wconf 88' lang='lat' dir='ltr'><strong>cujus</strong></span> <span class='ocrx_word' id='word_1_312' title='bbox 1925 2149 2197 2218; x_wconf 86' lang='lat' dir='ltr'><strong>impendio</strong></span> <span class='ocrx_word' id='word_1_313' title='bbox 2301 2147 2430 2202; x_wconf 84' lang='lat' dir='ltr'><strong>Isai.</strong></span> <span class='ocrx_word' id='word_1_314' title='bbox 2469 2165 2614 2212; x_wconf 72' lang='lat' dir='ltr'><strong>LXIV,</strong></span> <span class='ocrx_word' id='word_1_315' title='bbox 2648 2149 2730 2219; x_wconf 79' lang='grc'><strong>4).</strong></span> 
     </span>
    </p>
   </div>
   <div class='ocr_carea' id='block_1_22' title="bbox 609 2238 3849 2314">
    <p class='ocr_par' dir='ltr' id='par_1_22' title="bbox 609 2238 3849 2314">
     <span class='ocr_line' id='line_1_22' title="bbox 609 2238 3849 2314; baseline -0.002 -15"><span class='ocrx_word' id='word_1_316' title='bbox 609 2253 953 2314; x_wconf 83' lang='lat' dir='ltr'><strong>comparatur</strong></span> <span class='ocrx_word' id='word_1_317' title='bbox 983 2259 1206 2313; x_wconf 81' lang='lat' dir='ltr'><strong>regnum</strong></span> <span class='ocrx_word' id='word_1_318' title='bbox 1239 2244 1522 2311; x_wconf 67' lang='lat' dir='ltr'><strong>malorum,</strong></span> <span class='ocrx_word' id='word_1_319' title='bbox 1551 2251 1606 2298; x_wconf 90' lang='lat' dir='ltr'><strong>et</strong></span> <span class='ocrx_word' id='word_1_320' title='bbox 1637 2245 1746 2297; x_wconf 83' lang='lat' dir='ltr'><strong>vita</strong></span> <span class='ocrx_word' id='word_1_321' title='bbox 1787 2253 2007 2298; x_wconf 66' lang='lat' dir='ltr'><strong>(eterna.</strong></span> <span class='ocrx_word' id='word_1_322' title='bbox 2034 2241 2199 2297; x_wconf 87' lang='lat' dir='ltr'><strong>Gene—</strong></span> <span class='ocrx_word' id='word_1_323' title='bbox 2373 2241 2554 2310; x_wconf 87' lang='lat' dir='ltr'><strong>(Vers.</strong></span> <span class='ocrx_word' id='word_1_324' title='bbox 2579 2239 2779 2310; x_wconf 73' lang='lat'><strong>9,-10.)</strong></span> <span class='ocrx_word' id='word_1_325' title='bbox 2813 2238 3088 2310; x_wconf 83' lang='lat' dir='ltr'><strong>Dispersit,</strong></span> <span class='ocrx_word' id='word_1_326' title='bbox 3138 2239 3280 2293; x_wconf 81' lang='lat' dir='ltr'><strong>dedit</strong></span> <span class='ocrx_word' id='word_1_327' title='bbox 3315 2241 3661 2310; x_wconf 83' lang='lat' dir='ltr'><strong>pauperibus;</strong></span> <span class='ocrx_word' id='word_1_328' title='bbox 3675 2241 3849 2311; x_wconf 85' lang='lat' dir='ltr'><strong>justitia</strong></span> 
     </span>
    </p>
   </div>
   <div class='ocr_carea' id='block_1_23' title="bbox 609 2332 3848 2406">
    <p class='ocr_par' dir='ltr' id='par_1_23' title="bbox 609 2332 3848 2406">
     <span class='ocr_line' id='line_1_23' title="bbox 609 2332 3848 2406; baseline 0 -18"><span class='ocrx_word' id='word_1_329' title='bbox 609 2338 745 2389; x_wconf 83' lang='lat' dir='ltr'><strong>ratio</strong></span> <span class='ocrx_word' id='word_1_330' title='bbox 766 2345 1022 2389; x_wconf 87' lang='lat' dir='ltr'><strong>rectorum</strong></span> <span class='ocrx_word' id='word_1_331' title='bbox 1051 2336 1417 2402; x_wconf 85' lang='lat' dir='ltr'><strong>benedicetur;</strong></span> <span class='ocrx_word' id='word_1_332' title='bbox 1451 2337 1501 2390; x_wconf 91' lang='lat' dir='ltr'><strong>ld</strong></span> <span class='ocrx_word' id='word_1_333' title='bbox 1545 2344 1645 2399; x_wconf 83' lang='lat' dir='ltr'><strong>est,</strong></span> <span class='ocrx_word' id='word_1_334' title='bbox 1689 2350 1852 2405; x_wconf 82' lang='lat' dir='ltr'><strong>opera</strong></span> <span class='ocrx_word' id='word_1_335' title='bbox 1895 2351 2077 2391; x_wconf 90' lang='lat' dir='ltr'><strong>eorum</strong></span> <span class='ocrx_word' id='word_1_336' title='bbox 2109 2337 2195 2406; x_wconf 86' lang='lat' dir='ltr'><strong>qui</strong></span> <span class='ocrx_word' id='word_1_337' title='bbox 2301 2336 2414 2405; x_wconf 83' lang='lat' dir='ltr'><strong>ejus</strong></span> <span class='ocrx_word' id='word_1_338' title='bbox 2441 2342 2610 2386; x_wconf 85' lang='lat' dir='ltr'><strong>manet</strong></span> <span class='ocrx_word' id='word_1_339' title='bbox 2657 2333 2709 2386; x_wconf 88' lang='lat' dir='ltr'><strong>in</strong></span> <span class='ocrx_word' id='word_1_340' title='bbox 2750 2332 2992 2387; x_wconf 69' lang='lat' dir='ltr'><strong>ste-culum</strong></span> <span class='ocrx_word' id='word_1_341' title='bbox 3023 2333 3219 2386; x_wconf 64' lang='lat' dir='ltr'><strong>seaculi.</strong></span> <span class='ocrx_word' id='word_1_342' title='bbox 3257 2334 3520 2401; x_wconf 87' lang='lat' dir='ltr'><strong>Disperslt</strong></span> <span class='ocrx_word' id='word_1_343' title='bbox 3553 2333 3782 2396; x_wconf 67' lang='lat' dir='ltr'><strong>visibilis,</strong></span> <span class='ocrx_word' id='word_1_344' title='bbox 3807 2346 3848 2388; x_wconf 89' lang='lat' dir='ltr'><strong>ut</strong></span> 
     </span>
    </p>
   </div>
   <div class='ocr_carea' id='block_1_24' title="bbox 611 2427 3848 2499">
    <p class='ocr_par' dir='ltr' id='par_1_24' title="bbox 611 2427 3848 2499">
     <span class='ocr_line' id='line_1_24' title="bbox 611 2427 3848 2499; baseline 0 -16"><span class='ocrx_word' id='word_1_345' title='bbox 611 2438 760 2484; x_wconf 85' lang='lat' dir='ltr'><strong>recto</strong></span> <span class='ocrx_word' id='word_1_346' title='bbox 784 2437 908 2484; x_wconf 89' lang='lat' dir='ltr'><strong>sunt</strong></span> <span class='ocrx_word' id='word_1_347' title='bbox 927 2429 1110 2493; x_wconf 87' lang='lat' dir='ltr'><strong>corde,</strong></span> <span class='ocrx_word' id='word_1_348' title='bbox 1138 2445 1243 2483; x_wconf 89' lang='lat' dir='ltr'><strong>non</strong></span> <span class='ocrx_word' id='word_1_349' title='bbox 1267 2430 1547 2484; x_wconf 74' lang='lat' dir='ltr'><strong>turbantur</strong></span> <span class='ocrx_word' id='word_1_350' title='bbox 1571 2441 1788 2499; x_wconf 74' lang='lat' dir='ltr'><strong>promer</strong></span> <span class='ocrx_word' id='word_1_351' title='bbox 1808 2431 2197 2498; x_wconf 87' lang='lat' dir='ltr'><strong>promissorum</strong></span> <span class='ocrx_word' id='word_1_352' title='bbox 2302 2427 2586 2481; x_wconf 72' lang='lat' dir='ltr'><strong>invisibilia</strong></span> <span class='ocrx_word' id='word_1_353' title='bbox 2615 2437 2955 2495; x_wconf 85' lang='lat' dir='ltr'><strong>compararet</strong></span> <span class='ocrx_word' id='word_1_354' title='bbox 2982 2442 2996 2492; x_wconf 94' lang='lat'><strong>;</strong></span> <span class='ocrx_word' id='word_1_355' title='bbox 3024 2427 3170 2481; x_wconf 88' lang='lat' dir='ltr'><strong>dedit</strong></span> <span class='ocrx_word' id='word_1_356' title='bbox 3197 2429 3537 2497; x_wconf 80' lang='lat' dir='ltr'><strong>temporalia,</strong></span> <span class='ocrx_word' id='word_1_357' title='bbox 3573 2438 3848 2499; x_wconf 80' lang='lat' dir='ltr'><strong>accepturus</strong></span> 
     </span>
    </p>
   </div>
   <div class='ocr_carea' id='block_1_25' title="bbox 611 2517 3848 2591">
    <p class='ocr_par' dir='ltr' id='par_1_25' title="bbox 611 2517 3848 2591">
     <span class='ocr_line' id='line_1_25' title="bbox 611 2517 3848 2591; baseline -0.001 -16"><span class='ocrx_word' id='word_1_358' title='bbox 611 2520 958 2576; x_wconf 83' lang='lat' dir='ltr'><strong>dilationem:</strong></span> <span class='ocrx_word' id='word_1_359' title='bbox 993 2536 1096 2576; x_wconf 88' lang='lat' dir='ltr'><strong>nec</strong></span> <span class='ocrx_word' id='word_1_360' title='bbox 1119 2521 1444 2576; x_wconf 84' lang='lat' dir='ltr'><strong>transeuntia</strong></span> <span class='ocrx_word' id='word_1_361' title='bbox 1477 2523 1770 2576; x_wconf 80' lang='lat' dir='ltr'><strong>carnaliter</strong></span> <span class='ocrx_word' id='word_1_362' title='bbox 1798 2529 2078 2591; x_wconf 87' lang='lat' dir='ltr'><strong>appetunt,</strong></span> <span class='ocrx_word' id='word_1_363' title='bbox 2104 2521 2198 2577; x_wconf 81' lang='lat' dir='ltr'><strong>sed</strong></span> <span class='ocrx_word' id='word_1_364' title='bbox 2301 2530 2523 2573; x_wconf 67' lang='lat' dir='ltr'><strong>mterna.</strong></span> <span class='ocrx_word' id='word_1_365' title='bbox 2551 2517 2725 2572; x_wconf 88' lang='lat' dir='ltr'><strong>Cornu</strong></span> <span class='ocrx_word' id='word_1_366' title='bbox 2749 2520 2858 2579; x_wconf 79' lang='lat' dir='ltr'><strong>eius</strong></span> <span class='ocrx_word' id='word_1_367' title='bbox 2889 2519 3199 2572; x_wconf 73' lang='lat' dir='ltr'><strong>exaltabitur</strong></span> <span class='ocrx_word' id='word_1_368' title='bbox 3227 2521 3278 2572; x_wconf 86' lang='lat' dir='ltr'><strong>in</strong></span> <span class='ocrx_word' id='word_1_369' title='bbox 3304 2519 3493 2591; x_wconf 86' lang='lat' dir='ltr'><strong>gloria.</strong></span> <span class='ocrx_word' id='word_1_370' title='bbox 3531 2519 3763 2574; x_wconf 85' lang='lat' dir='ltr'><strong>Peccator</strong></span> <span class='ocrx_word' id='word_1_371' title='bbox 3789 2522 3848 2573; x_wconf 70' lang='lat' dir='ltr'><strong>ri-</strong></span> 
     </span>
    </p>
   </div>
   <div class='ocr_carea' id='block_1_26' title="bbox 611 2613 3850 2682">
    <p class='ocr_par' dir='ltr' id='par_1_26' title="bbox 611 2613 3850 2682">
     <span class='ocr_line' id='line_1_26' title="bbox 611 2613 3850 2682; baseline -0.001 -14"><span class='ocrx_word' id='word_1_372' title='bbox 611 2627 862 2668; x_wconf 86' lang='lat' dir='ltr'><strong>mansura</strong></span> <span class='ocrx_word' id='word_1_373' title='bbox 886 2615 1116 2668; x_wconf 88' lang='lat' dir='ltr'><strong>lideliter</strong></span> <span class='ocrx_word' id='word_1_374' title='bbox 1137 2623 1190 2667; x_wconf 83' lang='lat' dir='ltr'><strong>ct</strong></span> <span class='ocrx_word' id='word_1_375' title='bbox 1210 2615 1469 2681; x_wconf 81' lang='lat' dir='ltr'><strong>patienter</strong></span> <span class='ocrx_word' id='word_1_376' title='bbox 1504 2622 1838 2681; x_wconf 77' lang='lat' dir='ltr'><strong>exspectant.</strong></span> <span class='ocrx_word' id='word_1_377' title='bbox 2301 2613 2458 2675; x_wconf 75' lang='lat' dir='ltr'><strong>dabit,</strong></span> <span class='ocrx_word' id='word_1_378' title='bbox 2515 2623 2563 2666; x_wconf 89' lang='lat' dir='ltr'><strong>et</strong></span> <span class='ocrx_word' id='word_1_379' title='bbox 2619 2615 2886 2665; x_wconf 85' lang='lat' dir='ltr'><strong>irascetur.</strong></span> <span class='ocrx_word' id='word_1_380' title='bbox 2947 2613 3204 2666; x_wconf 87' lang='lat' dir='ltr'><strong>Irascitur</strong></span> <span class='ocrx_word' id='word_1_381' title='bbox 3257 2619 3541 2682; x_wconf 86' lang='lat' dir='ltr'><strong>peccator:</strong></span> <span class='ocrx_word' id='word_1_382' title='bbox 3592 2613 3672 2668; x_wconf 92' lang='lat' dir='ltr'><strong>cui</strong></span> <span class='ocrx_word' id='word_1_383' title='bbox 3717 2615 3850 2682; x_wconf 79' lang='lat' dir='ltr'><strong>magis</strong></span> 
     </span>
    </p>
   </div>
   <div class='ocr_carea' id='block_1_27' title="bbox 684 2704 3852 2778">
    <p class='ocr_par' dir='ltr' id='par_1_27' title="bbox 684 2704 3852 2778">
     <span class='ocr_line' id='line_1_27' title="bbox 684 2704 3852 2778; baseline -0 -18"><span class='ocrx_word' id='word_1_384' title='bbox 684 2705 866 2776; x_wconf 76' lang='lat' dir='ltr'><strong>(Vers.</strong></span> <span class='ocrx_word' id='word_1_385' title='bbox 898 2705 979 2776; x_wconf 79' lang='grc'><strong>5.)</strong></span> <span class='ocrx_word' id='word_1_386' title='bbox 1009 2704 1188 2759; x_wconf 83' lang='lat' dir='ltr'><strong>Gloria</strong></span> <span class='ocrx_word' id='word_1_387' title='bbox 1217 2714 1264 2758; x_wconf 89' lang='lat' dir='ltr'><strong>et</strong></span> <span class='ocrx_word' id='word_1_388' title='bbox 1291 2707 1482 2759; x_wconf 69' lang='lat' dir='ltr'><strong>divitia!</strong></span> <span class='ocrx_word' id='word_1_389' title='bbox 1511 2707 1565 2758; x_wconf 88' lang='lat' dir='ltr'><strong>in</strong></span> <span class='ocrx_word' id='word_1_390' title='bbox 1587 2707 1736 2758; x_wconf 89' lang='lat' dir='ltr'><strong>domo</strong></span> <span class='ocrx_word' id='word_1_391' title='bbox 1762 2707 1895 2776; x_wconf 89' lang='lat' dir='ltr'><strong>ejus,</strong></span> <span class='ocrx_word' id='word_1_392' title='bbox 1925 2715 1972 2760; x_wconf 86' lang='lat' dir='ltr'><strong>et</strong></span> <span class='ocrx_word' id='word_1_393' title='bbox 1990 2706 2200 2778; x_wconf 86' lang='lat' dir='ltr'><strong>justitia</strong></span> <span class='ocrx_word' id='word_1_394' title='bbox 2302 2724 2459 2778; x_wconf 86' lang='lat' dir='ltr'><strong>quam</strong></span> <span class='ocrx_word' id='word_1_395' title='bbox 2495 2707 2636 2761; x_wconf 78' lang='lat' dir='ltr'><strong>sibi?</strong></span> <span class='ocrx_word' id='word_1_396' title='bbox 2681 2707 2785 2762; x_wconf 87' lang='lat' dir='ltr'><strong>Sed</strong></span> <span class='ocrx_word' id='word_1_397' title='bbox 2817 2719 2935 2760; x_wconf 83' lang='lat' dir='ltr'><strong>sera</strong></span> <span class='ocrx_word' id='word_1_398' title='bbox 2970 2707 3058 2760; x_wconf 71' lang='lat' dir='ltr'><strong>ilia</strong></span> <span class='ocrx_word' id='word_1_399' title='bbox 3101 2716 3259 2775; x_wconf 83' lang='lat' dir='ltr'><strong>atque</strong></span> <span class='ocrx_word' id='word_1_400' title='bbox 3303 2705 3635 2760; x_wconf 83' lang='lat' dir='ltr'><strong>infructuosa</strong></span> <span class='ocrx_word' id='word_1_401' title='bbox 3663 2708 3852 2777; x_wconf 69' lang='lat' dir='ltr'><strong>poenitu-</strong></span> 
     </span>
    </p>
   </div>
   <div class='ocr_carea' id='block_1_28' title="bbox 613 2797 3850 2872">
    <p class='ocr_par' dir='ltr' id='par_1_28' title="bbox 613 2797 3850 2872">
     <span class='ocr_line' id='line_1_28' title="bbox 613 2797 3850 2872; baseline -0.001 -18"><span class='ocrx_word' id='word_1_402' title='bbox 613 2803 725 2872; x_wconf 81' lang='lat' dir='ltr'><strong>ejus</strong></span> <span class='ocrx_word' id='word_1_403' title='bbox 766 2807 934 2852; x_wconf 83' lang='lat' dir='ltr'><strong>manet</strong></span> <span class='ocrx_word' id='word_1_404' title='bbox 960 2800 1011 2852; x_wconf 84' lang='lat' dir='ltr'><strong>in</strong></span> <span class='ocrx_word' id='word_1_405' title='bbox 1052 2801 1298 2852; x_wconf 74' lang='lat' dir='ltr'><strong>steculum</strong></span> <span class='ocrx_word' id='word_1_406' title='bbox 1324 2799 1522 2851; x_wconf 76' lang='lat' dir='ltr'><strong>steculi.</strong></span> <span class='ocrx_word' id='word_1_407' title='bbox 1563 2798 1662 2863; x_wconf 85' lang='lat' dir='ltr'><strong>Qui</strong></span> <span class='ocrx_word' id='word_1_408' title='bbox 1697 2798 1820 2852; x_wconf 87' lang='lat' dir='ltr'><strong>talis</strong></span> <span class='ocrx_word' id='word_1_409' title='bbox 1847 2807 1930 2851; x_wconf 89' lang='lat' dir='ltr'><strong>est</strong></span> <span class='ocrx_word' id='word_1_410' title='bbox 1958 2799 2006 2850; x_wconf 91' lang='lat' dir='ltr'><strong>in</strong></span> <span class='ocrx_word' id='word_1_411' title='bbox 2038 2797 2199 2851; x_wconf 87' lang='lat' dir='ltr'><strong>domo</strong></span> <span class='ocrx_word' id='word_1_412' title='bbox 2302 2801 2448 2865; x_wconf 86' lang='lat' dir='ltr'><strong>dine,</strong></span> <span class='ocrx_word' id='word_1_413' title='bbox 2473 2814 2590 2854; x_wconf 93' lang='lat' dir='ltr'><strong>cum</strong></span> <span class='ocrx_word' id='word_1_414' title='bbox 2615 2800 2763 2865; x_wconf 85' lang='lat' dir='ltr'><strong>dicit,</strong></span> <span class='ocrx_word' id='word_1_415' title='bbox 2802 2799 2938 2864; x_wconf 84' lang='lat' dir='ltr'><strong>Quid</strong></span> <span class='ocrx_word' id='word_1_416' title='bbox 2966 2799 3110 2852; x_wconf 87' lang='lat' dir='ltr'><strong>nobis</strong></span> <span class='ocrx_word' id='word_1_417' title='bbox 3132 2799 3328 2868; x_wconf 80' lang='lat' dir='ltr'><strong>profuit</strong></span> <span class='ocrx_word' id='word_1_418' title='bbox 3354 2799 3617 2868; x_wconf 82' lang='lat' dir='ltr'><strong>superbia,</strong></span> <span class='ocrx_word' id='word_1_419' title='bbox 3653 2809 3734 2852; x_wconf 86' lang='lat' dir='ltr'><strong>aut</strong></span> <span class='ocrx_word' id='word_1_420' title='bbox 3755 2797 3850 2867; x_wconf 78' lang='lat' dir='ltr'><strong>quid</strong></span> 
     </span>
    </p>
   </div>
   <div class='ocr_carea' id='block_1_29' title="bbox 616 2889 3851 2965">
    <p class='ocr_par' dir='ltr' id='par_1_29' title="bbox 616 2889 3851 2965">
     <span class='ocr_line' id='line_1_29' title="bbox 616 2889 3851 2965; baseline 0 -23"><span class='ocrx_word' id='word_1_421' title='bbox 616 2905 734 2958; x_wconf 82' lang='lat' dir='ltr'><strong>sua,</strong></span> <span class='ocrx_word' id='word_1_422' title='bbox 768 2893 816 2944; x_wconf 89' lang='lat' dir='ltr'><strong>id</strong></span> <span class='ocrx_word' id='word_1_423' title='bbox 842 2901 942 2956; x_wconf 82' lang='lat' dir='ltr'><strong>est,</strong></span> <span class='ocrx_word' id='word_1_424' title='bbox 987 2893 1037 2943; x_wconf 91' lang='lat' dir='ltr'><strong>in</strong></span> <span class='ocrx_word' id='word_1_425' title='bbox 1064 2891 1226 2944; x_wconf 86' lang='lat' dir='ltr'><strong>corde</strong></span> <span class='ocrx_word' id='word_1_426' title='bbox 1257 2905 1378 2956; x_wconf 87' lang='lat' dir='ltr'><strong>suo,</strong></span> <span class='ocrx_word' id='word_1_427' title='bbox 1410 2890 1499 2944; x_wconf 80' lang='lat' dir='ltr'><strong>ubi</strong></span> <span class='ocrx_word' id='word_1_428' title='bbox 1533 2891 1786 2958; x_wconf 88' lang='lat' dir='ltr'><strong>templum</strong></span> <span class='ocrx_word' id='word_1_429' title='bbox 1819 2890 1912 2943; x_wconf 85' lang='lat' dir='ltr'><strong>Dei</strong></span> <span class='ocrx_word' id='word_1_430' title='bbox 1944 2900 2046 2955; x_wconf 90' lang='lat' dir='ltr'><strong>est,</strong></span> <span class='ocrx_word' id='word_1_431' title='bbox 2081 2889 2199 2958; x_wconf 64' lang='grc' dir='ltr'><strong>κιο·</strong></span> <span class='ocrx_word' id='word_1_432' title='bbox 2299 2896 2598 2950; x_wconf 78' lang='lat' dir='ltr'><strong>diuitiarum</strong></span> <span class='ocrx_word' id='word_1_433' title='bbox 2627 2894 2854 2965; x_wconf 83' lang='lat' dir='ltr'><strong>jactatio</strong></span> <span class='ocrx_word' id='word_1_434' title='bbox 2876 2893 3093 2946; x_wconf 82' lang='lat' dir='ltr'><strong>contulit</strong></span> <span class='ocrx_word' id='word_1_435' title='bbox 3122 2892 3265 2947; x_wconf 87' lang='lat' dir='ltr'><strong>nobis</strong></span> <span class='ocrx_word' id='word_1_436' title='bbox 3292 2893 3452 2963; x_wconf 63' lang='lat' dir='ltr'><strong>(Sag.</strong></span> <span class='ocrx_word' id='word_1_437' title='bbox 3485 2907 3542 2961; x_wconf 90' lang='lat' dir='ltr'><strong>v,</strong></span> <span class='ocrx_word' id='word_1_438' title='bbox 3573 2893 3665 2963; x_wconf 79' lang='lat'><strong>8)?</strong></span> <span class='ocrx_word' id='word_1_439' title='bbox 3700 2891 3851 2945; x_wconf 57' lang='lat' dir='ltr'><strong>Deutie</strong></span> 
     </span>
    </p>
   </div>
   <div class='ocr_carea' id='block_1_30' title="bbox 616 2981 3852 3054">
    <p class='ocr_par' dir='ltr' id='par_1_30' title="bbox 616 2981 3852 3054">
     <span class='ocr_line' id='line_1_30' title="bbox 616 2981 3852 3054; baseline -0.002 -13"><span class='ocrx_word' id='word_1_440' title='bbox 616 2985 750 3038; x_wconf 80' lang='lat' dir='ltr'><strong>riam</strong></span> <span class='ocrx_word' id='word_1_441' title='bbox 778 2995 832 3038; x_wconf 85' lang='lat' dir='ltr'><strong>el</strong></span> <span class='ocrx_word' id='word_1_442' title='bbox 859 2983 1073 3038; x_wconf 75' lang='lat' dir='ltr'><strong>divitias</strong></span> <span class='ocrx_word' id='word_1_443' title='bbox 1128 2983 1330 3036; x_wconf 75' lang='lat' dir='ltr'><strong>habet:</strong></span> <span class='ocrx_word' id='word_1_444' title='bbox 1374 2985 1496 3050; x_wconf 80' lang='lat' dir='ltr'><strong>quia</strong></span> <span class='ocrx_word' id='word_1_445' title='bbox 1545 2997 1640 3048; x_wconf 76' lang='lat' dir='ltr'><strong>Spe</strong></span> <span class='ocrx_word' id='word_1_446' title='bbox 1687 2997 1793 3035; x_wconf 81' lang='lat' dir='ltr'><strong>non</strong></span> <span class='ocrx_word' id='word_1_447' title='bbox 1833 2981 1992 3034; x_wconf 78' lang='lat' dir='ltr'><strong>dubia</strong></span> <span class='ocrx_word' id='word_1_448' title='bbox 2025 2982 2201 3036; x_wconf 69' lang='lat' dir='ltr'><strong>futura</strong></span> <span class='ocrx_word' id='word_1_449' title='bbox 2304 2987 2395 3041; x_wconf 89' lang='lat' dir='ltr'><strong>bus</strong></span> <span class='ocrx_word' id='word_1_450' title='bbox 2434 2988 2540 3040; x_wconf 91' lang='lat' dir='ltr'><strong>suis</strong></span> <span class='ocrx_word' id='word_1_451' title='bbox 2586 2986 2808 3054; x_wconf 76' lang='lat' dir='ltr'><strong>lrendet,</strong></span> <span class='ocrx_word' id='word_1_452' title='bbox 2857 2994 2902 3039; x_wconf 90' lang='lat' dir='ltr'><strong>et</strong></span> <span class='ocrx_word' id='word_1_453' title='bbox 2942 3001 3042 3038; x_wconf 87' lang='lat' dir='ltr'><strong>non</strong></span> <span class='ocrx_word' id='word_1_454' title='bbox 3072 2986 3378 3051; x_wconf 82' lang='lat' dir='ltr'><strong>revirescet;</strong></span> <span class='ocrx_word' id='word_1_455' title='bbox 3425 2985 3566 3039; x_wconf 88' lang='lat' dir='ltr'><strong>sicut</strong></span> <span class='ocrx_word' id='word_1_456' title='bbox 3616 2984 3779 3047; x_wconf 83' lang='lat' dir='ltr'><strong>ﬂeret,</strong></span> <span class='ocrx_word' id='word_1_457' title='bbox 3817 2983 3852 3037; x_wconf 86' lang='lat' dir='ltr'><strong>si</strong></span> 
     </span>
    </p>
   </div>
   <div class='ocr_carea' id='block_1_31' title="bbox 613 3073 3854 3149">
    <p class='ocr_par' dir='ltr' id='par_1_31' title="bbox 613 3073 3854 3149">
     <span class='ocr_line' id='line_1_31' title="bbox 613 3073 3854 3149; baseline -0 -19"><span class='ocrx_word' id='word_1_458' title='bbox 613 3076 720 3146; x_wconf 86' lang='lat' dir='ltr'><strong>jam</strong></span> <span class='ocrx_word' id='word_1_459' title='bbox 756 3077 1014 3145; x_wconf 80' lang='lat' dir='ltr'><strong>possidet,</strong></span> <span class='ocrx_word' id='word_1_460' title='bbox 1059 3088 1109 3130; x_wconf 86' lang='lat' dir='ltr'><strong>et</strong></span> <span class='ocrx_word' id='word_1_461' title='bbox 1141 3090 1365 3143; x_wconf 76' lang='lat' dir='ltr'><strong>regnum</strong></span> <span class='ocrx_word' id='word_1_462' title='bbox 1395 3076 1489 3129; x_wconf 85' lang='lat' dir='ltr'><strong>Dei</strong></span> <span class='ocrx_word' id='word_1_463' title='bbox 1540 3077 1675 3128; x_wconf 90' lang='lat' dir='ltr'><strong>intra</strong></span> <span class='ocrx_word' id='word_1_464' title='bbox 1727 3074 1901 3143; x_wconf 70' lang='lat' dir='ltr'><strong>ipsum</strong></span> <span class='ocrx_word' id='word_1_465' title='bbox 1931 3084 2013 3128; x_wconf 88' lang='lat' dir='ltr'><strong>est</strong></span> <span class='ocrx_word' id='word_1_466' title='bbox 2046 3073 2195 3147; x_wconf 83' lang='lat' dir='ltr'><strong>(Luc.</strong></span> <span class='ocrx_word' id='word_1_467' title='bbox 2245 3148 2260 3149; x_wconf 20' lang='grc' dir='ltr'><em>η</em></span> <span class='ocrx_word' id='word_1_468' title='bbox 2304 3089 2607 3149; x_wconf 71' lang='lat' dir='ltr'><strong>opportuno</strong></span> <span class='ocrx_word' id='word_1_469' title='bbox 2633 3095 2754 3134; x_wconf 74' lang='lat' dir='ltr'><strong>Cum</strong></span> <span class='ocrx_word' id='word_1_470' title='bbox 2799 3086 3045 3145; x_wconf 85' lang='lat' dir='ltr'><strong>tempore</strong></span> <span class='ocrx_word' id='word_1_471' title='bbox 3087 3079 3395 3146; x_wconf 67' lang='lat' dir='ltr'><strong>paeniteret.</strong></span> <span class='ocrx_word' id='word_1_472' title='bbox 3444 3077 3549 3132; x_wconf 80' lang='lat' dir='ltr'><strong>Sed</strong></span> <span class='ocrx_word' id='word_1_473' title='bbox 3585 3089 3701 3132; x_wconf 91' lang='lat' dir='ltr'><strong>tunc</strong></span> <span class='ocrx_word' id='word_1_474' title='bbox 3739 3073 3854 3131; x_wconf 81' lang='lat' dir='ltr'><strong>fren-</strong></span> 
     </span>
    </p>
   </div>
   <div class='ocr_carea' id='block_1_32' title="bbox 613 3148 3601 3243">
    <p class='ocr_par' dir='ltr' id='par_1_32' title="bbox 613 3148 3601 3243">
     <span class='ocr_line' id='line_1_32' title="bbox 613 3148 3601 3243; baseline -0 -20"><span class='ocrx_word' id='word_1_475' title='bbox 613 3184 745 3236; x_wconf 75' lang='lat' dir='ltr'><strong>xvn,</strong></span> <span class='ocrx_word' id='word_1_476' title='bbox 779 3167 895 3238; x_wconf 71' lang='grc'><strong>21).</strong></span> <span class='ocrx_word' id='word_1_477' title='bbox 938 3168 1108 3237; x_wconf 88' lang='lat' dir='ltr'><strong>llujus</strong></span> <span class='ocrx_word' id='word_1_478' title='bbox 1153 3167 1360 3236; x_wconf 81' lang='lat' dir='ltr'><strong>justitia</strong></span> <span class='ocrx_word' id='word_1_479' title='bbox 1394 3176 1576 3221; x_wconf 88' lang='lat' dir='ltr'><strong>manet</strong></span> <span class='ocrx_word' id='word_1_480' title='bbox 1607 3167 1658 3220; x_wconf 86' lang='lat' dir='ltr'><strong>in</strong></span> <span class='ocrx_word' id='word_1_481' title='bbox 1685 3168 1940 3221; x_wconf 70' lang='lat' dir='ltr'><strong>saeculum</strong></span> <span class='ocrx_word' id='word_1_482' title='bbox 1988 3167 2193 3234; x_wconf 64' lang='lat' dir='ltr'><strong>saeculi,</strong></span> <span class='ocrx_word' id='word_1_483' title='bbox 2224 3148 2268 3210; x_wconf 65' lang='grc' dir='ltr'>ε</span> <span class='ocrx_word' id='word_1_484' title='bbox 2301 3148 2411 3238; x_wconf 78' lang='lat' dir='ltr'><strong>det,</strong></span> <span class='ocrx_word' id='word_1_485' title='bbox 2445 3173 2661 3243; x_wconf 67' lang='lat' dir='ltr'><strong>quando</strong></span> <span class='ocrx_word' id='word_1_486' title='bbox 2687 3171 3002 3226; x_wconf 79' lang='lat' dir='ltr'><strong>desiderium</strong></span> <span class='ocrx_word' id='word_1_487' title='bbox 3042 3179 3367 3238; x_wconf 81' lang='lat' dir='ltr'><strong>peccatorum</strong></span> <span class='ocrx_word' id='word_1_488' title='bbox 3399 3169 3601 3235; x_wconf 82' lang='lat' dir='ltr'><strong>peribit.</strong></span> 
     </span>
    </p>
   </div>
   <div class='ocr_carea' id='block_1_33' title="bbox 615 3259 3353 3329">
    <p class='ocr_par' dir='ltr' id='par_1_33' title="bbox 615 3259 3353 3329">
     <span class='ocr_line' id='line_1_33' title="bbox 615 3259 3353 3329; baseline 0.001 -16"><span class='ocrx_word' id='word_1_489' title='bbox 615 3259 739 3329; x_wconf 83' lang='lat' dir='ltr'><strong>quia</strong></span> <span class='ocrx_word' id='word_1_490' title='bbox 767 3260 877 3327; x_wconf 89' lang='lat' dir='ltr'><strong>ipsa</strong></span> <span class='ocrx_word' id='word_1_491' title='bbox 907 3267 990 3314; x_wconf 90' lang='lat' dir='ltr'><strong>est</strong></span> <span class='ocrx_word' id='word_1_492' title='bbox 1014 3262 1182 3328; x_wconf 69' lang='lat' dir='ltr'><strong>gloria</strong></span> <span class='ocrx_word' id='word_1_493' title='bbox 1214 3269 1374 3328; x_wconf 88' lang='lat' dir='ltr'><strong>atque</strong></span> <span class='ocrx_word' id='word_1_494' title='bbox 1395 3259 1617 3311; x_wconf 63' lang='lat' dir='ltr'><strong>divitias.</strong></span> <span class='ocrx_word' id='word_1_495' title='bbox 2838 3261 3154 3318; x_wconf 68' lang='lat' dir='ltr'><strong>PSALMUS</strong></span> <span class='ocrx_word' id='word_1_496' title='bbox 3189 3260 3353 3316; x_wconf 76' lang='lat' dir='ltr'>CXII.</span> 
     </span>
    </p>
   </div>
   <div class='ocr_carea' id='block_1_34' title="bbox 690 3349 3255 3424">
    <p class='ocr_par' dir='ltr' id='par_1_34' title="bbox 690 3349 3255 3424">
     <span class='ocr_line' id='line_1_34' title="bbox 690 3349 3255 3424; baseline 0 -18"><span class='ocrx_word' id='word_1_497' title='bbox 690 3353 872 3421; x_wconf 74' lang='lat' dir='ltr'><strong>(Vera.</strong></span> <span class='ocrx_word' id='word_1_498' title='bbox 891 3354 974 3424; x_wconf 70' lang='grc'><strong>4.)</strong></span> <span class='ocrx_word' id='word_1_499' title='bbox 998 3353 1247 3407; x_wconf 79' lang='lat' dir='ltr'><strong>Exortum</strong></span> <span class='ocrx_word' id='word_1_500' title='bbox 1269 3361 1341 3406; x_wconf 88' lang='lat' dir='ltr'><strong>est</strong></span> <span class='ocrx_word' id='word_1_501' title='bbox 1362 3354 1414 3405; x_wconf 86' lang='lat' dir='ltr'><strong>in</strong></span> <span class='ocrx_word' id='word_1_502' title='bbox 1439 3352 1654 3405; x_wconf 85' lang='lat' dir='ltr'><strong>tenebris</strong></span> <span class='ocrx_word' id='word_1_503' title='bbox 1673 3349 1844 3405; x_wconf 86' lang='lat' dir='ltr'><strong>lumen</strong></span> <span class='ocrx_word' id='word_1_504' title='bbox 1864 3352 2014 3405; x_wconf 85' lang='lat' dir='ltr'><strong>rectis</strong></span> <span class='ocrx_word' id='word_1_505' title='bbox 2027 3352 2196 3404; x_wconf 89' lang='lat' dir='ltr'><strong>corde.</strong></span> <span class='ocrx_word' id='word_1_506' title='bbox 2932 3367 3255 3408; x_wconf 74' lang='lat' dir='ltr'><strong>BALLELUIA.</strong></span> 
     </span>
    </p>
   </div>
   <div class='ocr_carea' id='block_1_35' title="bbox 616 3444 3856 3521">
    <p class='ocr_par' dir='ltr' id='par_1_35' title="bbox 616 3444 3856 3521">
     <span class='ocr_line' id='line_1_35' title="bbox 616 3444 3856 3521; baseline -0.001 -21"><span class='ocrx_word' id='word_1_507' title='bbox 616 3446 804 3502; x_wconf 75' lang='lat' dir='ltr'><strong>Merito</strong></span> <span class='ocrx_word' id='word_1_508' title='bbox 832 3446 1072 3516; x_wconf 81' lang='lat' dir='ltr'><strong>dirigunt</strong></span> <span class='ocrx_word' id='word_1_509' title='bbox 1097 3461 1193 3500; x_wconf 88' lang='lat' dir='ltr'><strong>cor</strong></span> <span class='ocrx_word' id='word_1_510' title='bbox 1233 3445 1284 3498; x_wconf 91' lang='lat' dir='ltr'><strong>in</strong></span> <span class='ocrx_word' id='word_1_511' title='bbox 1319 3444 1606 3498; x_wconf 89' lang='lat' dir='ltr'><strong>Dominum</strong></span> <span class='ocrx_word' id='word_1_512' title='bbox 1655 3458 1831 3511; x_wconf 89' lang='lat' dir='ltr'><strong>suum,</strong></span> <span class='ocrx_word' id='word_1_513' title='bbox 1865 3444 2058 3497; x_wconf 86' lang='lat' dir='ltr'><strong>merito</strong></span> <span class='ocrx_word' id='word_1_514' title='bbox 2086 3458 2201 3496; x_wconf 87' lang='lat' dir='ltr'><strong>am-</strong></span> <span class='ocrx_word' id='word_1_515' title='bbox 2376 3449 2554 3521; x_wconf 70' lang='lat' dir='ltr'><strong>(Verg.</strong></span> <span class='ocrx_word' id='word_1_516' title='bbox 2587 3448 2665 3518; x_wconf 80' lang='lat' dir='ltr'><strong>l.)</strong></span> <span class='ocrx_word' id='word_1_517' title='bbox 2700 3447 2959 3516; x_wconf 71' lang='lat' dir='ltr'><strong>Laudare,</strong></span> <span class='ocrx_word' id='word_1_518' title='bbox 3009 3447 3186 3516; x_wconf 78' lang='lat' dir='ltr'><strong>pueri,</strong></span> <span class='ocrx_word' id='word_1_519' title='bbox 3220 3446 3528 3512; x_wconf 81' lang='lat' dir='ltr'><strong>Dominum,</strong></span> <span class='ocrx_word' id='word_1_520' title='bbox 3563 3445 3764 3499; x_wconf 84' lang='lat' dir='ltr'><strong>laudate</strong></span> <span class='ocrx_word' id='word_1_521' title='bbox 3785 3461 3856 3498; x_wconf 86' lang='lat' dir='ltr'><strong>no-</strong></span> 
     </span>
    </p>
   </div>
   <div class='ocr_carea' id='block_1_36' title="bbox 615 3535 3854 3612">
    <p class='ocr_par' dir='ltr' id='par_1_36' title="bbox 615 3535 3854 3612">
     <span class='ocr_line' id='line_1_36' title="bbox 615 3535 3854 3612; baseline -0.001 -14"><span class='ocrx_word' id='word_1_522' title='bbox 615 3537 804 3594; x_wconf 77' lang='lat' dir='ltr'><strong>bulaut</strong></span> <span class='ocrx_word' id='word_1_523' title='bbox 833 3540 967 3593; x_wconf 73' lang='grc' dir='ltr'><strong>τεεῑί</strong></span> <span class='ocrx_word' id='word_1_524' title='bbox 986 3553 1108 3591; x_wconf 84' lang='lat' dir='ltr'><strong>cum</strong></span> <span class='ocrx_word' id='word_1_525' title='bbox 1146 3539 1373 3591; x_wconf 78' lang='lat' dir='ltr'><strong>Domino</strong></span> <span class='ocrx_word' id='word_1_526' title='bbox 1399 3551 1517 3602; x_wconf 68' lang='lat' dir='ltr'><strong>suo.</strong></span> <span class='ocrx_word' id='word_1_527' title='bbox 1551 3536 1639 3605; x_wconf 83' lang='grc' dir='ltr'><strong>(ιυὶ</strong></span> <span class='ocrx_word' id='word_1_528' title='bbox 1676 3551 1795 3590; x_wconf 72' lang='lat' dir='ltr'><strong>cum</strong></span> <span class='ocrx_word' id='word_1_529' title='bbox 1826 3544 2010 3590; x_wconf 65' lang='lat' dir='ltr'><strong>essent</strong></span> <span class='ocrx_word' id='word_1_530' title='bbox 2037 3535 2089 3588; x_wconf 74' lang='lat' dir='ltr'><strong>in</strong></span> <span class='ocrx_word' id='word_1_531' title='bbox 2123 3542 2200 3588; x_wconf 67' lang='grc' dir='ltr'><strong>ιθ·</strong></span> <span class='ocrx_word' id='word_1_532' title='bbox 2301 3561 2416 3600; x_wconf 84' lang='lat' dir='ltr'><strong>men</strong></span> <span class='ocrx_word' id='word_1_533' title='bbox 2449 3544 2677 3597; x_wconf 73' lang='lat' dir='ltr'><strong>Domini.</strong></span> <span class='ocrx_word' id='word_1_534' title='bbox 2712 3542 3028 3597; x_wconf 72' lang='lat' dir='ltr'><strong>Exhortatio</strong></span> <span class='ocrx_word' id='word_1_535' title='bbox 3060 3543 3173 3596; x_wconf 63' lang='lat' dir='ltr'><strong>haec</strong></span> <span class='ocrx_word' id='word_1_536' title='bbox 3197 3555 3300 3596; x_wconf 88' lang='lat' dir='ltr'><strong>non</strong></span> <span class='ocrx_word' id='word_1_537' title='bbox 3325 3542 3388 3595; x_wconf 87' lang='lat' dir='ltr'><strong>ad</strong></span> <span class='ocrx_word' id='word_1_538' title='bbox 3422 3541 3654 3612; x_wconf 71' lang='lat' dir='ltr'><strong>pueriles</strong></span> <span class='ocrx_word' id='word_1_539' title='bbox 3678 3550 3854 3595; x_wconf 86' lang='lat' dir='ltr'><strong>tantum</strong></span> 
     </span>
    </p>
   </div>
   <div class='ocr_carea' id='block_1_37' title="bbox 613 3627 3854 3704">
    <p class='ocr_par' dir='ltr' id='par_1_37' title="bbox 613 3627 3854 3704">
     <span class='ocr_line' id='line_1_37' title="bbox 613 3627 3854 3704; baseline 0.001 -23"><span class='ocrx_word' id='word_1_540' title='bbox 613 3633 817 3697; x_wconf 78' lang='lat' dir='ltr'><strong>nebris,</strong></span> <span class='ocrx_word' id='word_1_541' title='bbox 875 3635 1048 3686; x_wconf 87' lang='lat' dir='ltr'><strong>lucem</strong></span> <span class='ocrx_word' id='word_1_542' title='bbox 1094 3631 1341 3685; x_wconf 87' lang='lat' dir='ltr'><strong>viderunt</strong></span> <span class='ocrx_word' id='word_1_543' title='bbox 1395 3643 1642 3698; x_wconf 75' lang='lat' dir='ltr'><strong>magnam</strong></span> <span class='ocrx_word' id='word_1_544' title='bbox 1691 3627 1846 3697; x_wconf 80' lang='lat' dir='ltr'><strong>(Isat&#39;.</strong></span> <span class='ocrx_word' id='word_1_545' title='bbox 1900 3643 1974 3692; x_wconf 71' lang='grc' dir='ltr'><strong>ιχ,</strong></span> <span class='ocrx_word' id='word_1_546' title='bbox 2032 3627 2111 3697; x_wconf 71' lang='grc'><strong>2),</strong></span> <span class='ocrx_word' id='word_1_547' title='bbox 2147 3639 2199 3682; x_wconf 81' lang='lat' dir='ltr'><strong>et</strong></span> <span class='ocrx_word' id='word_1_548' title='bbox 2302 3652 2492 3704; x_wconf 77' lang='lat' dir='ltr'><strong>annos,</strong></span> <span class='ocrx_word' id='word_1_549' title='bbox 2541 3636 2632 3690; x_wconf 83' lang='lat' dir='ltr'><strong>sed</strong></span> <span class='ocrx_word' id='word_1_550' title='bbox 2666 3635 2729 3688; x_wconf 79' lang='lat' dir='ltr'><strong>ad</strong></span> <span class='ocrx_word' id='word_1_551' title='bbox 2759 3647 2975 3689; x_wconf 85' lang='lat' dir='ltr'><strong>omnem</strong></span> <span class='ocrx_word' id='word_1_552' title='bbox 3028 3637 3296 3702; x_wconf 77' lang='lat' dir='ltr'><strong>profertur</strong></span> <span class='ocrx_word' id='word_1_553' title='bbox 3348 3643 3582 3689; x_wconf 69' lang='lat' dir='ltr'><strong>mlatcm.</strong></span> <span class='ocrx_word' id='word_1_554' title='bbox 3630 3633 3854 3690; x_wconf 83' lang='lat' dir='ltr'><strong>Omnibus</strong></span> 
     </span>
    </p>
   </div>
   <div class='ocr_carea' id='block_1_38' title="bbox 614 3722 3854 3797">
    <p class='ocr_par' dir='ltr' id='par_1_38' title="bbox 614 3722 3854 3797">
     <span class='ocr_line' id='line_1_38' title="bbox 614 3722 3854 3797; baseline -0.002 -18"><span class='ocrx_word' id='word_1_555' title='bbox 614 3725 975 3779; x_wconf 86' lang='lat' dir='ltr'><strong>mem-inerunt</strong></span> <span class='ocrx_word' id='word_1_556' title='bbox 1004 3722 1168 3776; x_wconf 79' lang='lat' dir='ltr'><strong>fuisse</strong></span> <span class='ocrx_word' id='word_1_557' title='bbox 1204 3733 1263 3776; x_wconf 86' lang='lat' dir='ltr'><strong>se</strong></span> <span class='ocrx_word' id='word_1_558' title='bbox 1306 3723 1594 3791; x_wconf 82' lang='lat' dir='ltr'><strong>aliquando</strong></span> <span class='ocrx_word' id='word_1_559' title='bbox 1626 3724 1900 3785; x_wconf 84' lang='lat' dir='ltr'><strong>tenebras,</strong></span> <span class='ocrx_word' id='word_1_560' title='bbox 1935 3735 2075 3774; x_wconf 90' lang='lat' dir='ltr'><strong>nunc</strong></span> <span class='ocrx_word' id='word_1_561' title='bbox 2104 3736 2200 3773; x_wconf 86' lang='lat' dir='ltr'><strong>au-</strong></span> <span class='ocrx_word' id='word_1_562' title='bbox 2302 3730 2444 3784; x_wconf 68' lang='lat' dir='ltr'><strong>enim</strong></span> <span class='ocrx_word' id='word_1_563' title='bbox 2472 3729 2759 3797; x_wconf 64' lang='lat' dir='ltr'><strong>Apostolus</strong></span> <span class='ocrx_word' id='word_1_564' title='bbox 2783 3728 2934 3795; x_wconf 70' lang='lat' dir='ltr'><strong>dicit,</strong></span> <span class='ocrx_word' id='word_1_565' title='bbox 2971 3726 3150 3780; x_wconf 69' lang='lat' dir='ltr'><strong>Name</strong></span> <span class='ocrx_word' id='word_1_566' title='bbox 3178 3727 3304 3796; x_wconf 73' lang='grc' dir='ltr'><strong>επεεὶ</strong></span> <span class='ocrx_word' id='word_1_567' title='bbox 3332 3727 3479 3796; x_wconf 75' lang='lat' dir='ltr'><strong>pueri</strong></span> <span class='ocrx_word' id='word_1_568' title='bbox 3506 3726 3768 3789; x_wconf 69' lang='lat' dir='ltr'><strong>mentibus,</strong></span> <span class='ocrx_word' id='word_1_569' title='bbox 3787 3726 3854 3778; x_wconf 73' lang='lat' dir='ltr'><strong>sed</strong></span> 
     </span>
    </p>
   </div>
   <div class='ocr_carea' id='block_1_39' title="bbox 615 3813 3853 3892">
    <p class='ocr_par' dir='ltr' id='par_1_39' title="bbox 615 3813 3853 3892">
     <span class='ocr_line' id='line_1_39' title="bbox 615 3813 3853 3892; baseline 0 -24"><span class='ocrx_word' id='word_1_570' title='bbox 615 3825 722 3872; x_wconf 71' lang='lat' dir='ltr'><strong>teni</strong></span> <span class='ocrx_word' id='word_1_571' title='bbox 771 3818 942 3872; x_wconf 87' lang='lat' dir='ltr'><strong>lucem</strong></span> <span class='ocrx_word' id='word_1_572' title='bbox 985 3817 1038 3870; x_wconf 90' lang='lat' dir='ltr'><strong>in</strong></span> <span class='ocrx_word' id='word_1_573' title='bbox 1070 3816 1297 3869; x_wconf 89' lang='lat' dir='ltr'><strong>Domino</strong></span> <span class='ocrx_word' id='word_1_574' title='bbox 1321 3813 1540 3884; x_wconf 83' lang='lat' dir='ltr'><strong>(Ephes.</strong></span> <span class='ocrx_word' id='word_1_575' title='bbox 1587 3830 1639 3881; x_wconf 70' lang='grc' dir='ltr'><strong>ν,</strong></span> <span class='ocrx_word' id='word_1_576' title='bbox 1674 3813 1752 3883; x_wconf 84' lang='lat'><strong>8).</strong></span> <span class='ocrx_word' id='word_1_577' title='bbox 1806 3814 2122 3881; x_wconf 70' lang='lat' dir='ltr'><strong>Miseriwrs,</strong></span> <span class='ocrx_word' id='word_1_578' title='bbox 2155 3823 2198 3867; x_wconf 78' lang='lat' dir='ltr'><strong>et</strong></span> <span class='ocrx_word' id='word_1_579' title='bbox 2303 3821 2502 3876; x_wconf 79' lang='lat' dir='ltr'><strong>malitia</strong></span> <span class='ocrx_word' id='word_1_580' title='bbox 2532 3822 2732 3891; x_wconf 78' lang='lat' dir='ltr'><strong>parvuli</strong></span> <span class='ocrx_word' id='word_1_581' title='bbox 2755 3827 2937 3886; x_wconf 82' lang='lat' dir='ltr'><strong>estote,</strong></span> <span class='ocrx_word' id='word_1_582' title='bbox 2968 3829 3023 3873; x_wconf 85' lang='lat' dir='ltr'><strong>ut</strong></span> <span class='ocrx_word' id='word_1_583' title='bbox 3048 3821 3296 3873; x_wconf 84' lang='lat' dir='ltr'><strong>mentibus</strong></span> <span class='ocrx_word' id='word_1_584' title='bbox 3319 3820 3534 3892; x_wconf 69' lang='grc' dir='ltr'><strong>ρει-[εστὶ</strong></span> <span class='ocrx_word' id='word_1_585' title='bbox 3559 3820 3665 3874; x_wconf 85' lang='lat' dir='ltr'><strong>sitis</strong></span> <span class='ocrx_word' id='word_1_586' title='bbox 3700 3818 3853 3888; x_wconf 89' lang='lat' dir='ltr'><strong>(lCor.</strong></span> 
     </span>
    </p>
   </div>
   <div class='ocr_carea' id='block_1_40' title="bbox 613 3907 3856 3980">
    <p class='ocr_par' dir='ltr' id='par_1_40' title="bbox 613 3907 3856 3980">
     <span class='ocr_line' id='line_1_40' title="bbox 613 3907 3856 3980; baseline 0 -16"><span class='ocrx_word' id='word_1_587' title='bbox 613 3912 902 3977; x_wconf 80' lang='lat' dir='ltr'><strong>miserator,</strong></span> <span class='ocrx_word' id='word_1_588' title='bbox 935 3913 1172 3980; x_wconf 85' lang='lat' dir='ltr'><strong>etjustus</strong></span> <span class='ocrx_word' id='word_1_589' title='bbox 1201 3907 1473 3961; x_wconf 80' lang='lat' dir='ltr'><strong>Dominus.</strong></span> <span class='ocrx_word' id='word_1_590' title='bbox 1515 3907 1619 3975; x_wconf 85' lang='lat' dir='ltr'><strong>Qui</strong></span> <span class='ocrx_word' id='word_1_591' title='bbox 1647 3908 1957 3971; x_wconf 86' lang='lat' dir='ltr'><strong>miseretur,</strong></span> <span class='ocrx_word' id='word_1_592' title='bbox 1993 3919 2046 3959; x_wconf 85' lang='lat' dir='ltr'><strong>ut</strong></span> <span class='ocrx_word' id='word_1_593' title='bbox 2095 3907 2196 3959; x_wconf 90' lang='lat' dir='ltr'><strong>mi-</strong></span> <span class='ocrx_word' id='word_1_594' title='bbox 2300 3929 2409 3978; x_wconf 72' lang='grc' dir='ltr'><strong>ιιν,</strong></span> <span class='ocrx_word' id='word_1_595' title='bbox 2433 3913 2548 3978; x_wconf 79' lang='lat'><strong>‘20).</strong></span> <span class='ocrx_word' id='word_1_596' title='bbox 2581 3913 2693 3980; x_wconf 85' lang='lat' dir='ltr'><strong>Qua</strong></span> <span class='ocrx_word' id='word_1_597' title='bbox 2725 3913 2952 3977; x_wconf 81' lang='lat' dir='ltr'><strong>malitia,</strong></span> <span class='ocrx_word' id='word_1_598' title='bbox 3004 3913 3104 3964; x_wconf 80' lang='lat' dir='ltr'><strong>nisi</strong></span> <span class='ocrx_word' id='word_1_599' title='bbox 3155 3911 3449 3979; x_wconf 83' lang='lat' dir='ltr'><strong>superbia?</strong></span> <span class='ocrx_word' id='word_1_600' title='bbox 3478 3907 3593 3977; x_wconf 80' lang='lat' dir='ltr'><strong>Ipsa</strong></span> <span class='ocrx_word' id='word_1_601' title='bbox 3636 3911 3769 3964; x_wconf 87' lang='lat' dir='ltr'><strong>enim</strong></span> <span class='ocrx_word' id='word_1_602' title='bbox 3805 3907 3856 3962; x_wconf 86' lang='lat' dir='ltr'><strong>de</strong></span> 
     </span>
    </p>
   </div>
   <div class='ocr_carea' id='block_1_41' title="bbox 615 4001 3855 4077">
    <p class='ocr_par' dir='ltr' id='par_1_41' title="bbox 615 4001 3855 4077">
     <span class='ocr_line' id='line_1_41' title="bbox 615 4001 3855 4077; baseline -0.001 -19"><span class='ocrx_word' id='word_1_603' title='bbox 615 4012 893 4069; x_wconf 87' lang='lat' dir='ltr'><strong>sereatur,</strong></span> <span class='ocrx_word' id='word_1_604' title='bbox 935 4011 989 4056; x_wconf 87' lang='lat' dir='ltr'><strong>et</strong></span> <span class='ocrx_word' id='word_1_605' title='bbox 1029 4004 1204 4071; x_wconf 85' lang='lat' dir='ltr'><strong>justus</strong></span> <span class='ocrx_word' id='word_1_606' title='bbox 1245 4014 1328 4056; x_wconf 89' lang='lat' dir='ltr'><strong>est</strong></span> <span class='ocrx_word' id='word_1_607' title='bbox 1375 4003 1426 4055; x_wconf 93' lang='lat' dir='ltr'><strong>in</strong></span> <span class='ocrx_word' id='word_1_608' title='bbox 1473 4003 1864 4067; x_wconf 81' lang='lat' dir='ltr'><strong>retributione;</strong></span> <span class='ocrx_word' id='word_1_609' title='bbox 1912 4003 2035 4072; x_wconf 87' lang='lat' dir='ltr'><strong>quia</strong></span> <span class='ocrx_word' id='word_1_610' title='bbox 2069 4001 2198 4055; x_wconf 90' lang='lat' dir='ltr'><strong>nulli</strong></span> <span class='ocrx_word' id='word_1_611' title='bbox 2301 4023 2435 4062; x_wconf 79' lang='lat' dir='ltr'><strong>vana</strong></span> <span class='ocrx_word' id='word_1_612' title='bbox 2467 4007 2770 4077; x_wconf 79' lang='lat' dir='ltr'><strong>granditate</strong></span> <span class='ocrx_word' id='word_1_613' title='bbox 2799 4019 3154 4076; x_wconf 72' lang='lat' dir='ltr'><strong>prmsumens,</strong></span> <span class='ocrx_word' id='word_1_614' title='bbox 3183 4020 3290 4058; x_wconf 89' lang='lat' dir='ltr'><strong>non</strong></span> <span class='ocrx_word' id='word_1_615' title='bbox 3323 4002 3738 4058; x_wconf 87' lang='lat' dir='ltr'><strong>sinitbominem</strong></span> <span class='ocrx_word' id='word_1_616' title='bbox 3765 4015 3855 4054; x_wconf 87' lang='lat' dir='ltr'><strong>am-</strong></span> 
     </span>
    </p>
   </div>
   <div class='ocr_carea' id='block_1_42' title="bbox 615 4096 3854 4168">
    <p class='ocr_par' dir='ltr' id='par_1_42' title="bbox 615 4096 3854 4168">
     <span class='ocr_line' id='line_1_42' title="bbox 615 4096 3854 4168; baseline -0.002 -13"><span class='ocrx_word' id='word_1_617' title='bbox 615 4096 1060 4165; x_wconf 75' lang='lat' dir='ltr'><strong>fatcieljudicium</strong></span> <span class='ocrx_word' id='word_1_618' title='bbox 1093 4098 1209 4149; x_wconf 80' lang='lat' dir='ltr'><strong>Sine</strong></span> <span class='ocrx_word' id='word_1_619' title='bbox 1239 4097 1636 4149; x_wconf 55' lang='lat' dir='ltr'><strong>misericordia.</strong></span> <span class='ocrx_word' id='word_1_620' title='bbox 2301 4100 2486 4155; x_wconf 75' lang='lat' dir='ltr'><strong>bularo</strong></span> <span class='ocrx_word' id='word_1_621' title='bbox 2532 4112 2627 4168; x_wconf 83' lang='lat' dir='ltr'><strong>per</strong></span> <span class='ocrx_word' id='word_1_622' title='bbox 2657 4109 2857 4153; x_wconf 87' lang='lat' dir='ltr'><strong>arctam</strong></span> <span class='ocrx_word' id='word_1_623' title='bbox 2913 4099 3079 4162; x_wconf 76' lang='lat' dir='ltr'><strong>viam,</strong></span> <span class='ocrx_word' id='word_1_624' title='bbox 3124 4106 3178 4150; x_wconf 90' lang='lat' dir='ltr'><strong>et</strong></span> <span class='ocrx_word' id='word_1_625' title='bbox 3207 4098 3407 4150; x_wconf 90' lang='lat' dir='ltr'><strong>intrare</strong></span> <span class='ocrx_word' id='word_1_626' title='bbox 3459 4107 3556 4163; x_wconf 85' lang='lat' dir='ltr'><strong>per</strong></span> <span class='ocrx_word' id='word_1_627' title='bbox 3604 4105 3854 4164; x_wconf 79' lang='lat' dir='ltr'><strong>angustam</strong></span> 
     </span>
    </p>
   </div>
   <div class='ocr_carea' id='block_1_43' title="bbox 692 4186 3857 4264">
    <p class='ocr_par' dir='ltr' id='par_1_43' title="bbox 692 4186 3857 4264">
     <span class='ocr_line' id='line_1_43' title="bbox 692 4186 3857 4264; baseline -0.002 -23"><span class='ocrx_word' id='word_1_628' title='bbox 692 4188 868 4257; x_wconf 74' lang='lat' dir='ltr'><strong>(Vera.</strong></span> <span class='ocrx_word' id='word_1_629' title='bbox 897 4186 976 4254; x_wconf 83' lang='lat'><strong>5.)</strong></span> <span class='ocrx_word' id='word_1_630' title='bbox 1009 4186 1195 4240; x_wconf 80' lang='lat' dir='ltr'><strong>Suavis</strong></span> <span class='ocrx_word' id='word_1_631' title='bbox 1225 4187 1373 4239; x_wconf 88' lang='lat' dir='ltr'><strong>homo</strong></span> <span class='ocrx_word' id='word_1_632' title='bbox 1399 4187 1488 4256; x_wconf 79' lang='lat' dir='ltr'><strong>qui</strong></span> <span class='ocrx_word' id='word_1_633' title='bbox 1511 4188 1774 4240; x_wconf 86' lang='lat' dir='ltr'><strong>miseretur</strong></span> <span class='ocrx_word' id='word_1_634' title='bbox 1805 4198 1850 4241; x_wconf 91' lang='lat' dir='ltr'><strong>et</strong></span> <span class='ocrx_word' id='word_1_635' title='bbox 1889 4188 2194 4240; x_wconf 84' lang='lat' dir='ltr'><strong>commodat.</strong></span> <span class='ocrx_word' id='word_1_636' title='bbox 2302 4201 2510 4263; x_wconf 84' lang='lat' dir='ltr'><strong>portam</strong></span> <span class='ocrx_word' id='word_1_637' title='bbox 2543 4191 2760 4264; x_wconf 77' lang='lat' dir='ltr'><strong>(Matth.</strong></span> <span class='ocrx_word' id='word_1_638' title='bbox 2793 4203 2889 4259; x_wconf 85' lang='lat' dir='ltr'><strong>vn,</strong></span> <span class='ocrx_word' id='word_1_639' title='bbox 2909 4189 3016 4259; x_wconf 80' lang='grc' dir='ltr'><strong>Η).</strong></span> <span class='ocrx_word' id='word_1_640' title='bbox 3049 4189 3188 4242; x_wconf 87' lang='lat' dir='ltr'><strong>Puer</strong></span> <span class='ocrx_word' id='word_1_641' title='bbox 3211 4198 3387 4242; x_wconf 85' lang='lat' dir='ltr'><strong>autem</strong></span> <span class='ocrx_word' id='word_1_642' title='bbox 3414 4187 3570 4264; x_wconf 79' lang='lat' dir='ltr'><strong>facile</strong></span> <span class='ocrx_word' id='word_1_643' title='bbox 3599 4191 3752 4240; x_wconf 87' lang='lat' dir='ltr'><strong>intrat</strong></span> <span class='ocrx_word' id='word_1_644' title='bbox 3780 4198 3857 4253; x_wconf 87' lang='lat' dir='ltr'><strong>per</strong></span> 
     </span>
    </p>
   </div>
   <div class='ocr_carea' id='block_1_44' title="bbox 617 4276 3858 4353">
    <p class='ocr_par' dir='ltr' id='par_1_44' title="bbox 617 4276 3858 4353">
     <span class='ocr_line' id='line_1_44' title="bbox 617 4276 3858 4353; baseline -0.002 -20"><span class='ocrx_word' id='word_1_645' title='bbox 617 4279 768 4334; x_wconf 80' lang='lat' dir='ltr'><strong>Hunc</strong></span> <span class='ocrx_word' id='word_1_646' title='bbox 795 4289 1086 4332; x_wconf 81' lang='lat' dir='ltr'><strong>suavemet</strong></span> <span class='ocrx_word' id='word_1_647' title='bbox 1112 4279 1298 4330; x_wconf 86' lang='lat' dir='ltr'><strong>mitem</strong></span> <span class='ocrx_word' id='word_1_648' title='bbox 1325 4285 1485 4346; x_wconf 78' lang='lat' dir='ltr'><strong>atque</strong></span> <span class='ocrx_word' id='word_1_649' title='bbox 1511 4277 1829 4346; x_wconf 82' lang='lat' dir='ltr'><strong>jucundum,</strong></span> <span class='ocrx_word' id='word_1_650' title='bbox 1861 4295 1962 4332; x_wconf 91' lang='lat' dir='ltr'><strong>non</strong></span> <span class='ocrx_word' id='word_1_651' title='bbox 1997 4281 2198 4334; x_wconf 85' lang='lat' dir='ltr'><strong>evomit</strong></span> <span class='ocrx_word' id='word_1_652' title='bbox 2302 4291 2618 4353; x_wconf 77' lang='lat' dir='ltr'><strong>angustam;</strong></span> <span class='ocrx_word' id='word_1_653' title='bbox 2669 4291 2723 4337; x_wconf 88' lang='lat' dir='ltr'><strong>et</strong></span> <span class='ocrx_word' id='word_1_654' title='bbox 2772 4281 2894 4335; x_wconf 87' lang='lat' dir='ltr'><strong>ideo</strong></span> <span class='ocrx_word' id='word_1_655' title='bbox 2938 4295 3118 4348; x_wconf 79' lang='lat' dir='ltr'><strong>nemo,</strong></span> <span class='ocrx_word' id='word_1_656' title='bbox 3173 4280 3274 4352; x_wconf 83' lang='lat' dir='ltr'><strong>nisi</strong></span> <span class='ocrx_word' id='word_1_657' title='bbox 3319 4289 3611 4333; x_wconf 69' lang='lat' dir='ltr'><strong>movet-~03</strong></span> <span class='ocrx_word' id='word_1_658' title='bbox 3640 4276 3790 4331; x_wconf 81' lang='lat' dir='ltr'><strong>fuerit</strong></span> <span class='ocrx_word' id='word_1_659' title='bbox 3815 4283 3858 4325; x_wconf 82' lang='lat' dir='ltr'><strong>ut</strong></span> 
     </span>
    </p>
   </div>
   <div class='ocr_carea' id='block_1_45' title="bbox 617 4368 3858 4448">
    <p class='ocr_par' dir='ltr' id='par_1_45' title="bbox 617 4368 3858 4448">
     <span class='ocr_line' id='line_1_45' title="bbox 617 4368 3858 4448; baseline -0.002 -23"><span class='ocrx_word' id='word_1_660' title='bbox 617 4370 759 4425; x_wconf 80' lang='lat' dir='ltr'><strong>Deus</strong></span> <span class='ocrx_word' id='word_1_661' title='bbox 799 4387 863 4425; x_wconf 81' lang='lat' dir='ltr'><strong>ex</strong></span> <span class='ocrx_word' id='word_1_662' title='bbox 893 4385 989 4425; x_wconf 87' lang='lat' dir='ltr'><strong>ore</strong></span> <span class='ocrx_word' id='word_1_663' title='bbox 1017 4385 1114 4425; x_wconf 91' lang='lat' dir='ltr'><strong>suo</strong></span> <span class='ocrx_word' id='word_1_664' title='bbox 1136 4411 1150 4435; x_wconf 91' lang='lat'><strong>,</strong></span> <span class='ocrx_word' id='word_1_665' title='bbox 1202 4379 1470 4438; x_wconf 81' lang='lat' dir='ltr'><strong>tamquam</strong></span> <span class='ocrx_word' id='word_1_666' title='bbox 1503 4371 1627 4424; x_wconf 83' lang='lat' dir='ltr'><strong>mali</strong></span> <span class='ocrx_word' id='word_1_667' title='bbox 1658 4371 1863 4433; x_wconf 86' lang='lat' dir='ltr'><strong>odoris,</strong></span> <span class='ocrx_word' id='word_1_668' title='bbox 1917 4382 2009 4426; x_wconf 87' lang='lat' dir='ltr'><strong>aut</strong></span> <span class='ocrx_word' id='word_1_669' title='bbox 2055 4373 2200 4426; x_wconf 84' lang='lat' dir='ltr'><strong>lasti-</strong></span> <span class='ocrx_word' id='word_1_670' title='bbox 2245 4437 2262 4442; x_wconf 93' lang='lat'>_</span> <span class='ocrx_word' id='word_1_671' title='bbox 2302 4391 2456 4448; x_wconf 88' lang='lat' dir='ltr'><strong>puer,</strong></span> <span class='ocrx_word' id='word_1_672' title='bbox 2491 4377 2653 4431; x_wconf 85' lang='lat' dir='ltr'><strong>intrat</strong></span> <span class='ocrx_word' id='word_1_673' title='bbox 2678 4377 2731 4430; x_wconf 92' lang='lat' dir='ltr'><strong>in</strong></span> <span class='ocrx_word' id='word_1_674' title='bbox 2756 4389 2979 4445; x_wconf 81' lang='lat' dir='ltr'><strong>regnum</strong></span> <span class='ocrx_word' id='word_1_675' title='bbox 3003 4374 3262 4428; x_wconf 74' lang='lat' dir='ltr'><strong>caelorum</strong></span> <span class='ocrx_word' id='word_1_676' title='bbox 3284 4371 3435 4443; x_wconf 87' lang='lat' dir='ltr'><strong>(Luc.</strong></span> <span class='ocrx_word' id='word_1_677' title='bbox 3467 4371 3720 4438; x_wconf 63' lang='lat'><strong>“11.94).</strong></span> <span class='ocrx_word' id='word_1_678' title='bbox 3749 4368 3858 4422; x_wconf 85' lang='lat' dir='ltr'><strong>Pue-</strong></span> 
     </span>
    </p>
   </div>
   <div class='ocr_carea' id='block_1_46' title="bbox 615 4455 3855 4536">
    <p class='ocr_par' dir='ltr' id='par_1_46' title="bbox 615 4455 3855 4536">
     <span class='ocr_line' id='line_1_46' title="bbox 615 4455 3855 4536; baseline -0.003 -18"><span class='ocrx_word' id='word_1_679' title='bbox 615 4463 794 4518; x_wconf 83' lang='lat' dir='ltr'><strong>diendi</strong></span> <span class='ocrx_word' id='word_1_680' title='bbox 827 4464 1052 4533; x_wconf 87' lang='lat' dir='ltr'><strong>saporis.</strong></span> <span class='ocrx_word' id='word_1_681' title='bbox 1101 4463 1235 4517; x_wconf 78' lang='lat' dir='ltr'><strong>Tota</strong></span> <span class='ocrx_word' id='word_1_682' title='bbox 1283 4471 1462 4518; x_wconf 87' lang='lat' dir='ltr'><strong>autem</strong></span> <span class='ocrx_word' id='word_1_683' title='bbox 1505 4463 1741 4518; x_wconf 76' lang='lat' dir='ltr'><strong>suavitas</strong></span> <span class='ocrx_word' id='word_1_684' title='bbox 1789 4465 1906 4534; x_wconf 85' lang='lat' dir='ltr'><strong>ejus</strong></span> <span class='ocrx_word' id='word_1_685' title='bbox 1937 4467 1987 4519; x_wconf 94' lang='lat' dir='ltr'><strong>in</strong></span> <span class='ocrx_word' id='word_1_686' title='bbox 2019 4482 2083 4520; x_wconf 88' lang='lat' dir='ltr'><strong>eo</strong></span> <span class='ocrx_word' id='word_1_687' title='bbox 2115 4475 2197 4520; x_wconf 86' lang='lat' dir='ltr'><strong>est</strong></span> <span class='ocrx_word' id='word_1_688' title='bbox 2226 4525 2271 4536; x_wconf 42' lang='grc' dir='ltr'>Ἀ</span> <span class='ocrx_word' id='word_1_689' title='bbox 2303 4483 2484 4524; x_wconf 86' lang='lat' dir='ltr'><strong>rorutn</strong></span> <span class='ocrx_word' id='word_1_690' title='bbox 2518 4482 2650 4536; x_wconf 78' lang='lat' dir='ltr'><strong>ergo</strong></span> <span class='ocrx_word' id='word_1_691' title='bbox 2677 4469 2919 4533; x_wconf 86' lang='lat' dir='ltr'><strong>nomine,</strong></span> <span class='ocrx_word' id='word_1_692' title='bbox 2969 4479 3078 4522; x_wconf 73' lang='lat' dir='ltr'><strong>non</strong></span> <span class='ocrx_word' id='word_1_693' title='bbox 3106 4476 3236 4518; x_wconf 65' lang='lat' dir='ltr'><strong>aetas</strong></span> <span class='ocrx_word' id='word_1_694' title='bbox 3287 4464 3594 4528; x_wconf 79' lang='lat' dir='ltr'><strong>infantium,</strong></span> <span class='ocrx_word' id='word_1_695' title='bbox 3637 4460 3728 4516; x_wconf 83' lang='lat' dir='ltr'><strong>sed</strong></span> <span class='ocrx_word' id='word_1_696' title='bbox 3765 4455 3855 4509; x_wconf 45' lang='lat' dir='ltr'><strong>aui.</strong></span> 
     </span>
    </p>
   </div>
   <div class='ocr_carea' id='block_1_47' title="bbox 615 4525 3854 4629">
    <p class='ocr_par' dir='ltr' id='par_1_47' title="bbox 615 4525 3854 4629">
     <span class='ocr_line' id='line_1_47' title="bbox 615 4525 3854 4629; baseline -0.002 -19"><span class='ocrx_word' id='word_1_697' title='bbox 615 4559 704 4625; x_wconf 91' lang='lat' dir='ltr'><strong>qui</strong></span> <span class='ocrx_word' id='word_1_698' title='bbox 739 4559 1022 4610; x_wconf 80' lang='lat' dir='ltr'><strong>miseretur</strong></span> <span class='ocrx_word' id='word_1_699' title='bbox 1045 4565 1098 4611; x_wconf 89' lang='lat' dir='ltr'><strong>et</strong></span> <span class='ocrx_word' id='word_1_700' title='bbox 1127 4558 1452 4622; x_wconf 86' lang='lat' dir='ltr'><strong>commodat,</strong></span> <span class='ocrx_word' id='word_1_701' title='bbox 1491 4559 1815 4613; x_wconf 85' lang='lat' dir='ltr'><strong>remittendo</strong></span> <span class='ocrx_word' id='word_1_702' title='bbox 1847 4560 2047 4614; x_wconf 79' lang='lat' dir='ltr'><strong>scil?cet</strong></span> <span class='ocrx_word' id='word_1_703' title='bbox 2077 4575 2201 4628; x_wconf 89' lang='lat' dir='ltr'><strong>pec-</strong></span> <span class='ocrx_word' id='word_1_704' title='bbox 2226 4525 2277 4584; x_wconf 69' lang='grc' dir='ltr'><strong>ι)</strong></span> <span class='ocrx_word' id='word_1_705' title='bbox 2305 4577 2515 4618; x_wconf 92' lang='lat' dir='ltr'><strong>morum</strong></span> <span class='ocrx_word' id='word_1_706' title='bbox 2550 4561 2825 4616; x_wconf 87' lang='lat' dir='ltr'><strong>humilitas</strong></span> <span class='ocrx_word' id='word_1_707' title='bbox 2845 4559 3224 4629; x_wconf 87' lang='lat' dir='ltr'><strong>compellatur,</strong></span> <span class='ocrx_word' id='word_1_708' title='bbox 3257 4557 3380 4626; x_wconf 89' lang='lat' dir='ltr'><strong>quia</strong></span> <span class='ocrx_word' id='word_1_709' title='bbox 3414 4569 3518 4609; x_wconf 88' lang='lat' dir='ltr'><strong>non</strong></span> <span class='ocrx_word' id='word_1_710' title='bbox 3541 4554 3752 4609; x_wconf 84' lang='lat' dir='ltr'><strong>laudant</strong></span> <span class='ocrx_word' id='word_1_711' title='bbox 3777 4565 3854 4604; x_wconf 86' lang='lat' dir='ltr'><strong>no-</strong></span> 
     </span>
    </p>
   </div>
   <div class='ocr_carea' id='block_1_48' title="bbox 614 4633 3854 4722">
    <p class='ocr_par' dir='ltr' id='par_1_48' title="bbox 614 4633 3854 4722">
     <span class='ocr_line' id='line_1_48' title="bbox 614 4633 3854 4722; baseline -0.003 -19"><span class='ocrx_word' id='word_1_712' title='bbox 614 4657 756 4714; x_wconf 84' lang='lat' dir='ltr'><strong>cata,</strong></span> <span class='ocrx_word' id='word_1_713' title='bbox 788 4659 841 4702; x_wconf 84' lang='lat' dir='ltr'><strong>et</strong></span> <span class='ocrx_word' id='word_1_714' title='bbox 872 4649 1145 4718; x_wconf 80' lang='lat' dir='ltr'><strong>largiendo</strong></span> <span class='ocrx_word' id='word_1_715' title='bbox 1170 4649 1428 4704; x_wconf 76' lang='lat' dir='ltr'><strong>beneﬁcia</strong></span> <span class='ocrx_word' id='word_1_716' title='bbox 1451 4666 1464 4715; x_wconf 94' lang='lat'><strong>;</strong></span> <span class='ocrx_word' id='word_1_717' title='bbox 1491 4651 1683 4720; x_wconf 84' lang='lat' dir='ltr'><strong>quibus</strong></span> <span class='ocrx_word' id='word_1_718' title='bbox 1720 4651 1930 4705; x_wconf 89' lang='lat' dir='ltr'><strong>duobus</strong></span> <span class='ocrx_word' id='word_1_719' title='bbox 1960 4651 2201 4720; x_wconf 76' lang='lat' dir='ltr'><strong>benigni-</strong></span> <span class='ocrx_word' id='word_1_720' title='bbox 2308 4671 2428 4712; x_wconf 88' lang='lat' dir='ltr'><strong>men</strong></span> <span class='ocrx_word' id='word_1_721' title='bbox 2451 4654 2684 4720; x_wconf 86' lang='lat' dir='ltr'><strong>Domini,</strong></span> <span class='ocrx_word' id='word_1_722' title='bbox 2709 4653 2798 4720; x_wconf 89' lang='lat' dir='ltr'><strong>qui</strong></span> <span class='ocrx_word' id='word_1_723' title='bbox 2818 4667 2876 4708; x_wconf 90' lang='lat' dir='ltr'><strong>se</strong></span> <span class='ocrx_word' id='word_1_724' title='bbox 2903 4666 3124 4722; x_wconf 75' lang='lat' dir='ltr'><strong>magnos</strong></span> <span class='ocrx_word' id='word_1_725' title='bbox 3152 4659 3354 4718; x_wconf 88' lang='lat' dir='ltr'><strong>putant,</strong></span> <span class='ocrx_word' id='word_1_726' title='bbox 3387 4657 3438 4702; x_wconf 88' lang='lat' dir='ltr'><strong>ct</strong></span> <span class='ocrx_word' id='word_1_727' title='bbox 3459 4633 3854 4715; x_wconf 81' lang='lat' dir='ltr'><strong>suamjustitiam</strong></span> 
     </span>
    </p>
   </div>
   <div class='ocr_carea' id='block_1_49' title="bbox 617 4733 3853 4817">
    <p class='ocr_par' dir='ltr' id='par_1_49' title="bbox 617 4733 3853 4817">
     <span class='ocr_line' id='line_1_49' title="bbox 617 4733 3853 4817; baseline -0.002 -23"><span class='ocrx_word' id='word_1_728' title='bbox 617 4741 742 4794; x_wconf 81' lang='lat' dir='ltr'><strong>tatis</strong></span> <span class='ocrx_word' id='word_1_729' title='bbox 773 4740 985 4804; x_wconf 61' lang='lat' dir='ltr'><strong>«illiciis,</strong></span> <span class='ocrx_word' id='word_1_730' title='bbox 1023 4742 1208 4817; x_wconf 72' lang='lat' dir='ltr'><strong>omnia</strong></span> <span class='ocrx_word' id='word_1_731' title='bbox 1244 4741 1456 4810; x_wconf 80' lang='lat' dir='ltr'><strong>pietatis</strong></span> <span class='ocrx_word' id='word_1_732' title='bbox 1502 4757 1662 4811; x_wconf 86' lang='lat' dir='ltr'><strong>opera</strong></span> <span class='ocrx_word' id='word_1_733' title='bbox 1694 4743 2043 4797; x_wconf 86' lang='lat' dir='ltr'><strong>continentur</strong></span> <span class='ocrx_word' id='word_1_734' title='bbox 2071 4787 2083 4808; x_wconf 90' lang='lat'><strong>,</strong></span> <span class='ocrx_word' id='word_1_735' title='bbox 2120 4745 2198 4798; x_wconf 90' lang='lat' dir='ltr'><strong>di-</strong></span> <span class='ocrx_word' id='word_1_736' title='bbox 2305 4751 2547 4806; x_wconf 79' lang='lat' dir='ltr'><strong>volentes</strong></span> <span class='ocrx_word' id='word_1_737' title='bbox 2578 4747 2936 4814; x_wconf 87' lang='lat' dir='ltr'><strong>constituere,</strong></span> <span class='ocrx_word' id='word_1_738' title='bbox 2960 4745 3180 4814; x_wconf 72' lang='lat' dir='ltr'><strong>iustitia:</strong></span> <span class='ocrx_word' id='word_1_739' title='bbox 3213 4743 3304 4796; x_wconf 74' lang='lat' dir='ltr'><strong>Dri</strong></span> <span class='ocrx_word' id='word_1_740' title='bbox 3348 4755 3454 4796; x_wconf 90' lang='lat' dir='ltr'><strong>non</strong></span> <span class='ocrx_word' id='word_1_741' title='bbox 3486 4750 3614 4795; x_wconf 87' lang='lat' dir='ltr'><strong>sunt</strong></span> <span class='ocrx_word' id='word_1_742' title='bbox 3661 4733 3853 4806; x_wconf 83' lang='lat' dir='ltr'><strong>subjecti</strong></span> 
     </span>
    </p>
   </div>
   <div class='ocr_carea' id='block_1_50' title="bbox 615 4828 3856 4914">
    <p class='ocr_par' dir='ltr' id='par_1_50' title="bbox 615 4828 3856 4914">
     <span class='ocr_line' id='line_1_50' title="bbox 615 4828 3856 4914; baseline -0.003 -26"><span class='ocrx_word' id='word_1_743' title='bbox 615 4844 771 4888; x_wconf 87' lang='lat' dir='ltr'><strong>cente</strong></span> <span class='ocrx_word' id='word_1_744' title='bbox 799 4832 1042 4896; x_wconf 90' lang='lat' dir='ltr'><strong>Domino,</strong></span> <span class='ocrx_word' id='word_1_745' title='bbox 1072 4831 1340 4900; x_wconf 81' lang='lat' dir='ltr'><strong>Dimittite,</strong></span> <span class='ocrx_word' id='word_1_746' title='bbox 1372 4844 1419 4888; x_wconf 88' lang='lat' dir='ltr'><strong>et</strong></span> <span class='ocrx_word' id='word_1_747' title='bbox 1448 4835 1730 4890; x_wconf 82' lang='lat' dir='ltr'><strong>dimittetur</strong></span> <span class='ocrx_word' id='word_1_748' title='bbox 1759 4837 1901 4890; x_wconf 80' lang='lat' dir='ltr'><strong>vobis</strong></span> <span class='ocrx_word' id='word_1_749' title='bbox 1928 4852 1947 4903; x_wconf 85' lang='lat'><strong><em>;</em></strong></span> <span class='ocrx_word' id='word_1_750' title='bbox 1979 4837 2118 4903; x_wconf 89' lang='lat' dir='ltr'><strong>date,</strong></span> <span class='ocrx_word' id='word_1_751' title='bbox 2150 4846 2198 4892; x_wconf 88' lang='lat' dir='ltr'><strong>et</strong></span> <span class='ocrx_word' id='word_1_752' title='bbox 2305 4841 2482 4914; x_wconf 78' lang='lat' dir='ltr'><strong>(Rom.</strong></span> <span class='ocrx_word' id='word_1_753' title='bbox 2517 4855 2570 4905; x_wconf 71' lang='grc' dir='ltr'><strong>π,</strong></span> <span class='ocrx_word' id='word_1_754' title='bbox 2601 4838 2680 4908; x_wconf 78' lang='lat'><strong>3).</strong></span> <span class='ocrx_word' id='word_1_755' title='bbox 2727 4837 2844 4892; x_wconf 83' lang='lat' dir='ltr'><strong>Non</strong></span> <span class='ocrx_word' id='word_1_756' title='bbox 2897 4839 3040 4892; x_wconf 85' lang='lat' dir='ltr'><strong>enim</strong></span> <span class='ocrx_word' id='word_1_757' title='bbox 3089 4844 3214 4890; x_wconf 86' lang='lat' dir='ltr'><strong>sunt</strong></span> <span class='ocrx_word' id='word_1_758' title='bbox 3255 4835 3436 4902; x_wconf 86' lang='lat' dir='ltr'><strong>pueri;</strong></span> <span class='ocrx_word' id='word_1_759' title='bbox 3485 4832 3649 4904; x_wconf 64' lang='grc'><strong>423</strong></span> <span class='ocrx_word' id='word_1_760' title='bbox 3679 4839 3729 4885; x_wconf 88' lang='lat' dir='ltr'><strong>et</strong></span> <span class='ocrx_word' id='word_1_761' title='bbox 3753 4828 3856 4881; x_wconf 88' lang='lat' dir='ltr'><strong>dum</strong></span> 
     </span>
    </p>
   </div>
   <div class='ocr_carea' id='block_1_51' title="bbox 617 4917 3776 5002">
    <p class='ocr_par' dir='ltr' id='par_1_51' title="bbox 617 4917 3776 5002">
     <span class='ocr_line' id='line_1_51' title="bbox 617 4917 3776 5002; baseline -0.002 -24"><span class='ocrx_word' id='word_1_762' title='bbox 617 4925 820 4978; x_wconf 82' lang='lat' dir='ltr'><strong>dabitur</strong></span> <span class='ocrx_word' id='word_1_763' title='bbox 845 4924 980 4979; x_wconf 81' lang='lat' dir='ltr'><strong>vobis</strong></span> <span class='ocrx_word' id='word_1_764' title='bbox 1015 4924 1164 4996; x_wconf 87' lang='lat' dir='ltr'><strong>(Luc.</strong></span> <span class='ocrx_word' id='word_1_765' title='bbox 1191 4943 1264 4995; x_wconf 71' lang='grc' dir='ltr'><strong>γι,</strong></span> <span class='ocrx_word' id='word_1_766' title='bbox 1290 4925 1407 4996; x_wconf 69' lang='lat'><strong>52).</strong></span> <span class='ocrx_word' id='word_1_767' title='bbox 2302 4930 2586 5002; x_wconf 68' lang='lat' dir='ltr'><strong>prmdicari</strong></span> <span class='ocrx_word' id='word_1_768' title='bbox 2617 4942 2679 4984; x_wconf 82' lang='lat' dir='ltr'><strong>se</strong></span> <span class='ocrx_word' id='word_1_769' title='bbox 2701 4928 2911 4992; x_wconf 83' lang='lat' dir='ltr'><strong>volunt,</strong></span> <span class='ocrx_word' id='word_1_770' title='bbox 2942 4940 3048 4980; x_wconf 83' lang='lat' dir='ltr'><strong>non</strong></span> <span class='ocrx_word' id='word_1_771' title='bbox 3081 4925 3298 4978; x_wconf 86' lang='lat' dir='ltr'><strong>laudant</strong></span> <span class='ocrx_word' id='word_1_772' title='bbox 3331 4937 3525 4977; x_wconf 82' lang='lat' dir='ltr'><strong>nomen</strong></span> <span class='ocrx_word' id='word_1_773' title='bbox 3553 4917 3776 4975; x_wconf 87' lang='lat' dir='ltr'><strong>Domini.</strong></span> 
     </span>
    </p>
   </div>
   <div class='ocr_carea' id='block_1_52' title="bbox 685 5009 3859 5096">
    <p class='ocr_par' dir='ltr' id='par_1_52' title="bbox 685 5009 3859 5096">
     <span class='ocr_line' id='line_1_52' title="bbox 685 5009 3859 5096; baseline -0.002 -26"><span class='ocrx_word' id='word_1_774' title='bbox 685 5017 862 5088; x_wconf 87' lang='lat' dir='ltr'><strong>(Vers.</strong></span> <span class='ocrx_word' id='word_1_775' title='bbox 889 5018 945 5083; x_wconf 85' lang='lat'><strong>5,</strong></span> <span class='ocrx_word' id='word_1_776' title='bbox 986 5017 1066 5087; x_wconf 89' lang='lat'><strong>6.)</strong></span> <span class='ocrx_word' id='word_1_777' title='bbox 1119 5018 1372 5090; x_wconf 70' lang='lat' dir='ltr'><strong>Hispone:</strong></span> <span class='ocrx_word' id='word_1_778' title='bbox 1410 5035 1664 5075; x_wconf 85' lang='lat' dir='ltr'><strong>sermones</strong></span> <span class='ocrx_word' id='word_1_779' title='bbox 1708 5038 1829 5076; x_wconf 86' lang='lat' dir='ltr'><strong>suos</strong></span> <span class='ocrx_word' id='word_1_780' title='bbox 1877 5023 1930 5075; x_wconf 85' lang='lat' dir='ltr'><strong>in</strong></span> <span class='ocrx_word' id='word_1_781' title='bbox 1965 5023 2189 5094; x_wconf 85' lang='lat' dir='ltr'><strong>judicio.</strong></span> <span class='ocrx_word' id='word_1_782' title='bbox 2374 5023 2554 5096; x_wconf 73' lang='lat' dir='ltr'><strong>(Vers.</strong></span> <span class='ocrx_word' id='word_1_783' title='bbox 2585 5021 2641 5088; x_wconf 68' lang='grc' dir='ltr'><strong>Ξ,</strong></span> <span class='ocrx_word' id='word_1_784' title='bbox 2665 5023 2746 5090; x_wconf 74' lang='grc'><strong>3.)</strong></span> <span class='ocrx_word' id='word_1_785' title='bbox 2776 5020 2858 5076; x_wconf 87' lang='lat' dir='ltr'><strong>Sit</strong></span> <span class='ocrx_word' id='word_1_786' title='bbox 2888 5033 3073 5073; x_wconf 83' lang='lat' dir='ltr'><strong>nomen</strong></span> <span class='ocrx_word' id='word_1_787' title='bbox 3100 5017 3310 5070; x_wconf 89' lang='lat' dir='ltr'><strong>Domini</strong></span> <span class='ocrx_word' id='word_1_788' title='bbox 3340 5016 3683 5079; x_wconf 83' lang='lat' dir='ltr'><strong>benedictum,</strong></span> <span class='ocrx_word' id='word_1_789' title='bbox 3714 5009 3859 5066; x_wconf 66' lang='lat' dir='ltr'><strong>ethoc</strong></span> 
     </span>
    </p>
   </div>
   <div class='ocr_carea' id='block_1_53' title="bbox 618 5103 3857 5184">
    <p class='ocr_par' dir='ltr' id='par_1_53' title="bbox 618 5103 3857 5184">
     <span class='ocr_line' id='line_1_53' title="bbox 618 5103 3857 5184; baseline -0.003 -21"><span class='ocrx_word' id='word_1_790' title='bbox 618 5110 876 5175; x_wconf 85' lang='lat' dir='ltr'><strong>Quoniam</strong></span> <span class='ocrx_word' id='word_1_791' title='bbox 904 5112 957 5164; x_wconf 81' lang='lat' dir='ltr'><strong>in</strong></span> <span class='ocrx_word' id='word_1_792' title='bbox 985 5121 1227 5166; x_wconf 67' lang='lat' dir='ltr'><strong>aeternum</strong></span> <span class='ocrx_word' id='word_1_793' title='bbox 1258 5129 1359 5166; x_wconf 90' lang='lat' dir='ltr'><strong>non</strong></span> <span class='ocrx_word' id='word_1_794' title='bbox 1388 5116 1802 5169; x_wconf 84' lang='lat' dir='ltr'><strong>commovebitur.</strong></span> <span class='ocrx_word' id='word_1_795' title='bbox 1836 5116 1933 5180; x_wconf 88' lang='lat' dir='ltr'><strong>Qtti</strong></span> <span class='ocrx_word' id='word_1_796' title='bbox 1978 5116 2092 5169; x_wconf 64' lang='lat' dir='ltr'><strong>haec</strong></span> <span class='ocrx_word' id='word_1_797' title='bbox 2119 5115 2196 5168; x_wconf 83' lang='lat' dir='ltr'><strong>fa-</strong></span> <span class='ocrx_word' id='word_1_798' title='bbox 2298 5133 2435 5170; x_wconf 88' lang='lat' dir='ltr'><strong>nunc</strong></span> <span class='ocrx_word' id='word_1_799' title='bbox 2465 5125 2510 5169; x_wconf 89' lang='lat' dir='ltr'><strong>et</strong></span> <span class='ocrx_word' id='word_1_800' title='bbox 2537 5127 2694 5184; x_wconf 86' lang='lat' dir='ltr'><strong>usque</strong></span> <span class='ocrx_word' id='word_1_801' title='bbox 2723 5114 2777 5167; x_wconf 87' lang='lat' dir='ltr'><strong>in</strong></span> <span class='ocrx_word' id='word_1_802' title='bbox 2804 5110 3074 5166; x_wconf 64' lang='lat' dir='ltr'><strong>saeculum.</strong></span> <span class='ocrx_word' id='word_1_803' title='bbox 3098 5109 3142 5163; x_wconf 83' lang='lat' dir='ltr'><strong><em>A</em></strong></span> <span class='ocrx_word' id='word_1_804' title='bbox 3168 5109 3290 5162; x_wconf 85' lang='lat' dir='ltr'><strong>solis</strong></span> <span class='ocrx_word' id='word_1_805' title='bbox 3315 5118 3429 5161; x_wconf 88' lang='lat' dir='ltr'><strong>ortu</strong></span> <span class='ocrx_word' id='word_1_806' title='bbox 3453 5123 3611 5174; x_wconf 83' lang='lat' dir='ltr'><strong>usque</strong></span> <span class='ocrx_word' id='word_1_807' title='bbox 3641 5103 3708 5158; x_wconf 84' lang='lat' dir='ltr'><strong>ad</strong></span> <span class='ocrx_word' id='word_1_808' title='bbox 3737 5114 3857 5155; x_wconf 83' lang='lat' dir='ltr'><strong>occa-</strong></span> 
     </span>
    </p>
   </div>
   <div class='ocr_carea' id='block_1_54' title="bbox 612 5199 3856 5276">
    <p class='ocr_par' dir='ltr' id='par_1_54' title="bbox 612 5199 3856 5276">
     <span class='ocr_line' id='line_1_54' title="bbox 612 5199 3856 5276; baseline -0.005 -18"><span class='ocrx_word' id='word_1_809' title='bbox 612 5205 706 5268; x_wconf 88' lang='lat' dir='ltr'><strong>cit,</strong></span> <span class='ocrx_word' id='word_1_810' title='bbox 739 5204 978 5273; x_wconf 84' lang='lat' dir='ltr'><strong>disponit</strong></span> <span class='ocrx_word' id='word_1_811' title='bbox 1025 5219 1306 5259; x_wconf 89' lang='lat' dir='ltr'><strong>sermones</strong></span> <span class='ocrx_word' id='word_1_812' title='bbox 1336 5221 1464 5260; x_wconf 86' lang='lat' dir='ltr'><strong>suos</strong></span> <span class='ocrx_word' id='word_1_813' title='bbox 1502 5208 1553 5260; x_wconf 86' lang='lat' dir='ltr'><strong>in</strong></span> <span class='ocrx_word' id='word_1_814' title='bbox 1589 5207 1813 5276; x_wconf 86' lang='lat' dir='ltr'><strong>judicio.</strong></span> <span class='ocrx_word' id='word_1_815' title='bbox 1849 5209 2012 5262; x_wconf 84' lang='lat' dir='ltr'><strong>Facta</strong></span> <span class='ocrx_word' id='word_1_816' title='bbox 2051 5209 2192 5263; x_wconf 84' lang='lat' dir='ltr'><strong>enim</strong></span> <span class='ocrx_word' id='word_1_817' title='bbox 2299 5225 2445 5276; x_wconf 85' lang='lat' dir='ltr'><strong>sum,</strong></span> <span class='ocrx_word' id='word_1_818' title='bbox 2498 5207 2762 5262; x_wconf 84' lang='lat' dir='ltr'><strong>laudabile</strong></span> <span class='ocrx_word' id='word_1_819' title='bbox 2813 5220 2998 5259; x_wconf 60' lang='lat' dir='ltr'><strong>nancte</strong></span> <span class='ocrx_word' id='word_1_820' title='bbox 3046 5202 3296 5256; x_wconf 86' lang='lat' dir='ltr'><strong>Domini:</strong></span> <span class='ocrx_word' id='word_1_821' title='bbox 3345 5210 3398 5254; x_wconf 90' lang='lat' dir='ltr'><strong>ut</strong></span> <span class='ocrx_word' id='word_1_822' title='bbox 3450 5199 3656 5254; x_wconf 81' lang='lat' dir='ltr'><strong>scilicet</strong></span> <span class='ocrx_word' id='word_1_823' title='bbox 3693 5205 3856 5250; x_wconf 79' lang='lat' dir='ltr'><strong>nomen</strong></span> 
     </span>
    </p>
   </div>
   <div class='ocr_carea' id='block_1_55' title="bbox 613 5294 3769 5370">
    <p class='ocr_par' dir='ltr' id='par_1_55' title="bbox 613 5294 3769 5370">
     <span class='ocr_line' id='line_1_55' title="bbox 613 5294 3769 5370; baseline -0.003 -21"><span class='ocrx_word' id='word_1_824' title='bbox 613 5297 854 5366; x_wconf 74' lang='lat' dir='ltr'><strong>qua-dam</strong></span> <span class='ocrx_word' id='word_1_825' title='bbox 888 5298 1049 5351; x_wconf 83' lang='lat' dir='ltr'><strong>verba</strong></span> <span class='ocrx_word' id='word_1_826' title='bbox 1098 5306 1223 5351; x_wconf 81' lang='lat' dir='ltr'><strong>sunt</strong></span> <span class='ocrx_word' id='word_1_827' title='bbox 1253 5298 1491 5357; x_wconf 75' lang='lat' dir='ltr'><strong>testi-um,</strong></span> <span class='ocrx_word' id='word_1_828' title='bbox 1526 5299 1720 5364; x_wconf 82' lang='lat' dir='ltr'><strong>quibus</strong></span> <span class='ocrx_word' id='word_1_829' title='bbox 1747 5299 1796 5351; x_wconf 91' lang='lat' dir='ltr'><strong>in</strong></span> <span class='ocrx_word' id='word_1_830' title='bbox 1822 5299 2025 5366; x_wconf 75' lang='lat' dir='ltr'><strong>judicio</strong></span> <span class='ocrx_word' id='word_1_831' title='bbox 2056 5307 2080 5335; x_wconf 73' lang='grc' dir='ltr'>ι</span> <span class='ocrx_word' id='word_1_832' title='bbox 2104 5298 2200 5351; x_wconf 74' lang='lat' dir='ltr'><strong>dc-</strong></span> <span class='ocrx_word' id='word_1_833' title='bbox 2301 5302 2513 5357; x_wconf 87' lang='lat' dir='ltr'><strong>Domini</strong></span> <span class='ocrx_word' id='word_1_834' title='bbox 2544 5315 2760 5370; x_wconf 85' lang='lat' dir='ltr'><strong>semper</strong></span> <span class='ocrx_word' id='word_1_835' title='bbox 2791 5299 3168 5362; x_wconf 85' lang='lat' dir='ltr'><strong>benedicatur,</strong></span> <span class='ocrx_word' id='word_1_836' title='bbox 3196 5307 3250 5351; x_wconf 85' lang='lat' dir='ltr'><strong>et</strong></span> <span class='ocrx_word' id='word_1_837' title='bbox 3283 5297 3480 5364; x_wconf 88' lang='lat' dir='ltr'><strong>ubique</strong></span> <span class='ocrx_word' id='word_1_838' title='bbox 3511 5294 3769 5348; x_wconf 85' lang='lat' dir='ltr'><strong>laudetur.</strong></span> 
     </span>
    </p>
   </div>
   <div class='ocr_carea' id='block_1_56' title="bbox 614 5384 3854 5466">
    <p class='ocr_par' dir='ltr' id='par_1_56' title="bbox 614 5384 3854 5466">
     <span class='ocr_line' id='line_1_56' title="bbox 614 5384 3854 5466; baseline -0.003 -25"><span class='ocrx_word' id='word_1_839' title='bbox 614 5386 942 5442; x_wconf 80' lang='lat' dir='ltr'><strong>fenderetur.</strong></span> <span class='ocrx_word' id='word_1_840' title='bbox 981 5389 1113 5456; x_wconf 83' lang='lat' dir='ltr'><strong>Quia</strong></span> <span class='ocrx_word' id='word_1_841' title='bbox 1141 5392 1189 5442; x_wconf 89' lang='lat' dir='ltr'><strong>in</strong></span> <span class='ocrx_word' id='word_1_842' title='bbox 1221 5399 1466 5443; x_wconf 75' lang='lat' dir='ltr'><strong>wternum</strong></span> <span class='ocrx_word' id='word_1_843' title='bbox 1515 5407 1617 5442; x_wconf 84' lang='lat' dir='ltr'><strong>non</strong></span> <span class='ocrx_word' id='word_1_844' title='bbox 1659 5392 2070 5458; x_wconf 74' lang='lat' dir='ltr'><strong>commovebitur,</strong></span> <span class='ocrx_word' id='word_1_845' title='bbox 2107 5392 2194 5460; x_wconf 86' lang='lat' dir='ltr'><strong>qui</strong></span> <span class='ocrx_word' id='word_1_846' title='bbox 2373 5396 2556 5466; x_wconf 83' lang='lat' dir='ltr'><strong>(Vers.</strong></span> <span class='ocrx_word' id='word_1_847' title='bbox 2595 5394 2677 5465; x_wconf 76' lang='grc'><strong>4.)</strong></span> <span class='ocrx_word' id='word_1_848' title='bbox 2726 5392 2973 5448; x_wconf 72' lang='lat' dir='ltr'><strong>Excelsae</strong></span> <span class='ocrx_word' id='word_1_849' title='bbox 3011 5409 3168 5461; x_wconf 89' lang='lat' dir='ltr'><strong>super</strong></span> <span class='ocrx_word' id='word_1_850' title='bbox 3196 5407 3368 5444; x_wconf 80' lang='lat' dir='ltr'><strong>omnes</strong></span> <span class='ocrx_word' id='word_1_851' title='bbox 3395 5399 3567 5460; x_wconf 78' lang='lat' dir='ltr'><strong>gentes</strong></span> <span class='ocrx_word' id='word_1_852' title='bbox 3604 5384 3854 5441; x_wconf 84' lang='lat' dir='ltr'><strong>Dominus,</strong></span> 
     </span>
    </p>
   </div>
   <div class='ocr_carea' id='block_1_57' title="bbox 611 5475 3859 5560">
    <p class='ocr_par' dir='ltr' id='par_1_57' title="bbox 611 5475 3859 5560">
     <span class='ocr_line' id='line_1_57' title="bbox 611 5475 3859 5560; baseline -0.003 -26"><span class='ocrx_word' id='word_1_853' title='bbox 611 5475 681 5534; x_wconf 83' lang='lat' dir='ltr'><strong>ad</strong></span> <span class='ocrx_word' id='word_1_854' title='bbox 728 5479 1002 5534; x_wconf 81' lang='lat' dir='ltr'><strong>dexteram</strong></span> <span class='ocrx_word' id='word_1_855' title='bbox 1049 5495 1362 5551; x_wconf 66' lang='lat' dir='ltr'><strong>segregatus</strong></span> <span class='ocrx_word' id='word_1_856' title='bbox 1407 5483 1620 5546; x_wconf 87' lang='lat' dir='ltr'><strong>audiet,</strong></span> <span class='ocrx_word' id='word_1_857' title='bbox 1681 5475 1898 5545; x_wconf 82' lang='lat' dir='ltr'><strong>Venite,</strong></span> <span class='ocrx_word' id='word_1_858' title='bbox 1951 5481 2197 5537; x_wconf 78' lang='lat' dir='ltr'><strong>benedicti</strong></span> <span class='ocrx_word' id='word_1_859' title='bbox 2301 5499 2529 5559; x_wconf 60' lang='lat' dir='ltr'><strong>“super</strong></span> <span class='ocrx_word' id='word_1_860' title='bbox 2557 5490 2709 5544; x_wconf 56' lang='lat' dir='ltr'><strong>cados</strong></span> <span class='ocrx_word' id='word_1_861' title='bbox 2738 5488 2908 5560; x_wconf 78' lang='lat' dir='ltr'><strong>gloria</strong></span> <span class='ocrx_word' id='word_1_862' title='bbox 2937 5489 3070 5557; x_wconf 79' lang='lat' dir='ltr'><strong>ejus.</strong></span> <span class='ocrx_word' id='word_1_863' title='bbox 3128 5485 3242 5540; x_wconf 84' lang='lat' dir='ltr'><strong>Non</strong></span> <span class='ocrx_word' id='word_1_864' title='bbox 3270 5483 3444 5538; x_wconf 84' lang='lat' dir='ltr'><strong>solum</strong></span> <span class='ocrx_word' id='word_1_865' title='bbox 3492 5495 3653 5549; x_wconf 83' lang='lat' dir='ltr'><strong>super</strong></span> <span class='ocrx_word' id='word_1_866' title='bbox 3697 5485 3859 5530; x_wconf 80' lang='lat' dir='ltr'><strong>otnncs</strong></span> 
     </span>
    </p>
   </div>
   <div class='ocr_carea' id='block_1_58' title="bbox 611 5566 3859 5652">
    <p class='ocr_par' dir='ltr' id='par_1_58' title="bbox 611 5566 3859 5652">
     <span class='ocr_line' id='line_1_58' title="bbox 611 5566 3859 5652; baseline 0.004 -31"><span class='ocrx_word' id='word_1_867' title='bbox 611 5568 775 5642; x_wconf 61' lang='grc' dir='ltr'><strong>ιεε</strong></span> <span class='ocrx_word' id='word_1_868' title='bbox 804 5569 976 5625; x_wconf 86' lang='lat' dir='ltr'><strong>Patris</strong></span> <span class='ocrx_word' id='word_1_869' title='bbox 1001 5575 1129 5639; x_wconf 85' lang='lat' dir='ltr'><strong>mei,</strong></span> <span class='ocrx_word' id='word_1_870' title='bbox 1159 5575 1406 5645; x_wconf 82' lang='lat' dir='ltr'><strong>percipite</strong></span> <span class='ocrx_word' id='word_1_871' title='bbox 1449 5590 1658 5644; x_wconf 78' lang='lat' dir='ltr'><strong>regnum</strong></span> <span class='ocrx_word' id='word_1_872' title='bbox 1686 5574 1823 5641; x_wconf 83' lang='lat' dir='ltr'><strong>quod</strong></span> <span class='ocrx_word' id='word_1_873' title='bbox 1867 5573 2006 5628; x_wconf 75' lang='lat' dir='ltr'><strong>vobis</strong></span> <span class='ocrx_word' id='word_1_874' title='bbox 2044 5592 2199 5644; x_wconf 89' lang='lat' dir='ltr'><strong>para-</strong></span> <span class='ocrx_word' id='word_1_875' title='bbox 2302 5591 2489 5652; x_wconf 68' lang='lat' dir='ltr'><strong>gentes</strong></span> <span class='ocrx_word' id='word_1_876' title='bbox 2514 5581 2767 5649; x_wconf 75' lang='lat' dir='ltr'><strong>majestas</strong></span> <span class='ocrx_word' id='word_1_877' title='bbox 2801 5580 3036 5645; x_wconf 89' lang='lat' dir='ltr'><strong>Domini,</strong></span> <span class='ocrx_word' id='word_1_878' title='bbox 3067 5577 3162 5633; x_wconf 87' lang='lat' dir='ltr'><strong>sed</strong></span> <span class='ocrx_word' id='word_1_879' title='bbox 3188 5576 3348 5632; x_wconf 81' lang='lat' dir='ltr'><strong>etiam</strong></span> <span class='ocrx_word' id='word_1_880' title='bbox 3381 5588 3546 5644; x_wconf 78' lang='lat' dir='ltr'><strong>super</strong></span> <span class='ocrx_word' id='word_1_881' title='bbox 3574 5573 3736 5627; x_wconf 54' lang='grc' dir='ltr'><strong>θεοῦ</strong></span> <span class='ocrx_word' id='word_1_882' title='bbox 3759 5566 3859 5635; x_wconf 56' lang='grc' dir='ltr'><strong>εἷο·</strong></span> 
     </span>
    </p>
   </div>
   <div class='ocr_carea' id='block_1_59' title="bbox 614 5662 2901 5743">
    <p class='ocr_par' dir='ltr' id='par_1_59' title="bbox 614 5662 2901 5743">
     <span class='ocr_line' id='line_1_59' title="bbox 614 5662 2901 5743; baseline 0.004 -27"><span class='ocrx_word' id='word_1_883' title='bbox 614 5671 725 5716; x_wconf 77' lang='lat' dir='ltr'><strong>tum</strong></span> <span class='ocrx_word' id='word_1_884' title='bbox 748 5673 820 5714; x_wconf 86' lang='lat' dir='ltr'><strong>est</strong></span> <span class='ocrx_word' id='word_1_885' title='bbox 856 5662 921 5714; x_wconf 87' lang='lat' dir='ltr'><strong>ab</strong></span> <span class='ocrx_word' id='word_1_886' title='bbox 949 5665 1141 5732; x_wconf 85' lang='lat' dir='ltr'><strong>origine</strong></span> <span class='ocrx_word' id='word_1_887' title='bbox 1169 5668 1349 5720; x_wconf 83' lang='lat' dir='ltr'><strong>mundi</strong></span> <span class='ocrx_word' id='word_1_888' title='bbox 1382 5667 1598 5738; x_wconf 83' lang='lat' dir='ltr'><strong>(Matth.</strong></span> <span class='ocrx_word' id='word_1_889' title='bbox 1629 5681 1761 5736; x_wconf 76' lang='lat' dir='ltr'><strong>xxv,</strong></span> <span class='ocrx_word' id='word_1_890' title='bbox 1794 5664 1911 5737; x_wconf 68' lang='grc' dir='ltr'><strong>δι).</strong></span> <span class='ocrx_word' id='word_1_891' title='bbox 2303 5672 2385 5730; x_wconf 78' lang='lat' dir='ltr'><strong>ris</strong></span> <span class='ocrx_word' id='word_1_892' title='bbox 2408 5671 2527 5743; x_wconf 87' lang='lat' dir='ltr'><strong>ejus</strong></span> <span class='ocrx_word' id='word_1_893' title='bbox 2554 5671 2767 5728; x_wconf 77' lang='lat' dir='ltr'><strong>excelsa</strong></span> <span class='ocrx_word' id='word_1_894' title='bbox 2790 5677 2901 5728; x_wconf 86' lang='lat' dir='ltr'><strong>est.</strong></span> 
     </span>
    </p>
   </div>
   <div class='ocr_carea' id='block_1_60' title="bbox 685 5753 1490 5830">
    <p class='ocr_par' dir='ltr' id='par_1_60' title="bbox 685 5753 1490 5830">
     <span class='ocr_line' id='line_1_60' title="bbox 685 5753 1490 5830; baseline 0.01 -23"><span class='ocrx_word' id='word_1_895' title='bbox 685 5761 716 5793; x_wconf 75' lang='grc'><strong><em>⁸</em></strong></span> <span class='ocrx_word' id='word_1_896' title='bbox 745 5753 804 5808; x_wconf 83' lang='lat' dir='ltr'><strong>la</strong></span> <span class='ocrx_word' id='word_1_897' title='bbox 829 5755 1146 5825; x_wconf 74' lang='lat' dir='ltr'><strong>Augustino,</strong></span> <span class='ocrx_word' id='word_1_898' title='bbox 1172 5760 1490 5830; x_wconf 79' lang='lat' dir='ltr'><strong>defendetur.</strong></span> 
     </span>
    </p>
   </div>
  </div>
