4028 6352
941 280 1365 339 PSALMORUM
1408 284 1445 337 Α
1488 281 1529 339 C
1570 284 1659 339 AD
1697 283 1784 339 CL
1825 282 2205 339 EXI‘OSITIO.
2248 280 2439 338 PSAL.
2482 278 2667 338 CXIII.

3330 284 3435 343 328

245 403 416 479 (Vere.
446 398 501 464 5,
537 395 618 470 ϐ.)
648 396 776 463 Quis
802 396 934 450 sicut
977 395 1233 451 Dominus
1276 396 1411 452 Deus
1440 405 1631 461 noster,
1660 397 1749 467 qui
1775 396 1829 457 Α
1850 393 2056 463 Israel,
2084 396 2174 466 qui
2202 404 2286 451 est
2314 395 2498 449 domus
2538 392 2722 461 Jacolt,
2754 392 2823 450 de
2863 394 2995 465 jugo
3024 394 3297 468 Egyptim
3331 398 3432 453 do-

184 498 230 553 in
254 494 361 548 altis
386 487 603 557 habitat,
629 499 678 543 et
702 487 919 543 humilia
945 489 1155 559 respicit
1184 489 1238 543 in
1267 489 1392 544 ccio
1419 498 1466 543 et
1492 489 1544 543 in
1569 491 1746 545 terra?

185 586 273 643 Per
302 583 479 639 Isaiam
510 580 748 651 Spiritus
772 581 846 636 ita
876 580 1143 652 loquitur:
1201 579 1333 635 Hac
1370 580 1497 635 dicit
1533 580 1742 636 Altissi-

184 692 281 733 tnss
306 678 355 730 in
378 674 589 729 excelsis
619 672 880 737 habitans,
906 672 965 728 in
991 683 1236 728 teternum
1265 688 1447 728 nomen
1481 674 1526 729 ei
1554 673 1741 728 Domi-

185 788 267 824 nus
289 766 581 832 altissimus,
602 765 660 821 in
690 765 882 821 sanctis
909 766 1135 837 requiem
1160 763 1355 820 habens
1399 765 1556 837 (leui.
1610 781 1740 834 uti,

188 864 281 923 I5).
310 860 600 931 Meritoque
624 860 819 916 eteium
877 859 1270 931 intelliguntur,
1298 862 1388 931 qui
1430 859 1745 915 habitantur

185 966 210 1010 ε
235 954 478 1018 Domino;
511 952 603 1024 qui
632 964 758 1008 cum
786 951 898 1006 sint
922 951 1121 1021 sancti,
1159 958 1322 1022 atque
1366 951 1490 1007 ideo
1519 951 1741 1016 excelsi,

186 1048 326 1105 iidem
373 1054 555 1101 tamen
608 1054 736 1101 sunt
770 1044 1021 1111 humiles,
1073 1058 1250 1115 neque
1296 1044 1515 1100 aliunde
1541 1044 1642 1098 nisi
1674 1044 1742 1099 de

184 1137 451 1195 humilitate
485 1138 771 1193 sublimes.
797 1134 862 1191 In
880 1137 1002 1191 altis
1030 1137 1213 1207 itaque
1238 1136 1497 1192 Dominus
1522 1135 1742 1204 habitat,

186 1232 232 1289 id
253 1240 345 1295 est,
375 1232 426 1286 in
460 1230 692 1301 sanctis,
739 1238 797 1287 et
840 1229 1173 1300 spiritalibus
1204 1238 1364 1300 atque
1391 1230 1742 1297 coelestibus;

186 1325 447 1381 stltamilia
496 1324 726 1397 respicit,
758 1323 810 1378 id
856 1331 964 1386 est,
993 1321 1139 1392 ipsos
1168 1332 1409 1386 sanctos,
1450 1336 1742 1392 numquam

187 1417 325 1482 inse,
354 1416 443 1472 sed
479 1427 694 1484 semper
722 1414 775 1469 in
794 1414 1031 1484 Domino
1076 1413 1389 1484 gloriantes.
1436 1413 1745 1469 Delectatur

188 1510 305 1565 enim
348 1483 627 1562 altitudine
654 1483 960 1570 humilium,
1007 1513 1063 1560 et
1089 1483 1408 1560 humilitate
1450 1504 1739 1560 celsorum.

187 1598 241 1655 In
263 1600 375 1655 caelo
398 1610 441 1654 et
477 1599 533 1653 in
563 1608 723 1666 terra,
756 1596 858 1651 hoc
889 1607 992 1664 est,
1025 1610 1252 1667 quorum
1307 1595 1648 1651 conversatio
1689 1596 1741 1650 in

186 1693 313 1749 striis
335 1700 429 1758 est,
465 1691 591 1747 licet
620 1689 835 1745 mortali
856 1689 962 1744 sint
984 1702 1148 1744 carne
1169 1688 1505 1744 circumdati.
1526 1688 1579 1743 Si
1609 1703 1742 1745 vero

1845 486 2162 543 minationls
2184 486 2410 543 eductus
2428 488 2500 542 sit
2524 484 2723 560 (Exod.
2765 501 2878 557 nr,
2906 487 3005 557 99)
3034 492 3086 543 in
3115 491 3430 546 matorium

1844 582 2113 637 revocari.
2166 580 2274 635 Sed
2324 594 2420 650 per
2474 579 2850 651 propheticum
2893 582 3201 651 eloquium,
3261 588 3431 655 magis

1845 673 2024 729 futura
2052 672 2356 729 indicantur
2375 687 2535 739 quam
2561 674 2833 742 preterita
2855 684 3196 731 retexantur.
3218 676 3430 735 Etideo

1845 765 2089 835 quaidam
2129 764 2286 820 aliter
2316 763 2407 819 hic
2433 763 2691 821 dicuntur
2711 780 2871 836 quam
2915 767 2989 822 ibi
3020 777 3138 824 acta
3166 778 3332 824 sunt:
3372 776 3432 825 ut

1844 858 2129 927 vigilanter
2160 856 2493 926 intelligatur
2513 858 2819 927 prophetia,
2838 859 2928 914 ubi
2954 872 3059 915 non
3089 861 3428 917 constathis—

1840 949 2006 1005 toria.
2034 950 2271 1004 Primum
2313 948 2455 1003 enim
2485 947 2780 1005 Iordanem
2814 951 2995 1021 ipsum
3019 964 3125 1007 non
3148 966 3426 1009 reversum

1845 1055 1965 1098 esse
1996 1052 2320 1107 retrorsum,
2362 1040 2458 1095 sed
2487 1042 2704 1097 stetisse
2734 1041 2958 1113 legimus
2989 1044 3169 1117 (Iosue
3194 1060 3274 1113 ιιι,
3313 1046 3425 1119 i5),

1844 1132 1915 1189 ab
1940 1147 2003 1189 ea
2037 1143 2191 1203 parte
2220 1146 2324 1202 qua
2349 1130 2588 1202 desuper
2614 1132 2920 1200 inﬂuebat;
2965 1136 3182 1204 deinde,
3214 1149 3429 1195 montes

1842 1224 2148 1282 exsultasse
2190 1232 2249 1279 et
2277 1225 2450 1281 colles
2492 1225 2722 1295 gestisse
2766 1241 2877 1281 non
2908 1227 3173 1298 legimus;
3204 1245 3326 1301 qua;
3350 1230 3431 1287 sic

1845 1316 2075 1383 addidit,
2111 1327 2169 1372 ut
2198 1318 2378 1372 omnia
2426 1317 2532 1373 ista
2569 1318 2733 1372 etiam
2780 1328 3068 1388 repeteret.
3119 1321 3428 1394 intelligen-

1846 1410 1973 1465 dum
1998 1423 2130 1480 ergo
2172 1419 2259 1465 est
2284 1410 2408 1480 quia
2441 1410 2532 1464 illa
2574 1412 2714 1465 facta
2742 1414 2927 1482 ﬁgura
2975 1424 3172 1469 nostra
3214 1416 3432 1472 luerunt

1845 1502 1891 1573 (ι
1916 1500 2035 1557 Cor.
2070 1518 2127 1567 ι,
2177 1502 2267 1574 il)
2289 1518 2304 1567 ;
2330 1512 2385 1558 et
2430 1502 2555 1557 ideo
2583 1503 2652 1558 de
2677 1502 2757 1559 eis
2787 1504 2946 1560 aliter
2971 1505 3101 1573 estid
3123 1506 3340 1574 dicitur,
3375 1490 3451 1563 ut-

1846 1595 2044 1664 quibus
2090 1593 2428 1664 temporibus
2477 1604 2760 1665 congruat,
2806 1606 3155 1666 agnoscatur.
3201 1598 3256 1653 Si
3286 1602 3429 1655 enim

1850 1689 2075 1758 gratiam
2104 1687 2217 1755 Dei,
2254 1700 2375 1759 quae
2404 1690 2526 1741 data
2562 1696 2648 1743 est
2698 1688 2854 1744 nobis
2877 1729 2893 1754 ,
2935 1688 3093 1744 ﬁrmo
3115 1692 3280 1748 corde
3303 1696 3432 1749 reti-

185 1785 271 1841 siia
294 1793 557 1855 suntqure
590 1782 853 1838 Dominus
892 1791 1075 1837 noster
1114 1782 1168 1837 in
1212 1783 1351 1838 creto
1403 1781 1623 1836 humilia
1656 1796 1741 1837 re-
1771 1784 1817 1844 B
1844 1792 2089 1843 neatnus,
2135 1792 2231 1833 nos
2260 1792 2445 1833 sumus
2481 1778 2643 1835 Israel
2689 1794 2874 1835 semen
2913 1780 3146 1837 Abraha:
3176 1782 3321 1855 (Gal.
3351 1800 3432 1855 ιιι,

187 1880 341 1948 spicit,
363 1878 463 1932 alia
495 1889 616 1947 quas
640 1876 693 1930 in
725 1882 893 1940 terra,
928 1883 1152 1942 possunt
1192 1874 1387 1929 ciuium
1418 1873 1469 1929 hi
1496 1874 1745 1943 intelligi,

186 1984 302 2041 quos
328 1978 545 2025 vocatos
590 1974 649 2024 et
684 1967 1049 2023 samtiﬂcatos
1092 1967 1203 2038 jam
1254 1967 1557 2034 inhabitat;
1604 1978 1746 2023 terra

188 2072 362 2123 autem.
388 2078 524 2130 quos
553 2070 713 2116 vocat
751 2072 807 2115 ut
837 2060 1045 2116 habitet
1073 2059 1124 2115 in
1170 2061 1269 2115 eis.
1313 2060 1419 2115 Sed
1452 2060 1748 2115 absolutior

186 2165 354 2209 scnsus
372 2163 472 2219 est,
502 2154 549 2208 si
575 2153 743 2209 celos
769 2151 946 2208 dictos
990 2152 1319 2221 accipiamus
1344 2168 1439 2208 eos
1479 2152 1566 2221 qui
1592 2152 1747 2209 sede-

186 2242 302 2299 hunt
346 2261 502 2317 super
548 2245 832 2300 duodecim
862 2244 1122 2309 thronos,
1155 2255 1207 2300 et
1252 2259 1371 2301 cum
1406 2244 1633 2298 Domino
1658 2244 1747 2313 ju-

187 2335 414 2392 dicabuttt
442 2337 659 2410 (Matth.
696 2352 812 2403 nx,
858 2335 992 2407 26);
1039 2345 1200 2391 terrae
1249 2345 1425 2392 autem
1486 2337 1745 2402 nomine,

187 2440 413 2486 cateiam
443 2431 843 2486 multitudinem
874 2438 1205 2498 sanctorum,
1235 2432 1327 2499 qui
1347 2430 1749 2484 constituentur

186 2523 247 2578 sd
270 2525 529 2579 dexteram
554 2523 704 2596 (Luc.
735 2540 849 2591 xvt,
873 2521 955 2594 9),
980 2530 1040 2576 ut
1061 2538 1157 2591 per
1177 2535 1338 2592 opera
1366 2519 1749 2577 misericordias

187 2615 454 2670 coliaudati
482 2615 810 2685 recipiantur
840 2615 908 2669 ab
935 2616 1015 2669 eis
1052 2613 1106 2668 in
1133 2614 1477 2668 tabernacula
1503 2623 1708 2666 aeterna
1731 2657 1745 2680 ,

188 2719 316 2777 quos
353 2708 549 2761 amicos
590 2707 686 2761 sibi
716 2707 785 2761 dc
815 2719 1121 2761 mammona
1177 2706 1478 2775 iniquitatis
1508 2706 1559 2758 in
1589 2704 1750 2773 hujus

190 2798 309 2853 vita:
330 2798 635 2854 mortalitate
657 2798 921 2854 iecerunt.
939 2798 1005 2853 Et
1030 2800 1128 2851 hos
1141 2813 1266 2868 ergo
1285 2808 1341 2852 et
1372 2798 1492 2851 illos
1518 2797 1750 2853 humiles

189 2891 398 2961 rapit-it
429 2892 580 2956 Deus,
604 2894 727 2964 quia
755 2894 1117 2948 meminerunt
1149 2894 1365 2963 utrique
1389 2893 1515 2962 quid
1549 2891 1751 2947 iuerint

184 2994 280 3054 per
310 2997 451 3039 suam
471 2984 751 3055 malitiam,
783 2993 839 3040 et
865 2984 992 3057 quid
1035 2983 1159 3040 lacti
1182 2984 1290 3040 sint
1320 2993 1348 3023 ι
1377 2998 1477 3055 per
1506 2984 1599 3041 Dei
1628 2999 1751 3056 gra-

186 3073 326 3130 tiam.

1848 1872 1983 1945 29);
2019 1873 2111 1941 qui
2158 1888 2266 1927 non
2299 1873 2589 1929 carnaliter
2621 1874 2961 1930 circumcisae
2998 1877 3149 1947 genti
3202 1889 3436 1934 tantum-

1850 1966 2013 2021 modo
2043 1964 2213 2020 factus
2242 1974 2325 2021 est
2346 1976 2519 2035 mter,
2544 1966 2640 2020 sed
2669 1975 2724 2022 et
2745 1969 2983 2022 outnium
3008 1969 3099 2038 qui
3138 1981 3436 2041 sequuntur

1851 2060 2079 2130 vestigia
2112 2060 2235 2116 ﬂdei
2260 2060 2553 2130 Abraham,
2588 2063 2699 2132 qui,
2730 2077 2851 2117 cum
2882 2071 3029 2120 esset
3058 2064 3109 2119 in
3151 2069 3433 2135 prteputio,

1852 2155 2085 2211 credidit
2134 2155 2382 2221 Domino,
2434 2163 2490 2210 et
2511 2155 2835 2225 justiﬂcatus
2865 2168 2947 2212 est
2975 2173 3041 2215 ex
3069 2157 3192 2223 ﬁde.
3224 2170 3278 2215 et
3309 2174 3438 2216 con-

1851 2247 2072 2302 stitutus
2115 2258 2199 2301 est
2241 2248 2485 2302 omnium
2535 2249 2771 2319 gentium
2827 2258 2984 2319 pater
3035 2252 3208 2321 (Rom.
3243 2269 3318 2321 tv,
3370 2255 3439 2311 i0

1851 2355 2031 2409 δαιφά
2059 2338 2188 2393 Gen.
2214 2355 2306 2411 xv,
2341 2340 2420 2409 6),
2450 2340 2760 2411 dictumque
2785 2342 2833 2396 ei
2856 2353 2959 2407 est,
2992 2342 3360 2400 Benedicentur
3384 2348 3439 2402 in

1852 2437 1900 2486 te
1942 2446 2115 2484 omnes
2167 2441 2339 2502 gentes
2391 2430 2544 2503 (Gen.
2587 2448 2683 2495 xtt,
2726 2432 2806 2504 ὅ).
2857 2436 2990 2500 Quia
3039 2450 3169 2506 ergo
3213 2440 3441 2508 populus

1849 2519 2187 2576 Christianus
2233 2536 2397 2576 verus
2445 2534 2529 2577 est
2584 2523 2767 2593 Israel,
2819 2532 2873 2579 ct
2916 2527 3180 2597 Egyptus
3211 2546 3356 2600 stupe
3384 2533 3437 2588 in

1852 2611 2021 2682 ﬁgura
2054 2613 2215 2666 totius
2254 2613 2438 2668 saeculi
2487 2615 2724 2683 ponitur,
2755 2630 2784 2667 τι
2812 2631 2918 2684 quo
2942 2618 3256 2686 spisitaliter
3288 2637 3435 2678 rece-

1853 2705 2087 2761 dandum
2117 2716 2232 2761 est:
2256 2707 2709 2777 quemadmodum
2737 2708 2829 2763 ille
2859 2711 3087 2778 populus
3129 2728 3233 2766 non
3266 2716 3439 2784 potuit

1853 2796 1919 2852 ad
1948 2805 2149 2852 terram
2183 2799 2562 2867 promissionis
2592 2801 2797 2869 venire,
2834 2802 2934 2856 nisi
2967 2802 3151 2859 divino
3182 2806 3440 2864 liberare-

1852 2897 1942 2945 tttr
1962 2890 2180 2957 auxilio,
2210 2890 2283 2944 ita
2314 2891 2381 2945 ab
2414 2891 2572 2961 hujus
2604 2892 2787 2948 saeculi
2809 2892 3042 2951 vinculis
3089 2897 3266 2954 nullus
3297 2902 3441 2956 erui-

1852 2990 1963 3049 tur,
1998 2983 2100 3038 nisl
2130 3000 2228 3049 per
2253 2988 2481 3055 gratiam
2515 2986 2628 3051 Dei,
2665 2988 2716 3042 in
2770 3004 2931 3045 manu
2963 2991 3081 3046 forti
3127 3002 3181 3049 et
3220 2993 3442 3051 brachio

1854 3079 2067 3133 excelse
2096 3076 2290 3150 (Exod.
2326 3092 2396 3143 vr,
2425 3080 2477 3143 l,
2512 3080 2591 3150 ϐ),
2618 3090 2675 3134 ut
2715 3082 2955 3137 cmlestis
2984 3082 3280 3141 Jerusalem
3310 3088 3444 3143 alvis

248 3167 419 3239 (Veis.
447 3170 501 3235 'l,
531 3168 614 3241 8.)
647 3168 750 3234 Qui
776 3169 922 3239 erigit
946 3169 1013 3223 de
1049 3179 1185 3225 terra
1210 3170 1436 3241 inopem,
1469 3179 1514 3224 et
1542 3170 1607 3224 de
1624 3179 1755 3223 ster-
1782 3169 1827 3233 C
1858 3184 1979 3227 esse
2025 3182 2313 3226 mereatur.
2363 3172 2700 3244 Quicumque
2727 3188 2859 3243 ergo
2886 3184 3011 3231 sunt
3040 3176 3314 3249 Israelita,
3348 3183 3442 3235 do-

184 3272 291 3315 cure
306 3260 490 3316 exultat
503 3278 784 3333 pauperem
798 3275 820 3328 ς
833 3272 886 3315 ut
908 3264 1120 3316 collocet
1141 3278 1255 3317 eum
1272 3278 1386 3317 cum
1408 3263 1747 3333 principibus,

180 3366 286 3407 sunt
331 3355 646 3427 principibus
676 3354 857 3426 populi
886 3358 986 3409 sui.
1018 3354 1133 3411 Non
1179 3356 1360 3427 itaque
1393 3355 1752 3424 dedignentur

182 3457 293 3503 esse
320 3447 538 3504 humilia
579 3450 755 3519 capita
785 3450 1123 3524 excelsorqtn
1168 3448 1271 3503 sub
1319 3464 1481 3503 manu
1513 3448 1749 3503 Domini.

185 3536 422 3605 Quamvis
451 3542 599 3597 enim
629 3542 927 3597 collocetur
963 3542 1139 3598 ﬁdelis
1171 3542 1464 3597 Dominicis
1510 3544 1753 3613 pecuniae

183 3630 507 3702 dispensator
545 3649 667 3690 cum
696 3635 1028 3706 principibus
1058 3635 1238 3707 populi
1272 3636 1365 3692 Dei
1396 3636 1608 3708 (Matth.
1638 3655 1750 3705 χιι,

179 3709 286 3796 τε).
330 3727 579 3796 quamvis
621 3741 877 3783 sessurus
915 3730 986 3783 sit
1010 3729 1064 3783 in
1110 3729 1390 3785 duodecim
1435 3731 1673 3795 sedibus,
1700 3740 1754 3786 et

182 3817 383 3886 angelos
419 3833 641 3890 quoque
680 3818 1012 3888 iudicaturus
1052 3821 1098 3892 (ιι
1129 3820 1252 3877 Cor.
1300 3837 1375 3886 vr.
1426 3821 1508 3894 5),
1550 3838 1577 3876 a
1612 3833 1755 3878 terra

180 3916 343 3966 tamen
373 3913 532 3983 inops
556 3912 802 3983 erigitur,
834 3921 890 3968 et
925 3912 993 3968 de
1032 3922 1275 3969 stercore
1322 3928 1525 3985 pauper
1553 3915 1754 3970 exalta-

184 4006 277 4069 tu,
299 4006 419 4073 quia
444 4006 648 4060 denum
680 4005 773 4060 Dei
799 4014 883 4060 est
902 4007 1079 4061 omnis
1114 4006 1380 4063 celsitudo
1420 4021 1751 4063 sanctorum.

242 4095 417 4168 (τετε.
451 4099 537 4171 9.)
568 4100 667 4168 Qui
702 4100 932 4156 habitare
958 4104 1084 4172 facit
1105 4103 1329 4158 sterilem
1350 4105 1401 4157 in
1435 4104 1607 4169 domo,
1641 4120 1753 4157 ma-

186 4194 295 4243 trem
322 4193 556 4260 ﬁliorum
578 4196 857 4249 la’tantem.
878 4194 1173 4251 Ecclesiam
1201 4199 1341 4251 enim
1372 4207 1495 4251 ante
1517 4195 1752 4251 sterilem

181 4277 266 4337 Dei
294 4288 464 4355 gratia
497 4284 664 4360 424,
690 4287 1023 4354 fecundavit,
1068 4300 1125 4344 ut
1169 4290 1221 4344 in
1249 4290 1431 4345 multis
1459 4288 1583 4344 (iiiis
1609 4291 1756 4344 lacta-

182 4382 317 4430 Μυτ-
347 4375 509 4448 (Isai.
540 4394 649 4448 Ltv,
698 4379 774 4450 1).
821 4381 878 4435 In
925 4396 1031 4451 qua
1085 4381 1358 4449 Dominus,
1403 4383 1489 4453 qui
1536 4385 1591 4438 in
1638 4384 1757 4437 altis

182 4462 385 4533 habitat,
440 4480 487 4525 ct
512 4470 732 4525 humilia
759 4472 968 4544 respicit
990 4475 1045 4528 in
1076 4475 1201 4529 ctelo
1230 4484 1277 4529 et
1310 4476 1365 4529 in
1405 4484 1564 4544 terra,
1596 4474 1758 4530 habet

1852 3278 1967 3319 ntus
1988 3263 2151 3319 Jacob
2180 3274 2235 3320 et
2274 3265 2526 3327 Abrahte.
2556 3268 2851 3323 secundum
2883 3270 3292 3339 promissionem
3341 3273 3444 3329 b.12-

1852 3358 2012 3411 redes
2041 3355 2185 3427 (Gai.
2233 3372 2312 3424 tn,
2344 3357 2461 3429 23),
2492 3371 2827 3428 cognoscunt
2858 3364 3018 3417 etiam
3072 3378 3129 3419 se
3178 3367 3355 3421 exisse
3381 3368 3444 3421 de

1854 3447 2117 3520 Egypto,
2142 3464 2263 3504 cum
2293 3450 2415 3503 huic
2441 3451 2638 3504 stucqu
2667 3453 3147 3521 renuntiaverunt;
3181 3456 3357 3511 exisse
3382 3459 3445 3512 de

1854 3544 2051 3614 populo
2078 3542 2310 3606 barbaro,
2359 3558 2479 3597 cum
2509 3543 2849 3599 confessione
2891 3548 3104 3614 pictatis
3135 3560 3163 3601 a
3193 3548 3446 3618 blasphe-

1854 3635 1981 3690 miis
2036 3635 2320 3702 impiarum
2377 3635 2618 3702 gentium
2680 3648 3043 3692 recesserunt.
3110 3638 3445 3711 Interrogent

1856 3723 2017 3781 corda
2043 3738 2162 3791 sua,
2198 3724 2241 3777 si
2266 3738 2327 3777 ea
2354 3723 2691 3779 circumcidit
2719 3726 2873 3790 ﬂdes,
2904 3728 2949 3781 si
2982 3729 3202 3797 pnriﬂca
3215 3733 3289 3786 vit
3314 3748 3446 3786 con-

1856 3816 2018 3872 fessio
2048 3816 2139 3871 Dsi
2168 3815 2461 3880 Abraham,
2495 3825 2549 3871 et
2574 3816 2668 3873 Dei
2700 3818 2866 3884 Isaac,
2895 3831 2947 3873 et
2977 3820 3069 3875 Dei
3098 3822 3264 3877 Iacob
3289 3840 3302 3877 :
3339 3820 3446 3878 Fa-

1856 3920 1940 3965 cta
1958 3920 2033 3963 est
2053 3909 2216 3982 425
2239 3909 2291 3964 in
2322 3910 2401 3965 eis
2440 3910 2630 3964 Iudaea
2656 3912 3000 3980 sanctificatio
3037 3917 3170 3986 ejus,
3204 3924 3249 3969 et
3278 3914 3447 3970 Israel

1857 4012 2081 4076 potestas
2136 4004 2268 4073 ejus.
2317 4001 2474 4056 Dedit
2511 4004 2653 4057 enim
2697 4003 2768 4058 eis
2812 4014 3106 4072 potestatem
3169 4006 3306 4077 filios
3349 4007 3449 4064 Dei

1858 4096 1971 4167 ﬁeri
2006 4095 2186 4166 (Joau.
2219 4111 2257 4164 t,
2292 4094 2405 4164 12).
2441 4097 2561 4152 Iam
2602 4094 2691 4151 hic
2740 4097 3057 4155 recordetur
3084 4102 3450 4171 unusquisttuc

1858 4188 1951 4259 qui
1978 4188 2079 4244 sub
2116 4190 2248 4242 dura
2275 4188 2652 4244 dominatione
2694 4188 2978 4246 diaboitcis
3019 4192 3070 4246 in
3123 4192 3224 4247 hoc
3252 4197 3449 4247 sarculo

1860 4280 2120 4349 operibus
2149 4280 2394 4335 subditus
2426 4280 2723 4348 laborabat,
2756 4282 3028 4353 quomodo
3067 4284 3135 4339 ab
3158 4284 3289 4355 iugo
3316 4287 3451 4341 liber

1860 4371 2088 4431 eﬂcrtus
2112 4374 2199 4438 sit,
2228 4374 2501 4444 quomodo
2528 4375 2667 4430 inter
2687 4376 3110 4432 dissuadentium
3133 4382 3448 4449 retinacula,

1862 4477 1916 4522 et
1942 4468 2322 4523 obsistentium
2371 4468 2752 4538 impedimenta
2786 4471 2850 4524 ad
2880 4471 3018 4523 viam
3069 4468 3328 4527 libertatis
3356 4516 3369 4537 ,
3399 4484 3452 4528 et

186 4570 248 4614 ex
274 4564 483 4618 semine
528 4562 799 4619 Abraham
831 4574 886 4619 et
911 4566 1197 4621 sublimem
1226 4567 1588 4635 sanctitatem,
1618 4567 1749 4625 sicut

1863 4559 1928 4615 ad
1983 4576 2132 4629 spem
2183 4568 2402 4614 internae
2452 4559 2786 4614 Iturreditatis
2835 4561 3089 4617 evaserit.
3147 4562 3293 4617 Mare
3322 4580 3452 4634 ergo

181 4653 359 4710 stellas
380 4657 509 4714 caeli
536 4656 593 4712 iu
615 4661 864 4728 supernis
886 4659 1106 4715 sedibus
1124 4659 1513 4729 collocandum,
1535 4669 1591 4716 et
1618 4661 1760 4715 sicut

184 4757 390 4803 arenam
424 4750 480 4805 in
511 4766 607 4805 ora
641 4751 825 4819 maris,
861 4751 1265 4808 misericordem
1312 4762 1473 4822 atque
1510 4753 1758 4810 innume-

180 4848 284 4892 ram
328 4842 755 4906 multitudinem,
788 4856 817 4897 a
845 4844 1081 4900 sinistris
1111 4843 1363 4902 ﬂuctibus
1390 4856 1444 4903 et
1483 4846 1551 4903 ab
1596 4845 1756 4918 impia

183 4934 535 4992 amaritudine
570 4938 981 5008 segregandam.

704 5029 1017 5088 PSALMUS
1052 5029 1236 5088 CXIII.

808 5136 1129 5179 IALIJLUIA.

241 5209 426 5284 (Vere.
460 5196 602 5287 ιδ.)
637 5211 704 5268 In
732 5214 871 5268 exitu
900 5212 1069 5268 Israel
1090 5228 1153 5270 ex
1178 5211 1434 5285 Egypto,
1461 5212 1640 5269 domus
1666 5211 1763 5269 Ια-

178 5301 262 5353 τοι
287 5303 352 5357 de
380 5305 578 5375 populo
620 5304 869 5371 barbaro;
912 5306 1051 5377 facta
1093 5315 1168 5361 est
1209 5305 1396 5361 Juda'a
1424 5305 1763 5378 sanctiﬁcatio

174 5392 303 5463 ejus,
329 5393 506 5452 Israel
529 5408 753 5467 potestas
778 5402 912 5471 ejus.
954 5397 1105 5454 Mare
1132 5400 1280 5467 uidit,
1310 5409 1357 5454 et
1385 5399 1541 5475 fugit,
1571 5400 1764 5455 Iorda-

174 5484 255 5537 nis
282 5500 560 5543 conuersus
589 5498 663 5545 est
689 5500 989 5546 retrorsum.
1036 5490 1440 5548 Praeteritorum
1484 5504 1759 5564 gestorum

174 5577 342 5633 νοωιί
388 5579 600 5637 videtur
641 5581 885 5652 historia,
934 5591 989 5640 et
1027 5583 1475 5655 quemadmodum
1524 5585 1754 5656 populus

1860 4652 2055 4707 victitet
2088 4653 2243 4723 fugit,
2274 4666 2396 4706 cum
2444 4652 2722 4706 obstacula
2772 4654 2974 4721 saeculi,
3028 4653 3193 4709 verbo
3221 4655 3315 4712 Dei
3354 4669 3456 4713 tre-

1861 4746 2090 4803 mefacta
2124 4753 2427 4801 cesserunt.
2467 4743 2719 4800 Iordanis
2746 4760 3013 4802 conversus
3045 4758 3116 4802 est
3138 4760 3452 4805 retrorsum:

1860 4840 2113 4910 quoniam
2171 4838 2260 4907 qui
2312 4849 2594 4893 aversusa
2627 4840 2892 4910 principio
2943 4854 3083 4906 suo,
3138 4841 3447 4895 Creatorem

1863 4948 2018 4990 suum
2048 4931 2272 4999 deserit,
2321 4940 2594 5003 tamquam
2623 4930 2815 4989 ﬂuvius
2845 4935 2895 4989 in
2927 4950 3074 4991 mare
3105 4936 3330 4999 labitur,
3364 4936 3449 4989 cui

1864 5026 2062 5082 bonum
2096 5033 2179 5079 est
2221 5031 2277 5079 ut
2303 5035 2600 5080 retrorsum
2640 5035 3006 5095 convertatur,
3038 5038 3091 5081 et
3142 5027 3356 5080 rediens
3383 5027 3449 5081 ad

1865 5127 2142 5175 auctorem
2170 5160 2185 5185 ,
2217 5127 2363 5174 retro
2390 5117 2488 5173 sibi
2515 5118 2678 5173 faciat
2705 5132 2873 5186 mare,
2902 5118 2967 5173 ad
3010 5116 3152 5188 quod
3185 5127 3310 5171 ante
3337 5128 3451 5171 ivn-

1866 5211 2061 5278 debat;
2106 5220 2160 5267 et
2202 5212 2278 5266 sic
2307 5209 2559 5266 Iordanis
2604 5220 2951 5267 convertatur
2976 5222 3297 5275 retrorsum,
3331 5223 3451 5263 cum

1868 5304 1946 5360 illi
1974 5311 2369 5359 Convertuntur
2388 5304 2454 5359 ad
2485 5304 2795 5370 Dominum,
2824 5302 2913 5373 qui
2945 5300 3172 5372 gratiam
3203 5299 3453 5371 baptismi

1867 5405 2249 5471 perceperunt.

1940 5491 2124 5563 (Vers.
2156 5488 2235 5560 4.)
2271 5487 2475 5545 Montes
2505 5488 2781 5562 gestiernnt
2816 5486 2951 5541 velut
2982 5487 3196 5555 arietes,
3225 5496 3273 5543 et
3302 5490 3456 5542 colles

1869 5584 2005 5641 velut
2042 5583 2165 5657 agni
2202 5584 2390 5638 ouium.
2430 5580 2646 5639 Fideles
2677 5580 3084 5651 dispensatores
3122 5582 3272 5638 verbi
3314 5580 3455 5636 veri-

243 5763 273 5802 ⁸
298 5762 453 5821 Edit.
482 5762 705 5831 Colon"
726 5772 821 5835 per
841 5760 943 5819 Dei
964 5761 1205 5836 gloriam.
1225 5760 1423 5835 Lugd,
1449 5758 1655 5817 Lovan.
1684 5772 1743 5818 et
1767 5762 1957 5830 Duac.,
1987 5776 2082 5832 per
2108 5758 2205 5815 Dei
2222 5757 2460 5832 gratiam.
2490 5754 2583 5811 Sic
2601 5752 2768 5809 etiam
2796 5751 3130 5826 Augustinus
3160 5755 3273 5814 hic.
