4028 6352
608 371 711 430 527

1842 362 1901 420 S.
1941 357 2275 417 PROSPERI
2314 354 2645 424 AQUITANI

3769 344 3854 408 328

609 488 762 557 tatis,
800 486 968 542 sancti
997 482 1257 555 apostoli,
1289 482 1459 538 sancti
1491 478 1858 551 evangelista,
1888 485 2101 531 montes
2128 483 2183 529 et
2208 480 2257 539 Α
2285 471 2740 528 suivoluntariam
2754 470 2979 541 gratiam
2992 482 3142 525 suam
3156 464 3856 536 constituit,ncquisdeope-

609 582 774 637 duces
794 590 917 636 sunt
943 594 1184 649 gregum,
1213 587 1265 633 et
1297 576 1486 643 colles,
1508 575 1653 630 velut
1680 572 1799 643 agni
1829 571 2030 638 ovium,
2064 577 2191 623 sunt

609 675 801 743 quibus
824 673 1105 739 dicitur,in
1137 670 1341 726 Christo
1362 669 1491 724 Jcsu
1523 684 1612 739 per
1638 666 1972 738 Evangelium
1993 678 2084 735 ego
2104 678 2191 715 vos

608 766 759 835 genui
796 763 849 835 (l
873 763 992 817 Cor.
1026 779 1095 829 Iv,
1125 761 1246 833 15);
1283 761 1349 815 de
1383 760 1579 831 quibus
1606 758 1823 822 dicitur,
1856 754 2049 822 A/ferte
2080 753 2189 806 Do-

608 861 747 910 mino
786 856 922 923 ﬁlios
959 856 1179 909 arietum
1228 851 1399 925 (Psal.
1440 866 1626 915 xxvut,
1663 851 1748 919 1);
1790 848 1878 915 qui
1931 846 2192 900 montium

611 949 827 1020 pabulis
853 946 1186 1017 opimantur,
1209 953 1262 1000 et
1292 945 1392 999 sub
1421 944 1648 998 arietum
1686 939 1989 1010 principatu
2019 935 2194 991 exsul-

612 1050 788 1097 tantes
819 1047 1097 1111 reguntur.

683 1136 863 1207 (Vers.
892 1135 947 1202 5,
975 1133 1056 1204 ϐ.)
1082 1132 1219 1199 Quid
1251 1142 1321 1187 est
1348 1147 1487 1185 mare
1509 1129 1646 1202 quod
1677 1127 1861 1199 fugisti
1880 1128 1903 1179 ?
1922 1134 1969 1177 et
2005 1133 2057 1176 tu
2077 1121 2200 1176 Jor-

614 1231 765 1285 danis
794 1230 915 1301 quia
941 1244 1214 1283 conversus
1243 1243 1298 1281 es
1324 1224 1645 1281 retrorsum?
1676 1220 1879 1275 Montes
1900 1218 2019 1289 quia
2040 1215 2197 1289 gesti-

616 1326 679 1377 tis
715 1323 852 1377 velut
881 1322 1086 1386 arietes,
1111 1330 1159 1373 et
1188 1318 1343 1374 colles
1372 1318 1505 1371 velut
1537 1316 1658 1386 agni
1685 1312 1893 1366 ovium?
1921 1307 2057 1376 Quid
2085 1314 2198 1373 est,

616 1414 816 1484 inquit,
838 1429 871 1467 ο
897 1412 1176 1480 sacculum,
1199 1410 1342 1481 quod
1370 1420 1456 1464 tua
1485 1407 1866 1477 impedimenta
1894 1398 2207 1457 cesserunt?

622 1506 763 1574 Quid
804 1514 888 1561 est
917 1505 1058 1575 quod
1107 1514 1185 1558 tot
1222 1502 1385 1557 millia
1435 1501 1707 1567 ﬁdelium,
1750 1506 1861 1551 toto
1906 1494 2039 1548 orbe
2084 1490 2205 1546 huic

622 1597 821 1652 mundo
870 1594 1293 1651 renuntiantium
1331 1588 1746 1647 convertimini?
1775 1586 1912 1655 Quid
1950 1593 2031 1638 est
2064 1582 2204 1653 quod

622 1689 900 1761 gaudetis,
931 1688 1123 1759 quibus
1167 1689 1218 1740 in
1266 1686 1371 1740 line
1417 1685 1647 1749 dicetur,
1694 1682 1858 1752 Euge,
1894 1679 2019 1733 bone
2047 1692 2205 1743 serve,

626 1781 867 1851 quoniam
894 1781 946 1831 in
977 1777 1156 1847 paucis
1200 1776 1368 1846 ﬁdelis
1416 1777 1591 1846 fuisti,
1620 1790 1777 1845 supra
1824 1772 1985 1826 multa
2013 1780 2059 1823 te
2087 1784 2211 1821 con-

2291 580 2410 620 rum
2436 562 2645 619 meritis
2669 560 3093 631 glorietur.Qnia
3117 561 3231 615 sive
3248 568 3458 614 montes
3483 559 3714 627 gestiant
3735 559 3858 614 velut

2291 657 2512 724 arietes,
2548 657 2662 711 sive
2689 655 2854 710 colles
2885 655 3029 709 velut
3058 653 3177 723 agni
3208 652 3410 719 ovium,
3455 668 3487 705 a
3512 652 3641 721 facie
3679 650 3859 706 Domini

2295 759 2543 805 commota
2560 759 2631 804 est
2648 759 2803 815 terra,
2820 762 2887 802 ne
2909 747 2961 801 in
2980 746 3210 800 terrenis
3240 745 3497 807 sordibus,
3521 755 3857 813 permaneret.

2369 844 2549 916 (Vers.
2579 840 2662 915 1.)
2709 843 3000 898 Simulacra
3041 840 3270 913 gentium
3297 851 3566 912 argentum
3594 851 3641 894 et
3679 857 3855 894 aurum.

2296 936 2509 992 Habent
2536 935 2749 1007 quidem
2772 945 2826 990 et
2851 950 3013 1001 aerea,
3043 942 3098 990 et
3135 934 3338 1005 lignea,
3364 943 3421 990 et
3450 934 3628 988 ﬁctilia
3659 934 3862 987 simula-

2298 1046 2415 1091 cra.
2443 1039 2497 1085 et
2542 1029 2764 1085 alterius
2793 1030 3121 1099 alteriusque
3170 1028 3441 1096 materiae;
3474 1028 3569 1083 sed
3599 1029 3861 1093 pretiosum

2299 1138 2489 1179 eorum
2530 1123 2720 1177 maluit
2752 1136 3179 1177 commemorare
3212 1120 3448 1192 Spiritus
3478 1131 3716 1176 sanctus.
3749 1121 3863 1189 Quia

2260 1272 2263 1275 .
2301 1229 2421 1270 cum
2465 1215 2517 1270 in
2549 1229 2614 1270 eo
2653 1215 2879 1285 quisque
2929 1215 3206 1270 erubuerit
3252 1214 3394 1285 quod
3428 1214 3501 1269 illi
3529 1213 3741 1269 charius
3764 1221 3860 1281 est,

2306 1307 2478 1362 multo
2512 1306 2722 1361 facilius
2756 1306 3020 1362 avertitur
3056 1322 3084 1361 a
3112 1307 3466 1361 veneratione
3516 1307 3758 1361 viliorum
3782 1321 3795 1360 :
3817 1314 3864 1360 ut

2306 1399 2568 1469 intelligat
2606 1399 2771 1454 etiam
2816 1399 2871 1454 in
2917 1414 3049 1454 auro
3076 1406 3133 1454 et
3167 1407 3392 1469 argento
3428 1397 3560 1452 nihil
3605 1396 3740 1452 aliud
3765 1411 3863 1453 esse

2306 1508 2464 1563 quam
2496 1501 2720 1546 terram.
3224 1488 3248 1519 ‘

2384 1583 2562 1653 (Vers.
2600 1582 2760 1653 5-8.)
2796 1582 2867 1637 0s
2908 1584 3054 1638 enim
3098 1583 3314 1651 habent,
3352 1590 3401 1636 et
3448 1598 3551 1636 non
3595 1582 3863 1652 loquentur;

2310 1680 2485 1732 oculos
2523 1678 2737 1745 habent,
2770 1688 2817 1731 et
2844 1694 2943 1731 non
2971 1678 3229 1733 videbunt.
3270 1679 3432 1732 Aures
3467 1678 3679 1745 habent,
3719 1687 3758 1731 et
3784 1693 3865 1730 non

2311 1770 2560 1834 audient;
2596 1786 2743 1824 nares
2780 1769 2990 1835 habent,
3029 1780 3206 1824 etnon
3241 1768 3548 1823 odorabunt.
3582 1767 3758 1823 Manus
3786 1768 3863 1820 ha-

626 1877 834 1929 stituam
882 1871 1092 1945 (Matth.
1130 1886 1261 1936 xxv,
1284 1869 1414 1940 21)?
1436 1868 1575 1936 Quid
1627 1877 1707 1923 est
1736 1865 1879 1936 quod
1929 1864 2207 1932 gaudetis,
2241 1865 2289 1925 B
2316 1866 2459 1928 bent,
2493 1872 2541 1917 et
2570 1879 2671 1916 non
2699 1862 3117 1929 contrectabunt;
3147 1862 3297 1932 pedes
3340 1860 3546 1927 habent,
3584 1872 3630 1915 et
3656 1877 3749 1914 non
3771 1877 3865 1913 am-

627 1968 821 2039 quibus
844 1967 896 2021 in
915 1966 1018 2019 line
1040 1964 1272 2027 dicetur,
1300 1961 1475 2016 Venite
1497 1960 1740 2015 benedicti
1757 1957 1932 2012 Patris
1953 1956 2073 2021 mei,
2101 1972 2216 2023 per-

629 2059 779 2128 cipite
805 2073 1019 2127 regnum
1039 2054 1173 2125 quod
1194 2054 1331 2108 vobis
1361 2062 1595 2124 paratum
1621 2061 1691 2106 est
1719 2050 1782 2103 ab
1818 2049 2015 2120 origine
2042 2046 2218 2100 mundi

635 2147 795 2219 (Ibid.
827 2147 962 2217 at)?

700 2240 881 2313 (Vers.
906 2241 985 2310 7.)
1012 2241 1056 2293 Α
1086 2240 1216 2311 facie
1234 2236 1443 2292 Domini
1473 2246 1723 2290 commota
1742 2243 1814 2288 est
1845 2242 2004 2297 terra,
2028 2248 2060 2284 a
2090 2230 2219 2301 facie

634 2333 730 2387 Dei
751 2333 932 2387 Iacob.
961 2332 1098 2399 Quid
1127 2340 1207 2386 est
1227 2348 1257 2383 α
1288 2331 1419 2401 facie
1448 2326 1679 2393 Domini,
1712 2327 1812 2381 nisi
1845 2325 1914 2379 ab
1940 2325 2057 2392 ejus
2080 2336 2219 2393 prae-

632 2427 828 2491 sentia,
855 2425 942 2494 qui
967 2424 1124 2487 dixit,
1152 2421 1284 2475 Ecce
1304 2439 1395 2492 ego
1416 2422 1673 2474 vobiscum
1697 2436 1811 2473 sum
1833 2434 1990 2486 usque
2010 2416 2077 2468 ad
2102 2431 2218 2467 con-

637 2517 1025 2571 summationem
1067 2511 1241 2568 seaculi
1287 2510 1509 2583 (Matth.
1552 2525 1738 2575 xxvnt,
1765 2508 1885 2577 20)?
1931 2507 2048 2575 lpse
2090 2519 2219 2573 ergo

637 2618 937 2665 commovet
956 2616 1173 2675 terram,
1189 2606 1302 2675 ipse
1322 2604 1466 2674 pigra
1482 2613 1534 2658 et
1551 2604 1741 2657 inertia
1758 2600 1917 2656 corda
1932 2600 2215 2654 convertit.

705 2702 886 2773 (Vers.
912 2699 992 2773 8.)
1026 2699 1135 2765 Qui
1153 2697 1397 2752 convertit
1428 2706 1626 2769 petram
1646 2697 1699 2749 in
1720 2704 1904 2767 stagna
1932 2708 2215 2760 aquarum,

634 2807 681 2850 et
708 2812 887 2865 rupem
920 2796 973 2848 in
1001 2794 1164 2864 fontes
1199 2807 1468 2862 aquarum.
1502 2790 1604 2845 Ista
1638 2798 1723 2845 est
1751 2787 2005 2857 spiritalis
2036 2795 2216 2855 petra,

637 2888 689 2943 id
729 2895 815 2943 est
847 2885 1092 2942 Christus
1127 2884 1178 2955 (1
1209 2883 1327 2939 Cor.
1363 2899 1418 2949 x,
1450 2882 1529 2953 4),
1568 2881 1657 2951 qui
1696 2879 1993 2935 doctrinam
2034 2891 2215 2940 suam,

638 2996 759 3051 quae
790 2981 936 3049 prius
970 2977 1102 3033 dura
1135 2986 1191 3032 et
1220 2976 1387 3046 rigida
1413 2974 1718 3039 videbatur,
1746 2973 1797 3026 in
1831 2972 1992 3026 multa
2021 2969 2216 3023 ﬂuenta

638 3072 938 3138 convertit;
969 3080 1022 3127 et
1053 3070 1220 3125 misso
1251 3069 1317 3123 de
1345 3068 1496 3123 caelis
1532 3065 1734 3136 Spiritu
1774 3074 1984 3129 sancto,
2013 3075 2221 3116 sermo-

640 3182 761 3221 nem
794 3180 949 3221 suum
980 3162 1108 3218 fecit
1136 3176 1257 3217 esse
1286 3160 1573 3231 potabilem
1594 3199 1606 3223 ,
1633 3172 1791 3228 quem
1829 3152 2106 3224 discipulis
2138 3153 2219 3206 ins

2319 1955 2566 2010 bulabunt
2599 1972 2615 2008 :
2646 1973 2747 2011 non
2800 1955 3088 2010 clamabunt
3126 1957 3179 2008 in
3233 1955 3466 2025 faucibus
3514 1954 3640 2008 suis.
3692 1952 3871 2007 Similes

2318 2050 2416 2104 sint
2448 2049 2553 2103 illis
2574 2066 2745 2103 omnes
2776 2050 2862 2119 qui
2898 2049 3098 2120 faciunt
3133 2064 3225 2113 ea,
3247 2057 3295 2102 et
3324 2063 3496 2101 omnes
3525 2046 3610 2116 qui
3641 2045 3870 2113 conﬁdunt

2318 2143 2370 2195 in
2396 2142 2485 2195 eis.
2510 2140 2740 2196 Videant
2759 2156 2886 2211 ergo
2913 2139 3063 2210 impii
3093 2139 3295 2209 apertis
3321 2149 3375 2194 et
3404 2138 3746 2194 sentientibus
3768 2152 3873 2191 ocu-

2319 2233 2414 2299 lis,
2445 2244 2495 2287 et
2526 2233 2753 2289 adorent
2792 2234 2991 2288 clausis
3018 2240 3076 2289 et
3116 2232 3345 2287 mortuis
3373 2232 3661 2296 mentibus,
3690 2245 3780 2285 nec
3800 2229 3871 2282 vi~

2319 2328 2519 2393 (lentia,
2554 2342 2655 2381 nec
2684 2327 2918 2381 viventia
2957 2325 3267 2379 simulacra.

2392 2420 2575 2492 (Vers.
2602 2419 2682 2492 9.)
2713 2418 2907 2474 Domus
2943 2418 3112 2473 Israel
3140 2427 3308 2490 sperat
3336 2420 3388 2473 in
3418 2418 3636 2473 Domino
3658 2434 3675 2472 :
3696 2416 3874 2485 adiutor

2321 2531 2496 2568 eorum
2527 2523 2571 2568 et
2607 2523 2863 2586 protector
2893 2530 3069 2568 eorum
3094 2522 3186 2567 est.
3219 2513 3349 2583 Spes
3376 2513 3522 2567 enim
3552 2529 3661 2584 qua:
3686 2512 3874 2574 videtur,

2322 2623 2423 2660 non
2463 2615 2536 2660 est
2574 2622 2707 2678 spes.
2756 2606 2906 2673 Quod
2954 2606 3087 2659 enim
3126 2606 3258 2660 videt
3288 2606 3418 2677 quis.
3460 2605 3584 2676 quid
3612 2602 3877 2674 πριιιιιῖδί

2324 2708 2491 2752 autem
2532 2699 2669 2768 quod
2714 2714 2815 2752 non
2856 2698 3113 2767 videmus,
3144 2714 3437 2768 speramus,
3471 2714 3564 2767 per
3616 2697 3878 2764 patientiam

2321 2800 2673 2859 exspectamus
2702 2789 2880 2857 (Rom.
2902 2805 3017 2855 vtn,
3035 2788 3151 2861 24).
3172 2789 3276 2844 Sed
3302 2797 3363 2844 ut
3390 2788 3644 2859 perduret
3668 2789 3878 2858 usquein

2323 2882 2483 2936 ﬁnem
2510 2883 2622 2951 ipsa
2650 2882 2927 2953 patientia,
2943 2881 3154 2952 adjutor
3168 2892 3222 2938 et
3239 2892 3514 2954 protector
3533 2894 3614 2938 est
3633 2879 3877 2937 Dominus.

2393 2973 2572 3045 (Vers.
2600 2975 2712 3045 10.)
2744 2974 2941 3029 Domus
2975 2976 3147 3030 Aaron
3178 2978 3400 3045 speravit
3434 2977 3487 3029 in
3511 2974 3725 3031 Domino
3750 2992 3767 3028 :
3798 2975 3879 3028 ad-

2310 3068 2461 3137 jutor
2480 3083 2652 3121 eorum
2681 3078 2727 3121 et
2758 3078 3011 3137 protector
3050 3085 3223 3123 eorum
3251 3080 3342 3124 est.
3372 3068 3533 3141 427
3572 3070 3703 3135 Ergo
3737 3068 3883 3123 etiam

2319 3160 2661 3213 sublimiores
2683 3160 2904 3229 quique,
2929 3168 3089 3230 atque
3121 3161 3171 3215 in
3202 3174 3415 3214 summo
3441 3160 3760 3216 excellentes
3787 3172 3887 3228 gra-

638 3260 878 3314 sinuarat
904 3297 920 3323 ,
965 3256 1213 3327 incipiens
1270 3271 1301 3307 a
1346 3252 1529 3322 Moyse
1568 3266 1657 3320 per
1698 3265 1871 3303 omnes
1905 3249 2209 3320 praphetas,
2241 3240 2286 3302 C
2320 3251 2389 3306 du
2412 3293 2426 3317 ,
2462 3253 2667 3307 ﬂetiam
2701 3252 2802 3321 ipsi
2828 3262 3236 3322 perseveranter
3260 3262 3501 3319 currant,
3528 3253 3696 3308 donec
3715 3264 3881 3320 appret

639 3353 759 3423 quia
788 3352 861 3404 sic
887 3349 1144 3419 oportebat
1167 3345 1425 3400 Christum
1453 3345 1558 3415 pati
1590 3342 1742 3416 (Luc.
1766 3356 1913 3404 xxxv,
1936 3340 2007 3392 26
2028 3348 2075 3392 et
2095 3339 2215 3407 27).

710 3443 887 3515 (Vers.
917 3440 997 3509 1.)
1030 3438 1151 3492 Non
1177 3437 1341 3497 nobis,
1366 3435 1605 3501 Domine,
1638 3450 1739 3487 non
1784 3432 1951 3494 nobis,
1996 3430 2083 3485 sed
2120 3446 2216 3484 no-

639 3535 765 3587 mini
797 3542 883 3586 tuo
909 3530 977 3583 da
1005 3530 1246 3601 gloriam.
1279 3527 1461 3583 Gratia
1495 3525 1839 3595 praedicatur,
1872 3538 1991 3593 qua:
2025 3537 2215 3592 aquam

640 3624 1062 3695 regenerationis
1093 3620 1161 3675 de
1202 3628 1385 3688 petra,
1419 3634 1541 3689 quae
1578 3628 1660 3671 est
1697 3616 1974 3689 Christus,
2008 3612 2215 3682 emisit,

640 3715 803 3787 426
832 3714 991 3768 nullis
1018 3711 1293 3767 hominum
1340 3708 1767 3781 prazcedentibus
1808 3708 2013 3762 meritis
2046 3724 2058 3759 :
2088 3722 2221 3777 quo-

642 3810 782 3861 niam
821 3805 1068 3860 Christus
1111 3820 1208 3875 pro
1246 3805 1426 3874 impiis
1463 3813 1710 3859 mortuus
1740 3810 1822 3855 est
1862 3800 2035 3874 (Rom.
2065 3817 2116 3866 v,
2151 3800 2213 3871 6)

640 3915 706 3953 ne
738 3899 882 3953 ullus
906 3898 1007 3953 nisi
1043 3898 1095 3952 in
1126 3897 1350 3951 Domino
1379 3897 1637 3967 glorietur
1660 3896 1678 3968 (
1699 3894 1715 3948 l
1740 3894 1859 3948 Cor.
1888 3910 1928 3958 ι,
1961 3894 2075 3965 51).

709 3992 887 4062 (Vers.
919 3990 999 4061 2.)
1044 3990 1216 4061 Super
1244 3990 1598 4044 misericordia
1636 3998 1684 4042 et
1717 3990 1926 4041 veritate
1956 3997 2046 4041 tua
2070 4002 2088 4042 :
2116 3987 2221 4042 duo

640 4086 785 4149 hinc,
827 4082 1194 4138 misericordia
1224 4091 1277 4136 et
1314 4083 1543 4145 veritas,
1580 4081 1633 4135 in
1676 4078 1977 4147 Scripturis
2018 4081 2221 4134 sanctis

638 4190 775 4246 pene
809 4189 1023 4244 semper
1046 4174 1230 4243 juncta
1269 4172 1639 4228 inveniuntur.
1674 4172 1731 4225 In
1771 4186 1864 4225 sua
1893 4172 2091 4240 quippe
2120 4172 2217 4225 mi.

639 4267 930 4322 sericordia
968 4265 1108 4320 Deus
1134 4265 1343 4320 vocavit
1386 4264 1609 4333 impios,
1638 4272 1692 4317 et
1729 4261 1782 4316 in
1812 4262 2040 4316 veritate
2078 4261 2222 4330 judi-

637 4361 777 4415 cavit
823 4375 918 4415 eos
956 4359 1047 4429 qui
1079 4357 1265 4413 venire
1304 4357 1617 4411 uoluerunt.
1664 4353 1749 4409 Ne
1793 4353 2002 4423 quando
2049 4353 2225 4407 dicant

639 4462 834 4523 gentes,
866 4451 964 4507 Ubi
993 4461 1070 4506 est
1098 4448 1237 4505 Deus
1265 4450 1483 4503 eorum?
1522 4448 1577 4502 In
1609 4447 1898 4503 novissimo
1930 4448 2075 4501 enim
2111 4462 2221 4500 ma«

641 4544 974 4599 nifestabitnr
996 4542 1361 4597 misericordia
1399 4551 1453 4597 et
1472 4541 1689 4597 veritas.
1708 4540 1820 4596 Nec
1843 4541 2021 4596 dicent
2052 4540 2217 4611 impii,

2322 3343 2557 3399 hendant
2583 3346 2633 3398 in
2656 3359 2760 3413 quo
2776 3344 3099 3413 apprehensi
3124 3352 3270 3410 sunt,
3286 3356 3339 3399 et
3365 3353 3689 3414 cognoscant
3706 3345 3887 3397 sicutet

2321 3437 2522 3506 cogniti
2589 3445 2747 3502 sunt,
2781 3435 3052 3505 adjutorio
3083 3444 3139 3491 et
3180 3437 3511 3507 protectione
3548 3433 3754 3491 Domini
3790 3446 3887 3487 mu-

2323 3530 2570 3584 niuntur.

2396 3620 2573 3691 (Vers.
2608 3620 2692 3684 11,
2731 3619 2847 3687 19..)
2877 3620 2974 3687 Qui
3024 3621 3198 3675 timent
3243 3619 3553 3686 Dominum,
3590 3624 3888 3691 speraverant

2322 3714 2375 3767 in
2404 3712 2617 3767 Domino
2646 3714 2897 3784 :adjutor
2927 3730 3107 3767 eorum
3137 3722 3183 3769 et
3212 3724 3467 3783 protector
3488 3730 3661 3768 eorum
3687 3723 3776 3767 est.
3802 3709 3889 3765 Do-

2323 3808 2491 3861 minus
2516 3823 2706 3860 memor
2735 3807 2832 3877 fuit
2862 3807 3052 3875 nostri,
3083 3816 3131 3861 et
3161 3807 3416 3861 benedixit
3446 3824 3557 3861 nos.
3587 3806 3801 3869 Omnes,
3826 3804 3891 3857 in-

2324 3900 2468 3967 quit,
2506 3900 2756 3954 timentes
2796 3898 3116 3965 Dominum,
3151 3910 3204 3953 et
3235 3906 3521 3968 sperantes
3564 3900 3615 3952 in
3662 3896 3891 3953 Domino,

2325 3993 2529 4048 auxilio
2559 3993 2728 4063 ipsius
2750 3993 3122 4063 perﬁciuntur.
3155 3994 3268 4047 Non
3304 3993 3447 4048 enim
3478 3992 3674 4048 nostris
3708 3987 3895 4044 meritis

2326 4086 2685 4153 prmvenimus
2742 4083 3171 4141 misericordiam
3232 4084 3474 4153 Domini,
3526 4087 3619 4141 sed
3663 4082 3897 4139 Dominus

2326 4192 2517 4230 memor
2548 4177 2644 4244 fuit
2673 4178 2865 4242 nostri,
2889 4186 2935 4230 et
2966 4177 3222 4231 benedixit
3253 4194 3371 4232 nos.

2398 4270 2577 4340 (νει-ε.
2605 4270 2832 4341 12,13.)
2871 4269 3141 4324 Benedixit
3181 4271 3388 4325 domum
3428 4270 3631 4335 Israel,
3663 4267 3898 4324 benedixit

2327 4362 2534 4415 domum
2564 4367 2755 4416 Aaron.
2806 4362 3075 4417 Benedixit
3121 4380 3294 4418 omnes
3337 4364 3567 4417 timentes
3618 4363 3896 4417 Dominum.

2328 4454 2441 4509 Hoc
2463 4466 2573 4524 est,
2598 4464 2653 4510 et
2683 4456 2997 4524 superiores
3024 4465 3077 4509 et
3105 4455 3417 4526 interiores,
3442 4455 3564 4525 quia
3608 4455 3819 4524 utrique
3847 4450 3900 4503 ti-

2327 4556 2477 4601 ment
2501 4545 2805 4602 Dominum.
2840 4547 2895 4600 Si
2923 4561 3053 4617 ergo
3079 4548 3276 4616 quaeris
3307 4561 3442 4617 quos
3471 4556 3733 4616 utrosque
3760 4548 3902 4597 bene.

643 4635 742 4691 Ubi
766 4646 840 4689 est
863 4635 1000 4690 Dens
1020 4636 1223 4689 eorum?
1240 4649 1357 4688 cum
1383 4641 1675 4704 apparente
1688 4633 1840 4703 signo
1860 4632 1978 4687 Filii
1996 4632 2225 4686 hominis
2256 4626 2307 4688 Ι)
2325 4636 2555 4703 dixerit,
2579 4637 2955 4706 respondetur,
2983 4638 3195 4706 pusillos
3218 4653 3335 4691 cum
3356 4638 3639 4710 majoribus
3657 4654 3675 4690 :
3700 4636 3799 4691 hoc
3814 4644 3901 4697 est,

640 4730 691 4782 in
714 4728 849 4783 caelo
868 4727 1078 4796 (Matth.
1107 4724 1384 4796 xxiv,50),
1415 4735 1469 4780 et
1497 4727 1728 4780 instante
1749 4725 1971 4794 judicio,
1997 4740 2102 4779 non
2138 4726 2232 4779 ad-

639 4822 742 4876 huc
756 4821 1126 4887 praedicabitur
1138 4821 1553 4885 credendus,sed
1572 4821 1883 4876 ostendetur
1898 4821 2229 4876 tremendus.

580 4910 592 4975 ἕ
711 4912 886 4984 (Vers.
936 4911 1016 4981 ὅ.)
1061 4912 1197 4965 Deus
1237 4922 1408 4966 autem
1452 4921 1625 4967 noster
1664 4914 1717 4966 in
1764 4915 1887 4967 caelo
1913 4930 2146 4976 sursum,
2180 4924 2229 4968 et

649 5020 802 5069 super
833 5013 1053 5066 terram,
1085 5004 1255 5057 omnia
1289 5020 1619 5074 quwcumque
1638 5004 1797 5057 voluit
1839 5006 1978 5074 fecit.
2017 5005 2128 5059 Non
2172 5006 2223 5059 in

637 5096 810 5163 coelo,
838 5096 928 5150 ubi
960 5096 1128 5150 solem
1157 5108 1211 5149 et
1242 5096 1419 5149 lunam
1450 5096 1633 5151 vident
1669 5096 1761 5165 qui
1800 5108 2103 5151 creaturam
2134 5113 2226 5152 co-

639 5188 775 5252 lunt,
800 5189 892 5244 sed
925 5188 978 5242 in
1001 5187 1142 5244 ccelo
1177 5202 1422 5254 sursum,
1455 5188 1595 5257 quod
1628 5188 2015 5258 transgreditur
2043 5191 2221 5244 omnia

638 5293 867 5348 corpora
918 5278 1159 5333 caelestia
1204 5286 1258 5332 et
1301 5280 1593 5332 terrestria.
1646 5279 1978 5348 Quamquam
2023 5296 2122 5336 nec
2168 5282 2220 5335 in

642 5370 758 5437 ipso
784 5371 853 5423 ita
877 5371 968 5436 sit,
996 5382 1051 5424 ut
1080 5371 1200 5425 sine
1230 5372 1344 5439 ipso
1375 5385 1496 5425 esse
1528 5386 1633 5424 non
1664 5373 1852 5439 possit.
1879 5372 2137 5437 Quoniam
2169 5374 2220 5427 in

640 5460 834 5527 quibus
854 5470 964 5527 est,
992 5460 1108 5531 ipse
1134 5476 1197 5515 ea
1228 5469 1498 5529 tamquam
1527 5460 1817 5530 indigentia
1840 5463 2106 5529 continet,
2133 5464 2221 5533 qui

642 5552 695 5606 in
725 5552 875 5607 calls
904 5564 957 5609 et
996 5557 1049 5609 in
1081 5566 1221 5611 terra
1255 5556 1433 5609 omnia
1466 5569 1816 5623 quaecumque
1854 5555 2024 5609 voluit
2055 5556 2180 5611 fecit
2208 5576 2220 5610 :

642 5643 744 5699 hoc
774 5652 881 5709 est,
913 5653 967 5699 et
998 5647 1049 5699 in
1081 5645 1448 5716 superioribus
1483 5655 1535 5699 et
1574 5644 1627 5698 in
1665 5644 2009 5699 inferioribus
2040 5648 2222 5716 populi

2333 4729 2551 4784 domum
2582 4730 2740 4785 lsrael
2771 4739 2826 4784 et
2849 4730 3064 4783 domum
3088 4730 3292 4787 Aaron.

2403 4821 2581 4895 (Vers.
2606 4824 2719 4894 14.)
2752 4824 2975 4894 Adjiciat
3005 4822 3253 4876 Dominus
3279 4839 3430 4893 super
3448 4838 3557 4890 vos,
3588 4838 3749 4895 super
3772 4828 3906 4875 voset

2326 4931 2481 4984 super
2526 4916 2655 4987 ﬁlios
2694 4925 2904 4970 vestros.
2944 4917 3006 4970 Et
3052 4916 3123 4970 ita
3173 4917 3369 4971 factum
3410 4925 3515 4971 est.
3556 4916 3908 4971 Accesserant

2326 5006 2469 5061 enim
2486 5007 2646 5060 etiam
2665 5007 2730 5060 de
2751 5006 3017 5073 lapidibus
3029 5007 3271 5061 suscitati
3300 5008 3391 5061 lilii
3407 5005 3686 5061 Abraham
3708 5004 3905 5078 (Matth.

2327 5112 2407 5162 ιιι,
2432 5097 2519 5166 9);
2546 5106 2892 5152 accesserunt
2916 5112 3045 5152 oves
3073 5113 3195 5166 quae
3225 5113 3330 5153 non
3356 5107 3513 5152 erant
3535 5098 3602 5153 de
3633 5100 3742 5155 hoc
3764 5096 3906 5149 ovili.

2327 5198 2385 5242 ut
2418 5191 2571 5244 lieret
2600 5205 2738 5245 unus
2764 5206 2917 5259 grex,
2946 5199 2999 5244 et
3027 5206 3163 5246 unus
3193 5200 3377 5261 pastor
3403 5188 3595 5260 (loan.
3617 5209 3674 5255 x,
3696 5188 3818 5261 16);
3841 5202 3913 5241 ac-

2327 5282 2488 5334 cessit
2517 5280 2647 5335 lides
2672 5282 2910 5335 omnium
2937 5282 3207 5350 gentium,
3230 5292 3284 5337 et
3304 5283 3475 5338 crevit
3502 5298 3789 5349 numerus,
3817 5294 3908 5335 non

2329 5373 2499 5427 solum
2531 5374 2852 5441 sapientium
2880 5376 3180 5429 antistitum
3199 5417 3213 5439 ,
3240 5376 3334 5430 sed
3362 5376 3522 5431 etiam
3547 5374 3909 5432 obedientium

2331 5464 2648 5533 populorum
2667 5508 2680 5530 ,
2704 5465 2992 5535 adjiciente
3018 5467 3264 5532 Domino,
3292 5482 3397 5521 non
3424 5467 3604 5521 solum
3636 5482 3803 5537 super
3828 5480 3911 5534 pa-

2334 5565 2467 5623 tres,
2510 5558 2605 5611 sed
2636 5558 2797 5613 etiam
2830 5575 2993 5628 super
3023 5559 3163 5616 ﬁlios
3203 5574 3389 5615 eorum
3435 5560 3523 5629 qui
3574 5570 3796 5632 patrum
3838 5555 3912 5631 pie

2332 5648 2559 5719 vestigia
2587 5660 2963 5716 sequerentur.

716 5828 741 5860 ⁸
762 5816 981 5875 Videtur
1001 5818 1356 5888 supplendum
1386 5831 1438 5874 ut
1468 5837 1533 5876 ex
1550 5820 1831 5891 Augustini
1863 5838 2048 5894 opere,
2074 5824 2215 5893 quod
2247 5824 2427 5880 deﬁcit
2462 5826 2514 5881 in
2546 5826 2704 5884 editis
2736 5832 2958 5887 nostris.
