4028 6352
499 350 595 408 531

503 559 749 612 credunt.
785 553 1023 608 Perfecm
1053 565 1175 619 erga
1219 549 1376 617 hujus
1407 547 1537 600 lides
1566 557 1669 610 εει,
1699 562 1787 615 qm
1816 546 1949 598 dicit
1981 558 2085 597 non

503 657 706 703 tantum
736 646 1058 706 credidisse,
1084 641 1179 696 sed
1201 653 1251 693 et
1280 648 1498 709 propter
1531 639 1632 691 hoc
1666 639 1901 689 locutum
1941 648 2082 698 esse,

503 742 625 809 quia
654 737 902 791 credidit.
933 734 1047 808 Ego
1072 746 1240 789 autem
1268 730 1573 784 humiliatus
1613 745 1726 782 sum
1768 729 1939 781 nimis.
1980 727 2089 779 Cur

502 830 728 893 addidit,
762 828 875 898 Ego
896 838 1087 891 autem,
1116 842 1236 881 eum
1267 826 1434 894 possit
1461 823 1672 888 dit-ere,
1709 822 1940 875 Locutus
1971 836 2088 875 sum

503 936 558 978 et
585 922 894 976 humiliatus
922 919 1074 973 sum?
1102 921 1233 980 nisi,
1262 916 1424 987 [‘30
1457 916 1576 985 quia
1611 915 1769 968 homo
1807 914 2087 967 veritatem

504 1015 826 1083 praedicans;
858 1013 1127 1066 humiliari
1161 1022 1335 1081 potest
1361 1012 1427 1063 ab
1457 1010 1537 1062 bis
1566 1008 1657 1079 qui
1701 1006 1912 1061 Veritati
1956 1022 2086 1061 enn-

504 1106 793 1168 tradicuut,
853 1121 955 1159 non
1008 1106 1122 1171 ipsa
1152 1106 1381 1168 veritas,
1411 1116 1569 1169 quam
1602 1102 1689 1169 qui
1742 1100 1943 1166 credit,
1976 1099 2087 1154 elo-

506 1200 704 1268 quitur.
738 1196 853 1268 Ego
884 1198 1076 1250 credidi
1106 1204 1311 1264 propter
1339 1192 1475 1265 quod
1502 1193 1702 1246 locutus
1728 1208 1859 1245 sum.

575 1292 752 1365 (Vers.
802 1293 916 1361 11.)
958 1289 1073 1361 Ego
1102 1303 1267 1343 autem
1308 1289 1417 1342 dixi
1448 1290 1499 1339 in
1529 1286 1717 1339 exstasi
1749 1303 1877 1351 nisa,
1912 1283 2092 1337 Omnis

503 1387 656 1437 homo
687 1383 926 1435 mendax.
964 1383 1224 1449 Exstasis,
1255 1380 1339 1434 hic
1370 1392 1534 1447 pavor
1561 1377 1904 1446 intelligitur,
1953 1391 2087 1445 quo-

503 1482 643 1532 niam
680 1490 972 1547 martyrum
1001 1491 1102 1529 vox
1140 1488 1247 1541 est,
1273 1474 1503 1527 instante
1533 1474 1775 1526 cruciatu
1811 1470 1892 1525 vel
1921 1479 2091 1525 morte

503 1569 886 1637 trepidantium
917 1578 968 1620 et
1017 1567 1419 1635 agtiosceutium
1461 1579 1566 1616 non
1596 1579 1717 1619 esse
1746 1562 1939 1617 virium
1970 1577 2091 1615 sua-

503 1679 624 1717 rum
650 1673 705 1715 ut
730 1679 850 1732 qum
878 1662 1181 1717 inferuntur
1210 1661 1483 1727 eviueaut;
1527 1669 1688 1724 atque
1721 1657 1840 1709 ideo
1873 1656 2091 1709 menda-

503 1770 619 1811 cem
663 1755 889 1808 inveniri
933 1752 1221 1808 humanam
1253 1750 1638 1817 inﬁrmitatem,
1670 1765 1788 1817 qua:
1830 1763 1934 1801 non
1971 1761 2091 1815 pos-

1735 344 1799 399 S.
1838 334 2173 396 PROSPERI
2213 334 2543 403 AQUITANI

501 470 814 535 loquuntur,
868 476 1023 529 quam
1077 458 1166 528 qui
1215 470 1399 511 verum
1449 452 1589 524 quod
1640 454 1928 523 loquuntur
1976 449 2465 519 nouAdisrupi~ti
2506 468 2520 501 :

3662 328 3768 391 332

2563 455 2615 501 et
2646 446 2765 501 ideo
2797 446 2970 500 laudis
3013 446 3103 500 tibi
3138 445 3370 501 hostiam
3414 447 3613 512 debeo,
3646 450 3767 517 quis

2190 553 2275 595 tua
2309 544 2474 610 gratia
2509 558 2626 592 sum
2672 539 2811 605 quod
2844 555 2958 591 sum
2993 538 3037 609 (ι
3068 538 3185 593 Cor.
3221 555 3307 604 xv,
3346 541 3462 606 10),
3494 548 3551 595 et.
3592 541 3644 593 in
3676 551 3765 593 tua

2189 646 2269 688 est
2303 634 2429 687 mihi
2461 634 2631 703 gloria
2663 633 3028 703 gloriandum.

2263 728 2439 795 (Vers.
2490 729 2606 795 18.)
2647 735 2675 763 ι
2722 726 2856 781 Vota
2902 742 3015 781 mea
3062 725 3284 780 Domino
3325 727 3557 780 reddam.
3610 725 3767 798 ‘31

2190 822 2393 891 Qnisqu
2416 836 2443 875 s
2488 822 2625 877 bene
2654 824 2855 891 cogitat
2884 822 3008 888 quid
3054 833 3244 876 voveat
3285 822 3539 885 Domino,
3573 831 3626 876 et
3656 838 3771 891 qua:

2191 926 2311 966 vitta
2348 914 2570 978 rc-ddat,
2617 916 2852 981 seipsum
2892 924 3118 977 voveat,
3153 916 3388 981 seipsum
3422 914 3625 966 reddat.
3667 914 3775 966 line

2192 1006 2453 1073 exigitur,
2488 1003 2590 1059 boc
2618 1006 2867 1061 debetur.
2903 1006 3084 1075 Imago
3110 1006 3346 1060 Caesaris
3376 1007 3632 1060 reddatur
3665 1007 3777 1059 Cm-

2193 1104 2333 1167 sari,
2367 1102 2543 1167 imago
2576 1100 2668 1156 Dei
2702 1100 2959 1156 reddatur
2994 1102 3100 1155 [leo
3132 1100 3348 1169 (Matth.
3374 1099 3639 1169 xxtt,2l).
3673 1098 3775 1154 Sed

2193 1194 2333 1248 sicut
2374 1194 2659 1248 Vidt‘ﬂdlhll
2693 1206 2777 1249 est
2807 1194 2934 1263 quid
2968 1195 3162 1247 oll‘eras
3183 1236 3196 1257 ,
3236 1195 3307 1248 ita
3337 1192 3498 1250 etiam
3528 1191 3776 1247 conside-

2195 1288 2419 1340 randum
2452 1298 2534 1339 est
2567 1288 2653 1341 ubi
2686 1286 2883 1341 oderas
2914 1288 3088 1357 (Sent.
3126 1286 3235 1355 15).

2263 1379 2446 1445 (Vers.
2485 1379 2598 1448 19.)
2631 1379 2697 1431 ln
2728 1380 2873 1432 atriis
2894 1420 2909 1443 ,
2941 1380 3146 1447 inquit,
3179 1381 3357 1430 domus
3389 1376 3615 1429 Domini.
3646 1374 3776 1441 Qua

2194 1482 2371 1525 autem
2422 1474 2615 1526 domus
2662 1472 2893 1541 Domini,
2930 1472 3027 1526 nisi
3080 1471 3311 1540 populus
3344 1470 3494 1538 ejus?
3524 1470 3648 1523 Ideo
3697 1483 3779 1523 se-

2193 1564 2371 1633 quitur
2406 1582 2417 1613 τ
2454 1562 2519 1616 In
2553 1571 2831 1631 conspectu
2858 1563 3022 1617 omnis
3052 1564 3229 1634 populi
3254 1566 3385 1634 ejus.
3410 1562 3544 1629 Quid
3576 1572 3660 1615 est
3691 1576 3780 1615 au-

2195 1666 2301 1708 tem
2349 1658 2576 1724 pupulus
2618 1658 2767 1724 ejus,
2801 1656 2901 1710 nisi
2950 1659 3091 1725 quod
3142 1655 3320 1723 addit,
3354 1653 3421 1707 In
3462 1654 3627 1707 medio
3675 1654 3777 1720 tui,

2192 1742 2521 1802 Jerusalem?
2548 1747 2849 1802 Jerusalem
2884 1764 3009 1801 vero
3032 1750 3413 1813 ittlerptelalttl‘
3441 1746 3586 1800 Visio
3612 1746 3781 1815 pacis.

502 1850 571 1904 sit
622 1866 724 1902 non
779 1847 988 1909 fallere,
1037 1859 1371 1915 praesumens
1419 1845 1487 1899 de
1521 1846 1723 1897 viribus
1772 1841 1881 1895 suis
1915 1859 1925 1891 :
1969 1854 2087 1893 cum
2124 1835 2171 1894 B
2200 1841 2349 1894 'l‘une
2391 1856 2517 1911 ergo
2552 1840 2693 1911 quod
2725 1840 2750 1879 δ
2784 1840 3039 1897 oll‘eretur
3066 1852 3275 1910 gratum
3315 1850 3425 1900 est,
3459 1838 3503 1893 si
3535 1840 3603 1893 de
3649 1848 3783 1907 paco

502 1939 759 1994 fortitudo
806 1939 1077 2007 patientia:
1109 1955 1173 1992 ex
1222 1934 1332 1990 Deo
1362 1937 1462 2000 sit,
1498 1936 1590 2004 qui
1640 1947 1695 1989 et
1740 1933 2098 1989 Constantiam

502 2028 591 2082 dat
644 2045 747 2082 non
796 2030 1027 2093 timenti,
1078 2036 1132 2083 et
1190 2028 1435 2079 lidueiatn
1488 2033 1703 2092 reparat
1747 2024 2097 2078 formidanti:

500 2123 754 2190 quoniam
805 2136 965 2175 verax
999 2129 1081 2174 est
1128 2119 1343 2183 dicens,
1377 2117 1506 2171 Cum
1555 2131 1721 2171 autem
1755 2118 1955 2169 tradent
1990 2131 2101 2183 vos,

502 2215 657 2266 nolite
686 2214 909 2282 cogitare
950 2213 1208 2281 quomodo
1245 2220 1333 2264 aut
1374 2210 1500 2279 quid
1548 2209 1870 2279 loquamini:
1895 2207 2099 2261 dabitur

503 2306 636 2357 enim
669 2303 808 2357 vobis
844 2304 901 2356 in
940 2304 1033 2355 illa
1069 2304 1196 2354 hora
1226 2303 1350 2370 quid
1386 2302 1693 2369 loquamini;
1722 2318 1821 2352 non
1846 2301 1975 2352 enim
2016 2315 2098 2353 vos

504 2396 621 2446 estis
646 2396 734 2464 qui
763 2394 1052 2464 loquimini,
1081 2395 1170 2446 sed
1195 2393 1420 2461 Spiritus
1451 2391 1621 2444 Patris
1648 2391 1793 2444 re3tri
1824 2392 1908 2458 qui
1933 2390 2097 2461 loqui-

504 2500 584 2539 tur
614 2488 665 2539 in
696 2487 835 2541 vobis
867 2486 1081 2553 (Matth.
1113 2498 1147 2540 ι
1170 2528 1182 2551 ,
1224 2488 1291 2540 19
1325 2497 1371 2538 et
1401 2485 1516 2553 ΞΟ).
1548 2486 1750 2539 Dicitur
1780 2498 1958 2540 autem
1998 2500 2096 2539 ex-

503 2583 685 2645 stasis,
717 2591 878 2636 etiam
906 2596 1026 2635 eum
1077 2594 1229 2634 mens
1277 2597 1381 2633 ltnlt
1433 2596 1630 2648 pavore
1674 2578 1967 2646 alienatur,
2002 2578 2094 2634 sed
2126 2604 2139 2617 -

504 2677 676 2743 aliqua
708 2677 1058 2742 inspiratione
1092 2674 1435 2727 revelzitionis
1468 2674 1781 2727 assinnitur.

578 2769 758 2834 (Vch.
796 2768 909 2837 l2.)
961 2769 1096 2834 Quid
1148 2768 1420 2820 retribuam
1460 2766 1683 2820 Damino
1730 2784 1819 2833 pro
1867 2767 2097 2821 omnibus

505 2877 618 2930 qtae
650 2861 885 2912 retribuit
926 2860 1087 2912 mihi?
1119 2859 1228 2912 Hoc
1254 2860 1458 2921 dicens,
1493 2862 1781 2926 proﬁtetur
1813 2859 1912 2911 sibi
1951 2859 2097 2913 aliud

506 2955 828 3007 retributum
869 2968 895 3005 a
939 2954 1163 3006 Domino
1196 2969 1354 3022 quam
1390 2952 1727 3015 merebatur;
1766 2952 1812 3003 id
1852 2967 1927 3005 est
1951 2993 1965 3016 ,
2003 2968 2096 3019 pro

506 3048 665 3101 tnalis
693 3048 961 3114 recepisse
994 3061 1054 3100 se
1095 3048 1228 3099 bona
1260 3058 1351 3100 :et
1380 3046 1572 3114 quierit
1608 3047 1732 3114 quid
1768 3048 1878 3113 ipse
1910 3049 2099 3101 reddat

506 3156 604 3207 pro
638 3142 823 3205 bonis;
858 3154 952 3194 nec
983 3139 1126 3195 aliud
1157 3141 1380 3203 invenit,
1407 3140 1511 3193 nisi
1534 3140 1673 3209 quod
1700 3139 1954 3193 Dominus
1981 3140 2094 3208 ipse

508 3233 804 3295 donaverit,
841 3242 896 3287 et
922 3235 1049 3286 dicit
1083 3250 1095 3285 :

581 3326 759 3397 (γυνθ.
808 3324 916 3395 15.)
959 3324 1179 3377 Calicem
1225 3322 1468 3376 salutaris
1510 3323 1792 3389 accipiam,
1826 3334 1874 3377 et
1912 3342 2096 3379 nomen

508 3417 719 3472 Domini
763 3418 1027 3470 invocabo.
1073 3418 1201 3483 Quis
1244 3417 1401 3469 istum
1449 3416 1536 3469 dat
1583 3417 1839 3474 calicem.
1874 3420 1972 3473 nisi
2007 3420 2094 3486 qui

510 3512 603 3573 ait,
638 3511 854 3563 Potestis
902 3510 1112 3561 culicem
1161 3508 1328 3561 bibere
1369 3525 1513 3577 quem
1565 3527 1653 3576 ego
1694 3510 1941 3564 blbttm'tts
1983 3528 2097 3563 sum

513 3602 728 3672 (Matth.
763 3620 857 3669 xx,
886 3603 1015 3669 2‘2)?
1046 3608 1099 3654 et
1127 3604 1257 3655 dans
1287 3605 1589 3667 exetttplnm
1625 3606 1881 3671 patiendi,
1907 3621 2095 3660 conu-

510 3697 571 3751 lit
619 3698 848 3755 donum,
906 3694 1176 3747 redimens
1236 3695 1405 3762 ipsam
1460 3695 1827 3749 inlirmita'em
1878 3713 2098 3751 suorum

510 3788 771 3855 sanguine
797 3800 924 3850 suo;
956 3798 1009 3840 et
1036 3785 1171 3840 dans
1210 3788 1437 3855 pretium
1480 3788 1790 3842 imitationis
1830 3789 2098 3858 ipsorum,

512 3887 572 3933 ut
598 3879 752 3932 ﬁeret

588 3968 767 4040 (Vers.
796 3969 907 4035 13.)
942 3970 1176 4024 Pretiosa
1198 3972 1251 4024 in
1286 3982 1558 4041 conspectu
1589 3972 1795 4028 Domini
1822 3991 1957 4031 mors
1980 3994 2103 4031 san-

514 4072 711 4115 ciorum
740 4064 873 4132 ejus.
905 4062 1047 4115 Eunt
1080 4065 1221 4116 enim
1258 4078 1375 4118 Cant
1399 4069 1661 4131 Sanguine
1688 4082 1808 4131 Sno,
1837 4086 1992 4134 quem
2023 4070 2102 4123 fu-

514 4152 593 4207 dit
636 4153 895 4208 Dominus
939 4169 1036 4223 pro
1066 4156 1236 4208 servis
1279 4173 1291 4205 τ
1337 4170 1391 4209 ιιι
1444 4164 1499 4210 et
1540 4160 1679 4211 servi
1730 4175 1826 4225 pro
1878 4162 2104 4215 [liiiuiuo

512 4259 613 4299 suo
661 4244 884 4301 fundere
926 4260 1036 4300 non
1078 4250 1353 4301 timerent.
1393 4247 1526 4302 Cum
1574 4261 1750 4304 tamen
1795 4261 1849 4305 et
1890 4254 2102 4308 Dotuiui

512 4352 696 4402 mors,
724 4349 779 4393 et
806 4354 1083 4396 servorum
1104 4383 1117 4407 ,
1148 4339 1321 4394 servis
1345 4350 1487 4396 essu
1516 4344 1825 4414 profutura,
1860 4363 1964 4403 non
1999 4350 2106 4405 Do-

512 4444 685 4485 mtuo.

500 4520 505 4579 I’
588 4523 767 4595 (Vers.
801 4524 913 4589 16.)
948 4524 995 4577 0
1030 4523 1269 4591 Domine,
1306 4544 1398 4601 ego
1437 4544 1610 4583 servus
1654 4540 1774 4585 tuus
1817 4548 1836 4586 :
1875 4550 1967 4605 ego
1997 4552 2106 4590 ser-

2202 1947 2361 2003 atque
2413 1936 2464 1987 in
2517 1949 2645 2002 price
2690 1934 2966 1988 reddatur.
3007 1934 3111 2001 Qui
3154 1945 3335 1987 autem
3385 1946 3488 1987 non
3519 1940 3646 1985 sunt
3695 1928 3785 1984 lilii

2202 2025 2363 2093 hujus
2394 2027 2635 2094 aucLIIae,
2684 2027 2886 2082 bellum
2930 2042 3090 2096 quam
3130 2041 3317 2096 pacem
3358 2026 3534 2097 potius
3565 2036 3783 2081 amave-

2202 2128 2345 2171 ruot.

2729 2210 3044 2267 PSALMUS
3073 2211 3257 2267 CXVI.

2833 2338 3155 2379 ιιΑιιειυιΑ.

2276 2435 2454 2505 (Vers.
2493 2437 2568 2503 1.)
2602 2435 2831 2489 Laudate
2874 2436 3183 2505 Dominum,
3216 2454 3391 2492 omnes
3429 2449 3629 2510 gentes,
3674 2439 3787 2492 tam

2198 2530 2315 2583 date
2342 2545 2476 2589 eum,
2509 2546 2681 2583 omnes
2707 2530 2901 2601 papuli.
2936 2531 2989 2584 lu
3023 2531 3127 2584 line
3158 2532 3453 2599 superioris
3478 2531 3694 2600 psalmi,
3726 2530 3788 2585 ne

2196 2620 2249 2674 in
2282 2621 2580 2675 Jerusalem
2612 2622 2781 2675 Judaei
2807 2626 3183 2692 gloriarentur,
3214 2634 3267 2678 et
3298 2624 3433 2677 banc
3462 2623 3783 2692 dignitatem

2197 2713 2300 2767 sibi
2333 2714 2494 2769 Israel
2534 2716 2693 2769 etiam
2725 2718 2956 2770 carnalis
2987 2728 3320 2781 aSStnneret;
3354 2718 3440 2784 qui
3472 2720 3581 2771 sint
3612 2716 3789 2771 Israe-

2198 2808 2336 2873 litzr,
2370 2820 2421 2863 et
2455 2808 2505 2862 in
2537 2809 2729 2878 quibus
2763 2810 2828 2862 sit
2857 2810 3192 2874 Jerusalem,
3229 2809 3416 2877 psalmi
3450 2810 3608 2879 hujus
3640 2814 3791 2877 prin-

2195 2898 2339 2966 cipio
2369 2901 2793 2954 demouSIratnr.
2820 2904 3021 2954 Omnes
3055 2901 3261 2955 sellicet
3286 2916 3495 2971 gentes,
3520 2913 3573 2955 et
3600 2916 3791 2956 omnes

2197 2992 2418 3062 populi,
2474 2992 2566 3062 qui
2620 3007 2717 3060 per
2765 2990 2910 3045 lnrta
2942 2993 3119 3047 ioiem
3167 2994 3287 3046 ildei
3343 2994 3466 3047 laeti
3523 3002 3649 3047 sunt
3701 2993 3787 3047 lilii

2194 3083 2490 3149 Abraham,
2538 3094 2592 3137 et
2635 3083 2887 3153 spiritale
2930 3098 3113 3140 semen
3156 3084 3321 3140 Israel
3363 3084 3541 3157 (liam.
3577 3100 3653 3152 tv,
3693 3084 3787 3150 t2;

2201 3177 2371 3231 Galat.
2404 3194 2480 3243 ιιι,
2517 3176 2593 3249 7).

2272 3270 2453 3341 (Ven.
2484 3270 2564 3335 '2.)
2598 3270 2851 3335 Quoniam
2892 3269 3198 3338 conﬁrmata
3228 3280 3301 3326 est
3333 3287 3487 3343 super
3517 3287 3608 3325 nos
3640 3272 3793 3326 mise-

2198 3364 2427 3417 ricordia
2466 3367 2605 3433 ejus,
2636 3372 2684 3415 et
2723 3366 2909 3417 veritas
2952 3360 3164 3417 Domini
3207 3372 3371 3417 manet
3420 3364 3471 3416 in
3516 3373 3791 3419 externum.

2199 3455 2526 3510 Continuata
2580 3462 2664 3507 est
2720 3454 3095 3510 misericordia
3158 3453 3368 3509 Domini
3436 3470 3601 3525 super
3658 3470 3787 3521 nos,

2199 3564 2323 3603 cuni
2352 3548 2468 3615 ejus
2495 3545 2721 3613 nomini,
2753 3562 2847 3617 per
2878 3549 3021 3619 quod
3051 3548 3261 3602 liberati
3289 3563 3495 3611 sumus,
3531 3547 3787 3602 inimica-

2202 3655 2321 3694 rmn
2354 3638 2592 3707 gentium
2622 3637 2806 3693 rabida
2830 3655 2923 3692 ora
2950 3650 3248 3703 cesserunt,
3276 3651 3329 3694 et
3353 3655 3515 3710 quem
3541 3639 3794 3708 negando

2204 3732 2752 3800 blasphemaverunt,
2810 3731 3081 3786 credendo
3142 3729 3519 3787 laudaveruut.
3594 3730 3793 3785 Veritas

2202 3836 2381 3881 autem
2426 3825 2639 3880 Domini
2684 3836 2853 3882 manet
2894 3828 2947 3879 in
2985 3837 3264 3893 aeternum,
3293 3828 3406 3882 sive
3444 3828 3495 3881 in
3543 3826 3628 3880 Itis
3676 3840 3793 3897 qua

2204 3919 2452 3990 promisit
2474 3920 2667 3991 justis,
2708 3920 2823 3975 sive
2851 3920 2905 3973 in
2937 3919 3022 3973 bis
3052 3936 3170 3990 quin
3204 3924 3438 3976 minatus
3465 3930 3549 3977 est
3589 3922 3789 3992 impiis.

2717 4030 3035 4090 ιιεΑιιιυδ
3072 4032 3279 4089 CXVII.

2841 4167 3162 4207 BALLELUIA.

2278 4263 2460 4335 (Vero.
2507 4262 2589 4335 1.)
2647 4262 2969 4334 Conﬁtemini
3012 4262 3270 4331 Domino,
3311 4266 3553 4335 quoniam
3594 4266 3793 4332 bonus,

2208 4359 2453 4426 quoniam
2482 4359 2537 4411 in
2562 4358 2806 4413 secutum
2835 4359 3188 4413 misericordia
3218 4361 3351 4433 ejus.
3382 4357 3488 4415 Sed
3526 4357 3621 4414 hic
3662 4373 3797 4414 cou-

2209 4449 2375 4505 t'essio
2404 4467 2513 4505 nou
2554 4454 2928 4521 paenitendum
2961 4461 3072 4518 est,
3106 4453 3203 4509 sed
3242 4453 3572 4509 laudantium
3616 4452 3797 4508 Dami-

2212 4561 2365 4607 num,
2396 4546 2593 4613 quibus
2636 4561 2732 4615 per
2755 4547 2981 4616 gratiam
3016 4548 3310 4616 praestitum
3340 4556 3419 4601 est
3452 4556 3513 4601 ut
3539 4559 3800 4601 erueren-

510 4629 607 4668 νας
654 4625 788 4683 tuus,
834 4626 882 4669 et
928 4616 1069 4685 ﬁlius
1117 4622 1322 4674 ancilla:
1362 4632 1477 4675 tuae.
1512 4622 1804 4693 Tamquam
1852 4628 2097 4684 dceret:

2213 4646 2298 4692 tur
2333 4637 2402 4691 de
2432 4613 2695 4702 tenebris,
2727 4613 2783 4691 et
2822 4613 3090 4705 potestate
3121 4639 3497 4699 tenebrarum,
3529 4649 3584 4692 et
3630 4648 3803 4693 trans-

513 4704 663 4762 Multi
699 4724 759 4763 se
791 4718 1051 4781 martyres
1073 4710 1279 4777 dicunt,
1311 4715 1461 4768 multi
1491 4732 1677 4771 servos
1716 4731 1835 4774 tuos
1862 4736 1919 4775 se
1943 4726 2105 4792 proli-

517 4812 722 4865 tentur,
754 4805 875 4873 quia
904 4819 1098 4857 nomen
1134 4818 1277 4861 tuum
1307 4810 1503 4863 habent
1535 4812 1584 4863 in
1618 4812 1778 4878 vitii~,
1806 4814 2103 4873 lueresibus

514 4908 563 4951 et
600 4897 894 4951 erroribus.
926 4898 1035 4954 Sed
1068 4901 1189 4967 Quia
1226 4914 1419 4968 prmter
1452 4904 1746 4958 ECC|6~iatlt
1783 4922 1925 4960 tuam
1955 4920 2102 4979 sunt,

512 5000 622 5040 non
668 4998 793 5040 sunt
834 4987 923 5041 (Elii
974 4991 1183 5041 ancilla:
1225 5001 1327 5046 tu:e
1362 5012 1375 5046 :
1407 4992 1522 5065 Ego
1566 5006 1779 5061 autem,
1828 5013 1882 5055 et
1928 5019 2103 5059 servus

511 5089 649 5141 tuus,
680 5089 727 5132 et
746 5080 885 5148 ﬁlius
910 5084 1113 5135 ancilla!
1145 5091 1262 5137 tum.

585 5172 776 5240 (lbid.)
812 5172 1089 5243 llisrnpisti
1122 5176 1325 5229 vincula
1357 5194 1502 5243 mea,
1537 5180 1627 5231 tibi
1659 5185 1959 5246 sacriﬁcabo
2011 5191 2103 5243 Ito-

514 5262 663 5314 stium
691 5265 879 5317 laudis.
914 5266 993 5320 Tu
1028 5282 1133 5336 me,
1172 5270 1362 5336 inquit,
1389 5286 1601 5324 serium
1641 5288 1809 5341 tuum,
1844 5288 1896 5331 tu
1926 5280 2101 5338 fecisti

516 5352 686 5406 ﬁlium
734 5359 941 5411 anelli-.1:
992 5366 1129 5427 tu;e,
1183 5361 1271 5429 qui
1322 5364 1649 5431 captivitatis
1703 5384 1841 5424 mea:
1888 5374 2098 5429 vincula

589 5548 614 5575 ⁸
657 5538 903 5594 Prmterit
938 5542 992 5593 S.
1038 5543 1272 5609 Prosper
1314 5546 1639 5599 versiculum
1684 5550 1747 5605 14
1776 5568 1790 5604 :
1824 5550 1955 5604 Vota
1991 5571 2105 5610 mea

514 5606 743 5689 Domino
771 5612 983 5689 reddam
1012 5606 1187 5689 coram
1212 5621 1351 5668 omni
1380 5620 1573 5685 papula
1597 5624 1726 5689 ejus.
1764 5606 2104 5681 l’rtnteriera—t

515 5682 1078 5761 etiam_sanctissimus
1111 5687 1226 5761 ejus
1260 5682 1509 5757 magister
1551 5682 1898 5761 Atignsnnus.
1938 5695 2098 5753 Forte

516 5758 639 5833 quia
656 5754 731 5833 de
754 5752 1323 5833 hoc_eodetndisserit
1349 5752 1662 5833 uterqueiti
1683 5767 1785 5818 line
1811 5766 2022 5833 psalmi.

485 5821 550 5893 ι’*
588 5821 617 5864 δ
656 5822 943 5881 Recentior
970 5827 1138 5884 editio
1183 5821 1503 5889 correxerat
1535 5831 1772 5907 oﬂ'srlur,
1811 5821 1895 5893 sat
1922 5852 2093 5909 appo-

2209 4730 2479 4785 t'errentur
2516 4734 2568 4784 iu
2602 4746 2824 4800 regnum
2854 4732 2944 4786 lilii
2972 4731 3067 4786 Dei
3098 4729 3320 4802 (Coloss.
3349 4744 3385 4798 ι,
3438 4727 3525 4801 15)
3551 4748 3565 4782 :
3595 4730 3664 4785 ob
3704 4728 3804 4784 hoc

2209 4828 2407 4892 solum,
2438 4826 2560 4893 quia
2594 4825 2732 4879 Deus
2762 4826 2934 4881 bonus
2964 4832 3074 4889 est,
3110 4833 3166 4878 et
3195 4840 3255 4876 ea
3290 4821 3667 4879 misericordia
3702 4820 3803 4876 snio

2210 4930 2422 4974 seretur
2445 4935 2565 4988 quae
2594 4931 2870 4988 permanet
2900 4920 2951 4971 in
2983 4927 3269 4974 aeternum.

2285 5012 2466 5082 (Vers.
2498 5012 2647 5081 2-6.)
2681 5012 2831 5065 Dicat
2860 5028 2991 5063 nunc
3012 5012 3192 5065 domus
3217 5008 3403 5073 Israel,
3438 5008 3696 5075 Quoniam
3721 5010 3803 5062 bo.

2211 5102 2504 5173 nus,&32
2521 5105 2758 5172 quoniam
2779 5105 2830 5155 in
2849 5102 3092 5156 sa'culum
3122 5101 3475 5155 misericordia
3495 5102 3628 5173 ejus.
3654 5099 3806 5153 Dicat

2211 5212 2347 5249 nunc
2376 5198 2559 5249 domus
2587 5196 2780 5261 Aaron,
2810 5196 3066 5263 Quoniam
3094 5196 3275 5257 bonus,
3300 5196 3539 5264 quoniam
3561 5195 3615 5246 in
3640 5210 3807 5247 sitcu-

2209 5287 2319 5341 lum
2348 5289 2693 5342 misericordia
2720 5290 2850 5358 ejus.
2880 5290 3078 5342 Domus
3104 5286 3271 5342 Israel
3296 5297 3349 5340 et
3375 5284 3567 5340 domus
3588 5276 3797 5353 Aaron,

2208 5378 2311 5448 ipsi
2332 5389 2457 5433 sunt
2486 5394 2680 5435 uiuues
2710 5390 2732 5420 α
2760 5381 2849 5451 qui
2885 5382 3061 5434 timent
3098 5377 3419 5443 Dominum;
3448 5374 3625 5445 pusilli
3654 5373 3803 5430 scili-

2207 5556 2333 5620 site,
2358 5574 2479 5611 rum
2504 5566 2719 5614 veteres
2742 5574 2932 5613 omnes
2960 5558 3201 5612 scribant
3231 5556 3493 5625 oﬁ’eretur.

2209 5670 2243 5699 .7
2283 5639 2304 5667 ο
2352 5630 2445 5681 llic
2495 5646 2545 5682 v.
2595 5630 2662 5693 4,
2712 5631 2896 5684 Dicant
2950 5646 3087 5683 nunc
3126 5631 3215 5699 qui
3269 5630 3449 5682 timent
3498 5626 3805 5691 Dor-ialm.

2209 5698 2468 5765 Quoniam
2508 5701 2561 5752 in
2592 5705 2838 5755 arculum
2876 5698 3226 5772 misericordia
3257 5701 3402 5772 ejus,
3426 5715 3593 5772 supra.
3628 5699 3806 5755 omis-

2203 5785 2321 5837 sus,
2356 5772 2568 5827 videtur
2593 5773 2794 5828 cursim
2826 5773 2968 5827 tanoi
2997 5780 3053 5827 et
3077 5771 3358 5829 exulicari.
