4028 6352
555 381 666 446 835

631 496 812 578 (Vers.
833 503 947 574 22.)
965 502 1213 573 Lapidem
1231 518 1378 573 quem
1397 498 1690 571 reprobate»
1705 502 2143 572 amwdiﬁcantes,
2172 507 2224 563 Α

557 605 642 659 hic
666 603 834 671 factus
869 609 941 653 est
984 600 1038 652 in
1069 606 1222 668 caput
1269 595 1471 668 anguli.
1525 595 1593 652 Ut
1624 595 1760 650 duos
1804 597 2043 650 conderet
2093 596 2147 649 in

553 695 900 758 semetipsum,
933 690 986 743 in
1013 706 1176 743 unum
1207 705 1390 743 novum
1413 688 1690 750 hominem,
1718 688 1914 756 faciens
1943 703 2144 756 pacem,

553 793 601 837 et
640 783 993 836 reconciliaret
1032 791 1276 850 utrosque
1314 781 1367 833 in
1409 796 1516 834 uno
1543 795 1756 853 corpore
1789 779 1895 833 Deo
1923 779 2142 852 (Epltes.

553 889 613 940 tl,
649 874 762 946 15),
784 874 1256 930 circumcisionem
1285 873 1492 929 scilicet
1523 885 1577 929 et
1609 873 1954 942 prmputium.

625 968 808 1041 (Vers.
834 967 951 1037 23.)
982 969 1026 1020 A
1051 965 1270 1020 Domino
1294 971 1459 1037 factus
1477 975 1576 1021 est.
1600 967 1854 1035 Quamvis
1876 967 2020 1022 enim
2040 980 2147 1021 non

556 1071 700 1118 esset
737 1062 873 1130 lapis
900 1062 1195 1132 angularis,
1238 1061 1341 1116 nisi
1389 1077 1580 1132 passus
1610 1071 1780 1130 esset,
1824 1077 1932 1117 non
1968 1073 2146 1117 tamen

556 1156 660 1212 hoc
686 1157 754 1211 ab
781 1157 862 1211 eis
890 1171 922 1210 a
951 1157 1146 1225 quibus
1190 1172 1385 1226 passus
1422 1168 1527 1221 est,
1553 1157 1730 1213 lactus
1760 1167 1884 1213 est:
1916 1173 2038 1211 nam
2073 1156 2148 1211 illi

555 1249 642 1318 qui
671 1248 1010 1302 :edilicabant
1053 1248 1508 1316 reprobaverunt,
1547 1248 1646 1304 sed
1687 1250 1738 1302 in
1771 1263 1836 1303 eo
1866 1249 2012 1318 quod
2039 1248 2147 1301 Do—

554 1340 734 1394 minus
757 1344 967 1394 oceulte
989 1339 1310 1400 aediﬁcabat,
1341 1338 1467 1392 fecit
1492 1339 1544 1392 in
1567 1349 1726 1406 caput
1753 1339 1962 1408 anguli,
1986 1352 2147 1406 quem

553 1433 1003 1501 reprobavernnt.
1047 1428 1116 1483 Et
1154 1439 1229 1483 est
1251 1429 1500 1484 mirabilis
1545 1431 1599 1483 in
1647 1429 1809 1484 oculis
1853 1429 2058 1483 nostris.
2089 1427 2150 1483 lu

551 1526 725 1579 oculis
759 1523 1104 1577 interiOribus
1158 1521 1418 1589 hominis,
1469 1522 1526 1577 in
1571 1521 1746 1579 oculis
1789 1521 2146 1587 credentium,

552 1615 910 1685 operantium,
945 1615 1303 1683 diligentium.

626 1728 804 1801 (Vers.
837 1727 956 1796 ει.)
991 1726 1117 1780 Htec
1143 1726 1252 1781 dies
1290 1737 1367 1782 est
1394 1744 1546 1798 quam
1581 1728 1702 1800 fecit
1743 1729 2148 1795 Dominus;ea:-

551 1826 798 1878 sultemus
830 1832 874 1875 et
892 1821 1233 1894 jocundemur
1268 1821 1320 1875 in
1348 1837 1427 1874 ea.
1455 1821 1580 1876 Dies
1619 1838 1727 1892 quo
1758 1823 1886 1876 mihi
1918 1824 2146 1877 salutem

1799 383 1839 437 8
1898 381 2236 443 PEOSPERI
2276 383 2601 454 AQUITAM
3733 386 3823 444 550

2751 489 3068 562 psAt'at‘us‘
3102 492 3327 562 vant.

2937 615 3126 656 Αιεριι.

2321 693 2501 766 (Vers.
2536 693 2614 765 1.)
2647 691 2793 746 Beati
2815 694 3136 747 immaculati
3156 694 3209 747 in
3231 696 3331 757 via,
3363 695 3453 762 qui
3485 693 3754 748 ambulant
3774 697 3819 748 in

2249 786 2360 858 lege
2387 786 2617 842 Domini.
2646 786 2792 841 Beati
2816 802 2938 842 esse
2959 803 3066 841 non
3091 799 3335 855 pOSSttnl,
3359 789 3460 841 nisi
3487 786 3819 840 intmaculati.

2249 879 2580 934 lnnnaculati
2612 890 2790 934 autem
2841 896 2947 934 non
2996 887 3144 942 sunt,
3179 878 3280 932 nisi
3323 879 3412 948 qni
3455 879 3508 933 in
3535 878 3615 932 via
3647 879 3820 932 ambu-

2251 973 2400 1038 lant;
2444 976 2525 1027 via
2567 988 2698 1028 vero
2731 988 2836 1028 non
2868 983 2978 1040 est,
3028 972 3128 1028 nisi
3177 972 3260 1026 lex
3305 971 3537 1026 Datnini.
3580 971 3821 1038 Qumrens

2249 1083 2380 1137 ergo
2408 1068 2822 1132 beatitudinem,
2850 1066 3229 1122 itnmaculatus
3261 1067 3313 1120 in
3340 1066 3420 1119 via
3451 1067 3542 1129 sit,
3567 1076 3616 1118 et
3645 1066 3694 1118 in
3718 1063 3822 1135 lt-ge

2252 1159 2487 1220 Domini,
2512 1174 2632 1229 qua:
2664 1159 2943 1215 beatorum
2969 1158 3054 1214 via
3078 1167 3184 1226 est,
3218 1157 3478 1224 ambulet,
3511 1157 3565 1212 id
3595 1165 3696 1222 est,
3728 1169 3820 1211 non

2250 1251 2322 1306 sit
2341 1252 2569 1306 otiosus.

2323 1342 2502 1416 (Vers.
2532 1342 2613 1415 2.)
2643 1343 2791 1399 Beati
2831 1347 2922 1417 qui
2956 1353 3253 1399 scrutantur
3282 1343 3571 1397 testimonia
3607 1344 3749 1414 ejus,
3777 1343 3824 1394 in

2250 1449 2356 1493 toto
2385 1440 2537 1492 corde
2563 1441 2833 1510 exquirunt
2862 1457 2996 1494 eum.
3034 1439 3087 1492 ltt
3130 1442 3212 1493 via
3248 1437 3459 1492 Domini
3500 1436 3550 1490 bi
3582 1437 3700 1491 sine
3737 1433 3822 1490 du-

2252 1532 2341 1586 bio
2381 1533 2675 1591 ambulant;
2727 1532 2818 1602 qtti
2857 1543 3151 1586 scrutantur
3202 1532 3491 1585 testimonia
3542 1532 3672 1603 ejus.
3732 1529 3823 1585 Sed

2251 1625 2370 1694 quia
2413 1626 2564 1678 multi
2606 1626 2793 1679 volunt
2832 1625 3034 1681 habere
3080 1626 3362 1679 scientiam
3415 1624 3531 1678 sine
3559 1622 3821 1689 operibus,

2253 1718 2450 1773 merito
2493 1717 2716 1782 addidit,
2757 1719 2809 1772 in
2858 1727 2964 1772 toto
2995 1721 3148 1772 corde
3197 1718 3472 1782 exquirunt
3515 1732 3647 1768 eum.
3701 1715 3824 1768 Tum

2255 1809 2396 1863 cnim
2422 1820 2568 1863 recte
2589 1807 2848 1877 qtunritur
2880 1809 3040 1873 Deus,
3067 1809 3110 1861 si
3135 1822 3241 1860 non
3269 1823 3364 1876 per
3392 1807 3563 1874 ipsum
3592 1805 3719 1867 alia,
3746 1804 3824 1858 sed

551 1915 720 1983 dedit,
749 1915 863 1969 dies
893 1930 1000 1983 quo
1030 1914 1118 1967 ille
1149 1913 1411 1969 Mediator
1436 1913 1534 1969 Dei
1561 1923 1617 1970 et
1646 1915 1925 1970 hominum
1965 1915 2142 1971 lactus

2255 1917 2348 1971 per
2373 1903 2550 1955 omnia
2583 1901 2697 1968 ipse
2739 1911 3030 1970 quaeratur.
3069 1899 3354 1954 Βοιειῑῑιιιιιυ
3386 1908 3564 1952 autem
3593 1911 3824 1963 quzpren-

551 2017 636 2062 est
667 2009 718 2062 itt
743 2017 904 2076 eaput
927 2007 1132 2076 anguli.

621 2125 799 2195 (Vers.
832 2124 950 2196 25.)
986 2123 1030 2178 0
1073 2123 1316 2188 Domine,
1360 2123 1559 2178 salvum
1591 2139 1670 2177 me
1702 2127 1808 2193 fac,
1845 2139 1875 2177 o
1909 2123 2146 2190 Domine,

550 2221 673 2273 bene
720 2235 990 2291 prospera.
1043 2218 1260 2272 Salvum
1310 2219 1414 2289 fac,
1448 2220 1571 2288 quia
1625 2218 1741 2272 dies
1791 2217 1978 2271 salutis
2022 2226 2144 2283 est;

549 2328 796 2381 prospera
840 2315 943 2366 iter
985 2327 1014 2365 a
1049 2310 1482 2382 peregrinatione
1519 2309 1896 2376 redeuntibus,
1931 2311 2053 2380 quia
2089 2320 2146 2363 tu

549 2406 708 2460 nobis
737 2403 909 2460 lactus
933 2420 994 2460 es
1025 2406 1132 2459 via.

623 2518 803 2591 (Vers.
836 2519 955 2587 26.)
985 2518 1290 2573 Benedictus
1313 2519 1404 2588 qui
1436 2518 1572 2572 venit
1601 2517 1655 2571 in
1685 2519 1889 2570 nomine
1914 2515 2142 2569 Domini.

547 2611 870 2666 Maledictus
896 2612 988 2666 ille
1019 2613 1107 2678 qui
1137 2611 1286 2667 venit
1315 2613 1367 2666 in
1403 2610 1619 2666 nomine
1641 2626 1760 2668 suo.
1791 2626 1950 2680 quem
1980 2611 2145 2664 susci-

549 2705 697 2774 pieut
728 2707 815 2773 qtti
859 2704 954 2759 Dei
986 2703 1177 2758 Flium
1211 2721 1316 2758 non
1362 2713 1684 2773 receperunt
1728 2702 1908 2771 (Joan.
1941 2719 1992 2769 v,
2027 2701 2143 2771 43).

547 2798 914 2854 Benedixlmus
939 2816 1026 2853 vos
1047 2799 1112 2853 de
1129 2800 1282 2853 domo
1308 2797 1540 2852 Domini.
1565 2798 1678 2852 Vox
1703 2799 1802 2852 ista
1828 2813 2144 2867 magnarum

549 2893 718 2947 estad
753 2893 975 2961 pusillos
1005 2909 1016 2943 ι
1044 2908 1231 2945 eorum
1266 2893 1476 2947 scilicet
1507 2907 1848 2959 magnorum,
1883 2892 1972 2962 qui
2016 2891 2146 2945 Ver-

549 2986 678 3039 bum
713 2987 803 3041 Dei
861 2987 1050 3050 Deum,
1103 2991 1242 3042 sicut
1290 2989 1342 3042 in
1384 2988 1482 3042 hac
1531 2989 1640 3042 vita
1690 2999 2147 3058 possunt,mente

550 3083 895 3150 contingunt.
924 3093 977 3136 et
1007 3092 1187 3137 tamen
1218 3096 1533 3138 sermonem
1568 3099 1726 3138 suum
1771 3096 1993 3154 propter
2022 3097 2147 3152 par-

549 3173 705 3227 vulos
738 3181 1061 3243 temperant.

623 3288 802 3359 (Vers.
826 3287 946 3359 ‘27.)
987 3287 1122 3343 Deus
1154 3288 1427 3352 Dominus,
1469 3296 1518 3342 et
1549 3290 1726 3349 illuxit
1754 3287 1917 3343 nobis.
1959 3286 2146 3342 Illuxit
2177 3270 2224 3333 Ο

550 3383 694 3435 nobis
731 3378 992 3434 Mediator
1021 3379 1118 3433 Dei
1155 3382 1244 3434 ille
1289 3390 1336 3434 el
1382 3383 1666 3449 hominum,
1717 3380 1872 3435 homo
1916 3380 2149 3436 Christus

550 3473 704 3528 Jesus
731 3474 772 3544 (I
801 3472 932 3528 Tim.
971 3489 1030 3540 ll,
1059 3475 1152 3542 5);
1181 3478 1268 3543 qui
1301 3485 1355 3527 et
1384 3475 1524 3530 Deus
1552 3475 1776 3545 a-qnalis
1806 3475 1971 3540 Patri,
2003 3475 2147 3544 quod

550 3565 678 3621 fecit
707 3567 875 3624 credi.
911 3566 1039 3621 fecit
1081 3565 1328 3636 intelligi.
1362 3564 1668 3621 Constituite
1697 3567 1832 3619 diem
1857 3569 2042 3634 festum
2091 3567 2146 3621 in

549 3660 1058 3729 frequentationibus,
1081 3675 1239 3728 usque
1260 3659 1326 3711 ad
1347 3674 1507 3713 cornu
1527 3659 1734 3714 al:aris.
1765 3657 1822 3712 ιιι
1847 3668 1950 3724 est,
1976 3674 2147 3728 usque

550 3754 615 3808 ad
636 3755 946 3809 interiorem
971 3753 1188 3807 domum
1211 3751 1327 3817 Dei,
1355 3761 1380 3788 ⁸
1399 3754 1465 3806 de
1487 3767 1589 3821 qua
1612 3767 1706 3806 nos
1729 3751 2143 3816 benetliximus;

549 3849 641 3903 ubi
681 3860 804 3902 sunt
832 3849 1020 3902 altaris
1059 3847 1220 3920 5.35
1261 3847 1498 3913 excelsa,
1534 3849 1622 3900 ubi
1656 3847 1901 3916 spiritale
1937 3847 2146 3902 sact-ili-

549 3943 693 3996 cium
725 3941 901 3994 lantlis
931 3955 1225 4009 perpetuat,
1255 3940 1346 3993 ubi
1384 3949 1468 3994 est
1505 3940 1762 3995 sacerdos
1804 3949 2057 4004 internus,
2089 3947 2148 3993 et

551 4032 724 4086 altare
765 4033 1176 4098 sempiternum,
1213 4031 1277 4082 ad
1311 4031 1452 4099 quod
1486 4045 1593 4085 non
1638 4032 1822 4101 tepide
1863 4047 2038 4102 neque
2059 4046 2146 4086 se-

548 4125 750 4194 gniter,
781 4124 876 4177 sed
917 4126 967 4175 in
1013 4124 1443 4190 frequentatione
1469 4124 1799 4178 currendum
1831 4135 1914 4178 est
1943 4142 1956 4178 :
1990 4135 2046 4177 ut
2075 4125 2146 4180 de

552 4215 690 4272 Filio
721 4217 848 4278 Deo,
888 4216 979 4284 qui
1015 4226 1236 4284 propter
1276 4229 1376 4268 nos
1407 4227 1536 4270 caro
1567 4215 1738 4270 lactus
1769 4227 1852 4270 est
1887 4215 2068 4283 (Joun.
2102 4233 2142 4281 l,

554 4306 669 4375 14),
699 4324 802 4362 non
832 4307 940 4377 jnn
968 4306 1242 4360 humiliter
1273 4307 1576 4361 secundum
1611 4323 1853 4373 Carnem,
1880 4324 1984 4374 qua
2016 4323 2147 4363 con-

551 4401 742 4455 formis
764 4400 919 4454 nobis
947 4415 1070 4456 es-e
1093 4399 1342 4468 dignatus
1369 4409 1474 4462 est,
1504 4401 1598 4455 sed
1623 4400 1929 4456 sublimiter
1952 4417 2145 4457 secun-

552 4493 679 4548 dutn
698 4494 1057 4560 divinitatem,
1078 4508 1196 4562 qua:
1221 4493 1363 4549 Patri
1381 4493 1604 4563 aqualis
1625 4505 1710 4549 est
1726 4492 1753 4532 ι)
1777 4493 2142 4550 sentiendum.

625 4585 804 4654 (Vers.
831 4584 950 4657 ‘28.)
984 4585 1119 4638 Deus
1143 4601 1281 4640 meus
1307 4602 1359 4639 es
1387 4595 1460 4650 tu,
1486 4597 1531 4636 et
1555 4585 1838 4654 conﬁtebor
1863 4586 1978 4651 tibi;
2010 4586 2144 4641 Deus

2253 1995 2391 2047 tium
2424 1992 2732 2059 Dominum,
2766 1994 2818 2046 in
2845 1993 3004 2061 hujus
3032 1993 3156 2046 vitam
3197 1991 3469 2044 laboribus
3513 2004 3614 2043 non
3660 1998 3825 2058 potest

2249 2103 2370 2142 esse
2400 2087 2656 2156 perleCIa.
2693 2085 2798 2141 Sed
2834 2085 3104 2154 beatijam
3138 2085 3407 2147 dicuntur,
3443 2083 3532 2152 qui
3583 2085 3683 2135 hoc
3722 2084 3826 2135 Sine

2249 2178 2413 2234 dubio
2444 2189 2570 2234 sunt.
2599 2179 2786 2238 futuri,
2815 2178 2938 2245 quia
2976 2177 3027 2232 in
3061 2176 3145 2230 via
3177 2179 3452 2230 ambulant
3485 2172 3822 2239 immaculati,

2248 2281 2301 2326 et
2331 2280 2636 2324 scrutantes
2669 2269 2979 2324 testimonia
3017 2269 3154 2338 legis
3180 2268 3418 2334 Domini,
3449 2270 3500 2322 in
3536 2275 3647 2320 toto
3674 2265 3826 2320 corde

2247 2364 2536 2431 exquirunt
2578 2378 2724 2417 eum.
2776 2362 2884 2430 Spe
2924 2377 3054 2431 ergo
3112 2362 3256 2416 beati
3286 2370 3431 2428 sunt,
3474 2362 3595 2429 quia
3644 2358 3826 2413 talibus

2249 2456 2531 2512 beatitudo
2566 2456 2832 2524 promissa
2876 2465 2980 2510 est.

2318 2551 2500 2620 (Vers.
2525 2551 2604 2618 5.)
2640 2550 2760 2604 Non
2783 2551 2918 2604 enim
2947 2550 3036 2620 qui
3081 2557 3364 2620 aperantur
3400 2545 3744 2616 iniquitatem,
3781 2544 3825 2595 in

2247 2647 2342 2700 viis
2387 2651 2498 2719 ejus
2537 2645 2944 2699 ambulaverunt.
2981 2643 3075 2696 llic
3109 2643 3392 2711 qua-ritur,
3421 2654 3541 2691 ctnn
3587 2637 3826 2705 iniquitas

2249 2751 2531 2813 peceatum
2564 2741 2658 2806 sil,
2682 2751 2737 2795 et
2769 2755 2874 2793 non
2907 2755 2956 2803 οι
2977 2751 3198 2792 erentur
3222 2747 3504 2805 peceatum
3534 2733 3622 2803 qui
3653 2730 3828 2783 ambu-

2251 2837 2365 2892 lant
2389 2838 2440 2890 itt
2473 2834 2575 2888 viis
2609 2833 2842 2898 Domini,
2894 2829 3168 2902 quomodo
3197 2829 3270 2882 illi
3313 2835 3484 2882 sancti
3520 2825 3573 2879 itt
3608 2824 3706 2876 viis
3739 2823 3829 2874 Do-

2251 2928 2384 2983 mini
2416 2928 2849 2990 ambulaverunt,
2882 2926 2970 2992 qni
3001 2924 3208 2988 dicunt,
3265 2921 3323 2976 Si
3362 2920 3650 2973 dixerimus

2250 3027 2372 3095 quia
2398 3035 2658 3091 peccatum
2699 3037 2801 3075 non
2841 3018 3110 3080 habemus,
3149 3034 3240 3070 ηδε
3273 3016 3408 3086 ipsos
3451 3012 3759 3076 seducintus,
3789 3016 3830 3062 et

2251 3118 2436 3171 veritas
2463 3117 2514 3169 in
2537 3116 2682 3168 nobis
2720 3128 2822 3168 nan
2853 3121 2922 3165 cst
2955 3112 2994 3178 (Ι
3027 3109 3181 3164 Joan.
3208 3125 3247 3170 ι,
3278 3109 3369 3176 8)?
3399 3108 3537 3175 Etgo
3574 3116 3625 3159 et
3658 3118 3830 3174 peccao

2255 3219 2364 3262 tum
2398 3208 2721 3267 habuerunt,
2745 3216 2796 3259 et
2827 3206 2878 3258 in
2913 3204 3013 3255 viis
3049 3202 3255 3254 Ilomini
3288 3201 3722 3254 ambulaverunt.
3755 3210 3829 3249 se-

2255 3300 2488 3355 cundum
2524 3300 2741 3353 Paulum
2771 3297 2842 3349 ιΙί·
2862 3304 3072 3355 entem,
3099 3293 3159 3348 Si
3180 3291 3319 3362 quod
3347 3291 3488 3351 nolo,
3521 3307 3614 3360 ego
3642 3290 3737 3341 hoc
3760 3291 3830 3357 fa-

2253 3395 2355 3457 cio,
2379 3410 2476 3446 non
2501 3409 2592 3461 ego
2620 3406 2803 3462 opm-ar
2829 3388 2982 3448 illud,
3012 3387 3100 3440 sed
3131 3388 3268 3454 quod
3298 3383 3492 3436 habitat
3522 3384 3572 3434 in
3606 3398 3684 3436 me
3720 3397 3829 3450 pec-

2253 3498 2418 3540 catum
2442 3487 2616 3556 (Rom.
2641 3500 2734 3546 vn,
2764 3483 2875 3541 15).
2909 3481 3090 3550 Itaque
3121 3493 3218 3532 nec
3245 3489 3539 3535 onerantur
3564 3486 3828 3541 peccat-nm

2252 3579 2342 3648 qui
2383 3579 2656 3630 ambulant
2705 3576 2756 3628 in
2801 3575 2902 3626 viis
2942 3569 3174 3635 Domini,
3234 3578 3288 3622 ct
3333 3579 3508 3622 tamen
3561 3581 3664 3620 non
3717 3572 3829 3617 sunt

2253 3671 2455 3738 absque
2481 3679 2721 3736 peccato,
2767 3665 2890 3730 quia
2929 3662 3041 3729 jam
3089 3677 3193 3714 non
3229 3658 3326 3728 ipsi
3357 3671 3651 3723 onerantur
3683 3655 3822 3716 illud,

2254 3765 2345 3818 sed
2390 3761 2530 3832 quod
2570 3759 2776 3814 habitat
2808 3759 2859 3812 in
2899 3758 2978 3811 cis
3009 3764 3310 3824 peccatum.
3362 3753 3476 3808 Non
3523 3765 3700 3805 autem
3737 3750 3830 3821 ipsi

2253 3865 2548 3926 operantur
2572 3853 2724 3917 illttd,
2747 3853 2959 3921 quando
2981 3849 3188 3903 illicitis
3209 3846 3412 3901 desidet
3428 3845 3493 3900 iis
3515 3857 3828 3900 consensum

2253 3964 2360 4002 non
2386 3943 2801 4001 accommodant
2831 3941 3146 3995 voluntatis.
3178 3939 3557 3994 Verumtamen
3583 3951 3701 3989 t-um
3723 3950 3831 3988 om-

2255 4055 2352 4095 nes
2381 4039 2577 4101 sancti,
2602 4039 2654 4092 in
2688 4052 2851 4090 carne
2876 4034 3159 4102 «lugentes,
3204 4032 3469 4085 veraciter
3505 4029 3708 4089 dicant,
3744 4026 3826 4079 οε.

2253 4134 2396 4186 mitte
2419 4133 2562 4185 nobis
2583 4130 2752 4185 debita
2771 4142 2948 4182 nostra
2974 4125 3186 4195 (Matth.
3211 4140 3289 4185 vt,
3315 4122 3427 4189 1'2),
3452 4120 3720 4192 qut-modo
3747 4121 3830 4174 in-

2254 4226 2512 4296 telltgitur
2545 4221 2918 4276 itntuaCnlatos
2942 4233 3040 4274 eus
3072 4220 3122 4270 in
3163 4219 3246 4270 via
3297 4215 3503 4268 Domini
3537 4212 3830 4276 ambulare,

2251 4334 2385 4388 quos
2400 4327 2608 4384 oportet
2634 4314 2950 4386 quotidiana
2966 4313 3211 4366 oratione
3226 4310 3598 4364 remissionem
3619 4319 3831 4377 pu~cere

2253 4409 2635 4482 peccatorum?
2665 4409 2764 4463 nisi
2798 4411 2918 4476 quia
2950 4421 3134 4460 verum
3163 4415 3268 4468 cst,
3299 4401 3637 4456 ambulantes
3667 4403 3716 4454 in
3749 4399 3828 4451 via

2253 4503 2467 4558 Domini
2513 4503 2674 4556 nullis
2697 4502 3008 4555 consentire
3047 4495 3386 4554 criminibus,
3422 4504 3477 4548 et
3505 4504 3680 4546 tamen
3717 4489 3830 4557 qni-

2252 4597 2477 4651 busdam
2504 4597 2890 4666 cogitationum
2919 4591 3220 4646 carnalium
3263 4587 3672 4651 obreptionibtts
3709 4581 3832 4638 titil-

553 4695 694 4733 meus
740 4695 794 4733 es
840 4690 912 4740 tu,
954 4689 1002 4732 et
1047 4680 1279 4732 exaltabo
1325 4689 1391 4733 te.
1423 4675 1716 4746 Conﬁtebor
1745 4681 1858 4736 tibi.
1898 4679 2141 4747 Domine,

2255 4691 2372 4752 lari,
2399 4697 2454 4741 ct
2482 4689 2552 4742 ob
2582 4665 2683 4741 hoc
2723 4687 2802 4740 eis
2849 4683 3213 4739 necessariam
3255 4679 3620 4751 quotidianam
3655 4675 3833 4728 semis-

551 4774 798 4842 qnoninm
841 4773 1096 4827 exaudiui
1144 4790 1244 4837 me,
1270 4784 1318 4826 et
1362 4777 1531 4844 factus
1564 4790 1617 4828 es
1648 4773 1776 4827 mihi
1810 4775 1864 4828 in
1901 4775 2140 4832 salutem.

557 4867 670 4921 Non
702 4866 932 4935 strepitu
980 4867 1081 4921 ista
1107 4867 1400 4921 verborum
1431 4866 1701 4930 dicentur,
1744 4868 1798 4920 in
1851 4867 1942 4921 illa
1982 4869 2145 4924 domo

552 4962 617 5016 ad
649 4977 810 5030 qut-tm
841 4971 898 5014 ut
934 4959 1198 5015 inttemtts
1247 4962 1526 5024 hortatur;
1574 4961 1668 5015 sed
1709 4961 1930 5018 dilectio
1975 4962 2145 5018 inlite-

553 5072 682 5109 rens
717 5057 846 5120 Deo,
873 5055 984 5124 ipsa
1015 5055 1120 5108 erit
1149 5067 1248 5108 vox
1280 5053 1604 5108 laudationis
1637 5064 1879 5110 mternte.

623 5146 802 5217 (Vt-rs.
847 5147 964 5216 29.)
1017 5143 1340 5211 Conﬁtemini
1393 5143 1633 5209 Domino,
1677 5150 1914 5216 quoniam
1959 5149 2138 5218 bonus,

552 5240 790 5304 quoniam
838 5241 891 5292 in
931 5240 1180 5292 saeculum
1219 5239 1571 5293 misericordia
1607 5244 1738 5311 ejus.
1783 5241 1977 5296 Iisdem
2028 5259 2144 5297 ver-

556 5329 636 5381 bis
670 5341 692 5368 ε
727 5333 989 5400 psalmum
1031 5331 1227 5400 quibus
1272 5330 1619 5384 inchoaverat
1661 5332 1881 5398 claudit,
1921 5332 2045 5400 quia
2074 5333 2144 5387 ab

555 5420 712 5473 initio
747 5437 918 5490 usque
975 5422 1032 5477 in
1077 5423 1238 5478 linem
1267 5421 1432 5476 debet
1473 5421 1528 5477 in
1576 5421 1734 5477 nobis
1773 5421 2140 5479 laudationum

556 5509 655 5566 Dei
683 5525 1032 5582 perseverare
1057 5513 1352 5572 confessio.

631 5745 658 5814 ξ
684 5738 741 5814 l_n
757 5738 1086 5814 Augustino,
1111 5743 1174 5800 de
1192 5761 1295 5814 qua
1321 5712 1408 5801 uos
1440 5743 1812 5801 benedizimus.

630 5805 662 5894 ξ’
691 5805 914 5894 Editiin
936 5828 1030 5869 ora
1051 5813 1172 5869 libri
1201 5805 1267 5872 ex
1293 5817 1602 5888 conjectura
1633 5823 1823 5872 notant
1844 5812 2002 5872 aliter
2029 5815 2137 5887 legi

554 5891 716 5946 Ρθθεθ
741 5891 1019 5940 sentiamus

2250 4782 2484 4844 sionem,
2519 4790 2575 4833 ut
2614 4779 2741 4832 liant
2776 4775 3410 4842 immaculati:quoniam
3442 4781 3499 4824 et
3531 4771 3631 4823 hoc
3657 4771 3752 4837 ips-
3778 4781 3828 4819 m

2252 4871 2318 4926 ad
2351 4871 2490 4925 viam
2540 4871 2774 4938 pertinet
2823 4865 3055 4930 Dotnini,
3097 4865 3164 4918 de
3209 4878 3313 4932 qua
3344 4877 3448 4916 non
3489 4858 3712 4922 recedit,
3743 4859 3832 4925 qui

2249 4978 2309 5019 se
2338 4960 2672 5017 immaculari
2695 4974 2908 5027 semper
2935 4959 3200 5025 exposcit.

2324 5054 2508 5123 (Vers.
2532 5053 2616 5122 4.)
2646 5051 2724 5105 Tu
2743 5051 3000 5104 mandasti
3023 5049 3264 5102 mandata
3287 5057 3376 5100 tua
3399 5041 3643 5098 custodiri
3667 5042 3835 5094 nimis.

2257 5145 2448 5211 Nimis,
2484 5147 2599 5199 sive
2643 5143 2708 5197 ad
2748 5143 3120 5204 mandantem,
3167 5141 3286 5194 sive
3332 5139 3400 5192 ad
3451 5137 3837 5192 custodientem

2256 5238 2482 5301 releras,
2519 5252 2622 5290 non
2654 5252 2750 5304 pro
2771 5251 2838 5287 eu
2865 5234 3007 5304 quod
3037 5243 3120 5287 est
3162 5233 3280 5302 plus
3303 5247 3462 5301 quam
3494 5241 3727 5297 Oportet,
3757 5244 3842 5281 ac~

2252 5330 2672 5401 cipicndutnest,
2703 5327 2799 5382 sed
2837 5341 2933 5395 pro
2972 5325 3150 5378 valde.
3179 5323 3342 5377 Valde
3362 5323 3508 5376 enim
3536 5321 3840 5382 mandatur,

2253 5433 2310 5480 et
2335 5423 2490 5478 valde
2515 5421 2866 5478 custodienda
2897 5430 3021 5475 sunt
3055 5428 3322 5489 pratcepta
3353 5416 3557 5469 divina.

2325 5517 2507 5589 (Vers.
2532 5515 2612 5588 5.)
2641 5515 2851 5572 Utinam
2871 5515 3164 5587 dirigantur
3188 5513 3283 5566 via:
3312 5526 3438 5566 mea:
3463 5511 3533 5565 ad
3556 5508 3839 5565 custodien-

2380 5746 2628 5815 Lttgdun.
2653 5757 2710 5809 et
2751 5750 2982 5821 Lovan.,
3026 5750 3272 5824 psalmus.
3316 5750 3480 5808 Duae.
3523 5758 3580 5809 et
3620 5747 3839 5818 Colom.

2253 5818 2528 5894 psalmum.
