4028 6352
473 296 586 361 545

1706 295 1765 352 S.
1807 289 2145 350 PROSPE-Rl
2186 290 2515 359 AQUITANI

3661 300 3771 361 5N

474 417 616 491 quod
645 414 1014 479 commendas,
1044 414 1185 468 dona
1214 428 1331 484 ipse
1356 410 1499 485 quod
1542 410 1809 472 mandas;
1842 412 1962 482 quia
2009 411 2064 465 in
2091 413 2141 472 Α
2169 424 2224 462 ιιι
2262 410 2520 465 mandatis
2546 410 2679 478 tuis,
2708 426 2825 483 quat
2872 412 3035 467 dilexi
3063 414 3231 469 valde.
3269 414 3337 470 Et
3381 416 3543 472 levavi
3587 435 3771 478 manus

473 526 563 567 me
591 510 733 567 unde
783 524 1022 564 morerer
1053 508 1249 574 balmi,
1296 506 1435 561 unde
1486 516 1667 561 autem
1715 506 1918 573 vivam,
1960 521 2068 561 non

471 588 709 665 invenio,
737 602 837 655 nisi
860 602 911 655 in
937 613 1008 667 te,
1035 603 1124 671 qui
1160 600 1360 654 homini
1392 610 1484 653 tuo
1510 613 1727 654 omnem
1753 598 2065 669 mquitatcm

468 695 525 750 in
561 705 648 751 tua
678 704 733 749 et
757 696 994 765 proximi
1025 694 1321 750 dilectione
1353 693 1601 763 posuisti.

1201 802 1331 846 VAU.

537 878 725 954 (Vers.
756 880 879 953 Η.)
904 882 969 935 Et
990 881 1157 936 veniat
1181 897 1334 952 δυρινγ
1347 896 1427 934 me
1448 878 1801 934 misericordia
1822 887 1930 948 tua,
1960 877 2067 932 Do-

458 977 625 1037 mine.
656 977 883 1031 sulutare
913 986 1054 1030 tuum
1084 975 1367 1029 secundum
1414 976 1679 1044 eloquium
1725 985 1891 1029 tuum.
1922 974 2062 1041 Quid

460 1070 643 1135 poscit
686 1070 786 1121 nisi
819 1078 875 1121 ut
902 1068 1152 1121 mandata
1183 1084 1301 1137 qua:
1330 1068 1607 1136 concupit,
1639 1083 1736 1137 per
1761 1069 1877 1136 ejus
1900 1070 2062 1124 mise-

462 1162 753 1214 rirordiam
781 1160 941 1214 faciat
980 1170 1003 1197 υ
1028 1178 1149 1230 qua:
1178 1160 1495 1215 mandavit?
1531 1162 1595 1214 Et
1639 1176 1761 1230 qua:
1787 1170 1870 1216 est
1898 1162 2062 1217 mise-

459 1255 694 1306 rtcmtlia
728 1252 827 1305 nisi
861 1253 1144 1306 Cbrisms?
1188 1253 1251 1306 Et
1278 1252 1577 1307 secundum
1607 1252 1748 1320 quod
1781 1253 2055 1321 eloquium

459 1342 623 1415 M3
655 1344 755 1399 nisi
785 1344 1080 1399 secundum
1125 1347 1349 1400 verbum
1398 1346 1794 1415 promissionis,
1829 1362 1936 1414 quo
1962 1363 2058 1399 vo-

458 1450 575 1491 eata
608 1448 735 1491 sunt
763 1453 822 1489 ea
852 1454 971 1507 quae
997 1454 1100 1492 non
1128 1449 1303 1501 erant,
1334 1447 1603 1508 tamquam
1644 1452 1824 1492 essent
1861 1438 2052 1510 (Rom.

458 1544 543 1593 tv,
580 1529 713 1600 l7)?
737 1530 869 1598 Quia
903 1543 956 1587 et
1002 1532 1197 1601 quibus
1245 1533 1565 1601 promissum
1596 1544 1711 1596 est,
1745 1533 1907 1587 etiam
1952 1533 2053 1600 ipsi

457 1624 709 1692 promissi
763 1632 909 1687 sunt,
951 1635 1003 1676 ιιι
1030 1636 1195 1679 ιυιυιιι
1226 1640 1423 1694 corpus
1454 1624 1653 1678 Clu-isti
1677 1623 1840 1692 dicat,
1868 1620 2055 1680 Gratia

454 1711 552 1767 Dei
575 1730 689 1767 sum
709 1717 845 1785 quod
866 1731 981 1768 sum
1009 1716 1025 1784 (
1053 1716 1073 1770 1
1103 1716 1222 1770 Cor.
1252 1731 1349 1783 xv,
1385 1716 1506 1786 10).

2175 519 2313 556 meas
2342 503 2414 557 ad
2440 505 2687 559 mandata
2727 516 2817 560 tua
2855 523 2971 578 qua:
2998 507 3193 574 dilexi,
3238 520 3285 564 et
3308 514 3575 567 exercebar
3597 515 3652 568 in
3663 518 3768 589 ju—

2172 596 2572 666 stiﬁcationibus
2621 599 2741 653 tuis.
2797 600 3118 670 Superiores
3162 617 3348 659 versus
3397 609 3767 672 precationem

2173 686 2508 752 habuerunt,
2539 706 2641 760 qua
2686 691 3012 760 adiutorium
3056 696 3243 764 gratia:
3291 699 3612 763 postulatum
3656 710 3767 759 est.

2171 776 2235 833 Hi
2265 791 2444 834 autem
2476 783 2845 838 narrationem
2874 782 3094 849 habent,
3127 802 3230 856 qua
3271 789 3573 843 ostenditur
3598 790 3772 866 5M

2168 874 2293 945 quid
2321 876 2489 945 gratia
2523 877 2686 946 petita
2716 878 3007 933 contulerit
3037 896 3051 932 :
3086 889 3355 949 tamquam
3387 883 3611 947 diceret,
3637 886 3770 942 llaec

2167 979 2286 1019 cum
2329 982 2563 1032 orarem,
2602 968 2867 1023 exaudisti
2900 986 3005 1032 me,
3043 980 3098 1026 et
3127 972 3470 1029 auibulabam
3502 976 3551 1029 in
3581 976 3767 1031 latitu-

2166 1056 2311 1122 dine,
2348 1058 2397 1112 id
2426 1060 2873 1116 eStambulabam
2903 1062 2954 1115 in
2991 1062 3277 1127 cbaritate,
3310 1082 3434 1134 quae
3473 1066 3663 1133 dtﬁusa
3684 1079 3766 1125 est

2164 1152 2215 1205 in
2243 1154 2483 1208 cordibus
2511 1156 2699 1210 nostris
2729 1171 2820 1221 per
2841 1154 3098 1225 Spiritum
3118 1171 3377 1225 sanctum,
3405 1162 3492 1227 qui
3513 1162 3664 1216 datus
3684 1171 3767 1218 est

2162 1244 2310 1299 nobis
2341 1245 2535 1319 (llam.
2571 1263 2628 1309 v,
2654 1246 2739 1316 5).
2776 1248 2873 1303 llic
2895 1259 2978 1304 est
3017 1250 3108 1306 ille
3142 1251 3375 1321 Spiritus
3419 1254 3473 1307 itt
3511 1270 3616 1323 quo
3647 1257 3765 1311 cla-

2162 1354 2396 1402 mamus,
2427 1341 2570 1395 Abba
2604 1338 2761 1394 Pater
2804 1340 2965 1411 (Gal.
2998 1358 3072 1408 tv,
3106 1343 3197 1414 6),
3240 1359 3305 1400 ac
3329 1362 3425 1412 per
3456 1347 3557 1401 ln-c
3586 1347 3761 1417 ipsius

2160 1441 2242 1486 est
2267 1432 2410 1501 quod
2436 1433 2686 1487 mandata
2714 1435 2804 1488 Dei
2836 1435 3122 1505 exquisivit
3150 1453 3163 1489 :
3192 1438 3282 1507 qui
3312 1450 3562 1507 acceptus
3589 1440 3760 1498 etiam

2160 1524 2265 1581 hoc
2293 1525 2435 1595 agit,
2462 1538 2517 1582 ut
2546 1529 2746 1598 largius
2770 1529 3118 1597 accipiendos
3150 1532 3405 1595 petendo,
3433 1535 3756 1602 quaerendo,

2158 1618 2421 1688 pulsando
2462 1634 2755 1688 quzeratur.
2789 1620 2892 1677 Per
2919 1621 3060 1677 hunc
3091 1622 3272 1693 itaque
3296 1624 3603 1681 dilectionis
3630 1626 3757 1695 Spi-

2159 1712 2320 1766 titum
2370 1713 2730 1770 confirmatus
2760 1723 2866 1778 est,
2900 1726 2956 1770 ut
2988 1718 3041 1771 in
3080 1730 3378 1780 conspectu
3413 1736 3597 1790 regum
3643 1737 3752 1779 non

523 1804 543 1877 (
571 1805 720 1861 Vers.
774 1807 911 1878 42.)
968 1808 1031 1861 Et
1084 1810 1401 1879 respondebo
1450 1809 1880 1881 exprobrantibus
1929 1809 2057 1864 mihi
2088 1802 2611 1875 Bcoul'uuderetur,
2667 1819 2727 1862 ut
2779 1810 2829 1862 in
2881 1809 3151 1864 mandatis
3212 1809 3312 1865 Dei
3364 1813 3752 1882 cogitationem

452 1900 687 1966 verbum,
723 1905 842 1968 quia
882 1910 1083 1975 speravi
1110 1906 1163 1956 in
1190 1904 1507 1959 sermonibus
1537 1906 1661 1958 tuis.
1708 1904 1793 1959 Ve:
1808 1904 1926 1959 bum
1955 1922 2048 1960 ex-

451 1993 842 2060 probrantibus,
888 2013 953 2047 au
982 1996 1187 2049 verbum
1221 1996 1560 2067 respondebo,
1593 1998 1899 2066 ambiguum
1932 2008 2047 2063 est;

450 2086 547 2141 sed
590 2100 874 2157 utrumque
918 2086 945 2126 ι)
976 2089 1223 2141 Christus
1256 2099 1431 2141 sonat.
1484 2087 1659 2157 lp‘ttm
1701 2090 1844 2143 enim
1894 2090 2050 2145 nobis

450 2179 811 2245 exprobrant,
840 2190 862 2217 ο
894 2180 1089 2250 quibus
1127 2189 1212 2235 est
1247 2180 1543 2235 crurilixus
1587 2180 1675 2235 vel
1707 2182 2046 2247 scandalum,

450 2270 533 2323 vel
558 2271 779 2324 stultitia
811 2271 865 2341 (1
898 2272 1017 2325 Cor.
1052 2288 1089 2336 ι,
1123 2271 1229 2332 25)
1261 2288 1275 2337 ;
1311 2274 1617 2341 ignorantes
1647 2274 1770 2341 quia
1826 2272 2048 2328 Verbum

448 2376 570 2415 caro
615 2366 805 2433 factum
843 2376 935 2425 est,
968 2376 1016 2418 et
1059 2362 1305 2417 habitavit
1337 2366 1389 2418 in
1436 2365 1581 2419 nobis
1620 2366 1813 2434 (Joan.
1845 2381 1881 2429 ι,
1922 2367 2044 2438 14).

448 2454 603 2523 Quod
661 2455 891 2512 Verbum
938 2459 989 2510 iu
1023 2458 1286 2527 principio
1312 2467 1459 2523 erat,
1504 2470 1556 2512 et
1584 2460 1724 2527 apud
1761 2460 2043 2516 Dominum

447 2556 584 2604 erat.
618 2548 725 2604 Sed
757 2550 859 2604 etsi
886 2551 984 2619 ipsi
1012 2553 1432 2620 exprobratores
1454 2568 1557 2605 non
1587 2551 1817 2607 Verbum
1845 2568 2047 2623 expro-

445 2638 628 2701 brent,
660 2642 800 2705 qtnid
827 2656 922 2697 eos
956 2644 1108 2709 latet,
1136 2645 1257 2710 quia
1285 2644 1539 2699 dii-initas
1567 2644 1683 2715 ejus
1722 2646 1793 2698 ab
1822 2645 1902 2700 eis
1934 2663 2041 2704 non

446 2738 813 2800 COgnoscitur,
856 2750 885 2787 a
919 2750 1023 2802 quo
1064 2736 1349 2790 inﬁrmitas
1382 2737 1433 2790 in
1457 2752 1619 2792 cruce
1645 2740 2037 2809 contemnitur,

446 2840 548 2879 nos
580 2835 760 2881 tamen
790 2828 1039 2881 omnibus
1064 2829 1517 2895 exprobrantibus
1542 2830 1780 2885 Verbum
1814 2848 2040 2898 respon-

444 2916 691 2972 deamus.
721 2920 912 2973 Parum
942 2930 1021 2973 est
1052 2923 1195 2974 enim
1229 2921 1281 2974 iu
1318 2921 1482 2975 corde
1515 2922 1713 2975 habere
1742 2922 2036 2989 Cltrisutm,

444 3011 548 3065 nisi
582 3014 719 3079 quod
753 3013 916 3066 corde
948 3014 1241 3076 credzmus,
1265 3029 1357 3067 ore
1382 3016 1730 3083 protiteatnur
1756 3016 1775 3087 (
1797 3016 1947 3068 llum.
1983 3032 2037 3084 x,

444 3102 571 3173 10).
600 3105 703 3158 Sed
735 3105 837 3159 hoc
865 3104 935 3159 ita
961 3107 1174 3159 demum
1202 3106 1312 3161 ﬁeri
1348 3108 1573 3175 paterit,
1599 3110 1643 3164 si
1672 3109 1728 3163 in
1756 3111 2037 3178 promissis

442 3194 540 3251 Dei
565 3213 688 3267 Spes
719 3200 879 3253 fuerit
904 3201 1054 3254 lirtna
1080 3202 1372 3256 credentis.

518 3290 714 3369 (\‘ers.
746 3294 874 3366 45.)
915 3293 977 3348 Et
1021 3312 1083 3347 ne
1112 3296 1319 3363 auferas
1364 3312 1396 3349 a
1438 3311 1517 3348 me
1555 3299 1761 3351 verbum
1806 3300 2035 3355 veritatis

442 3406 602 3454 usque
630 3390 808 3456 valde;
840 3390 941 3443 huc
959 3398 1062 3451 est,
1099 3407 1203 3445 non
1235 3392 1304 3446 i'a
1336 3393 1629 3448 conturber
1657 3398 1755 3447 Sub
1780 3410 2033 3463 persecu-

442 3486 606 3540 tionis
625 3485 855 3555 tlagello,
872 3496 925 3539 ut
950 3502 980 3539 a
1003 3502 1088 3541 ine
1116 3488 1333 3556 penitus
1353 3486 1629 3542 auferatur
1648 3490 1921 3545 confessio
1944 3506 2034 3546 ve-

439 3578 647 3642 ritatis;
674 3582 800 3649 quia
825 3579 977 3633 multi
1002 3579 1091 3648 qui
1111 3579 1175 3631 ad
1208 3577 1395 3632 lI'Ii'anl
1421 3578 1666 3649 negando
1695 3581 2032 3649 defecerunt,

439 3682 626 3739 pastea
662 3671 973 3740 paenitendo
1023 3671 1255 3738 reparati
1308 3680 1457 3735 sunt,
1501 3680 1556 3725 et
1600 3673 1831 3740 palmam
1872 3689 2030 3740 quam

439 3763 787 3833 perdiderant
819 3775 1247 3833 resumpserunt.
1288 3763 1424 3830 Quia
1472 3763 1527 3817 in
1558 3765 1775 3836 judiciis
1807 3765 1909 3819 tuis
1939 3783 2031 3819 su-

437 3858 763 3927 persperuvi;
794 3857 843 3909 id
869 3865 974 3925 est,
1004 3857 1125 3926 quia
1170 3856 1366 3925 judicia
1394 3865 1503 3921 tua,
1536 3858 1728 3928 quibus
1756 3876 1841 3914 me
1863 3861 2035 3915 corri-

439 3952 524 4017 pis
544 3957 600 4002 et
626 3947 885 4016 ﬂagellas,
926 3963 1029 4002 n0u
1054 3948 1229 4002 solum
1273 3951 1403 4004 mihi
1447 3967 1552 4005 non
1578 3949 2027 4022 auferuutspem,

439 4040 536 4095 sed
560 4049 721 4093 etiam
750 4049 964 4110 augent,
989 4040 1114 4094 dum
1139 4058 1296 4111 quem
1319 4044 1497 4112 diligis
1518 4043 1766 4113 corripis,
1794 4046 2032 4115 ﬂagellas

439 4143 621 4186 autem
653 4148 869 4186 omnem
898 4133 1062 4186 lilium
1095 4149 1254 4203 quem
1288 4136 1482 4201 recipis
1508 4135 1694 4206 (Hebr.
1725 4152 1820 4203 xu,
1852 4140 1938 4207 6).
1968 4139 2033 4194 Et

440 4226 566 4279 ideo
592 4226 903 4294 plerumque
931 4242 1076 4283 eum,
1110 4229 1199 4296 qui
1231 4228 1329 4280 sibi
1361 4228 1512 4282 fortis
1545 4229 1854 4297 videbatur,
1883 4232 2031 4285 infir-

438 4320 573 4371 mari
599 4320 751 4383 sinis,
779 4332 828 4372 ut
857 4319 1203 4389 ρτειιειιιιινιίο
1222 4320 1514 4385 auferatur,
1536 4331 1589 4375 et
1617 4325 2031 4390 perseverantia:

436 4412 610 4466 virtus
640 4427 707 4466 ex
751 4424 835 4465 tua
864 4414 1219 4479 opitulatione
1252 4423 1552 4482 reparetnr.

512 4503 692 4574 (Vers.
718 4503 844 4574 ιι.)
879 4503 939 4557 Et
966 4506 1249 4558 custodiam
1268 4503 1430 4577 legem
1453 4514 1596 4558 tuam
1617 4521 1837 4577 semper,
1859 4506 1913 4560 in
1934 4524 2032 4563 ste.

2156 1910 2309 1951 suam
2343 1911 2649 1963 exerceret,
2683 1910 2738 1955 et
2766 1901 2927 1956 valde
2955 1902 3143 1956 eadem
3179 1903 3428 1957 mandata
3459 1905 3747 1974 diligo-ret;

2154 1992 2372 2043 elevans
2417 2007 2608 2045 manus
2648 2006 2797 2056 suas,
2833 2008 2938 2047 nou
2970 1994 3034 2047 ad
3081 2004 3291 2050 terrena
3332 2011 3518 2063 opera.
3543 1999 3640 2053 sed
3680 1999 3748 2054 ad

2156 2084 2423 2151 cmlestia,
2446 2094 2799 2141 exerceretur
2826 2085 2879 2141 in
2901 2086 3383 2156 justiﬁeatiouibus
3408 2088 3526 2146 Dei.

2874 2239 3016 2279 ΖΜΝ.

2223 2359 2407 2426 (Vers.
2441 2360 2534 2424 ιθ,
2558 2362 2689 2431 50.)
2723 2360 2980 2417 Memento
3006 2362 3145 2418 verbi
3169 2364 3243 2418 tui
3268 2380 3411 2420 servo
3433 2366 3612 2427 tuo,in
3640 2383 3745 2439 quo

2151 2453 2278 2507 mihi
2298 2471 2441 2526 spem
2478 2454 2699 2521 dedisti;
2731 2457 2840 2509 [nec
2873 2472 2951 2510 me
2973 2459 3239 2511 consaluta
3266 2468 3342 2511 est
3370 2460 3421 2512 in
3454 2459 3746 2515 humilitate

2150 2564 2279 2613 mea,
2337 2552 2458 2618 quia
2485 2549 2691 2602 verbum
2741 2559 2885 2602 tuum
2921 2551 3197 2617 vivi/icuvi't
3234 2566 3331 2606 me.
3380 2554 3513 2606 Cum
3543 2552 3743 2608 dicitur

2151 2638 2282 2703 Deo,
2309 2640 2591 2705 Memento,
2636 2644 2844 2695 orantis
2873 2642 3231 2710 desiderium,
3273 2658 3382 2712 quo
3413 2646 3742 2713 promissum

2146 2732 2445 2787 accelerari
2476 2735 2674 2802 poscit,
2704 2737 3013 2789 ostenditur
3040 2752 3052 2789 :
3099 2752 3206 2789 non
3239 2737 3406 2798 Deus,
3428 2739 3579 2807 quasi
3615 2738 3667 2792 ἰιΙ
3692 2738 3741 2793 ei

2145 2844 2175 2881 a
2210 2829 2586 2884 recordatione
2608 2830 2903 2899 exciderit,
2934 2830 3279 2885 admonetur.
3308 2829 3567 2885 Memento
3587 2847 3741 2902 ergo,

2145 2922 2341 2992 inquit,
2370 2923 2504 2976 verbi
2524 2923 2599 2975 tui
2629 2939 2774 2978 sereo
2795 2930 2907 2986 tuo,
2945 2926 3048 2977 hoc
3073 2934 3177 2985 est,
3210 2922 3380 2992 Imple
3410 2939 3739 2992 protntsSnm

2145 3024 2329 3079 tuum;
2361 3015 2411 3067 in
2437 3031 2537 3084 quo
2559 3016 2687 3068 mihi
2707 3032 2848 3083 spem
2875 3014 3084 3081 dedisti,
3114 3016 3215 3069 ltoc
3234 3027 3337 3082 εει,
3369 3017 3422 3069 in
3442 3032 3551 3082 quo
3578 3017 3739 3071 vc-rbo

2144 3121 2232 3161 me
2255 3122 2479 3176 sperare
2509 3107 2707 3160 fecisti.
2738 3105 2867 3160 Ha'c
2890 3124 2967 3161 me
2988 3108 3251 3161 consolata
3278 3116 3351 3161 est
3376 3108 3428 3160 in
3448 3105 3739 3163 humilitate

2063 3198 2110 3262 C
2142 3214 2255 3252 mea
2285 3200 2443 3253 :lta-c
2464 3200 2675 3254 scdicct
2696 3213 2823 3269 spes
2863 3216 2981 3254 mea
3010 3200 3290 3255 cou3olata
3320 3209 3424 3262 est.
3458 3215 3579 3269 quze
3609 3202 3734 3255 data

2140 3305 2227 3347 e~t
2256 3291 2574 3357 humilibus,
2611 3296 2821 3347 dict-nte
2844 3292 3140 3363 Scripltlra,
3169 3291 3309 3345 Deus
3338 3292 3573 3362 superbis
3604 3294 3732 3346 resi-

2137 3386 2223 3438 stit
2243 3427 2258 3450 ,
2289 3383 2566 3437 humilibus
2589 3394 2758 3438 autem
2786 3384 2873 3437 dat
2903 3386 3123 3456 gratiam
3154 3382 3359 3452 (Iacob.
3393 3400 3467 3451 tv,
3486 3388 3573 3452 6).
3600 3385 3733 3449 Quia

2138 3480 2344 3532 verbum
2371 3491 2517 3533 tuum
2539 3479 2811 3548 vivi/icavit
2852 3497 2930 3531 me
2951 3497 2969 3534 :
2999 3478 3121 3550 quia
3150 3478 3281 3533 fecit
3306 3494 3393 3533 me
3427 3481 3478 3533 itt
3525 3492 3577 3534 te
3606 3494 3729 3549 spe-

2140 3588 2284 3635 rare,
2310 3584 2363 3629 et
2391 3589 2501 3628 non
2525 3572 2761 3628 deﬁcere
2790 3574 2839 3627 in
2877 3572 3246 3627 tribulatione.

2213 3664 2405 3737 (Vers.
2435 3664 2560 3737 5t.)
2596 3666 2817 3737 Superbi
2855 3666 3026 3735 inique
3063 3668 3279 3735 agebant
3304 3680 3463 3734 usque
3495 3664 3677 3731 valde;
3698 3680 3732 3718 a

2139 3760 2247 3829 lege
2272 3771 2442 3813 autem
2470 3771 2557 3813 tua
2578 3776 2678 3813 non
2700 3759 2971 3814 declinavi.
2997 3760 3274 3829 Superbos
3300 3760 3527 3830 intelligi
3553 3761 3726 3814 votuit

2140 3864 2515 3919 persecutores
2539 3851 2845 3916 humilium,
2877 3852 2977 3907 boc
3000 3864 3105 3916 cst,
3126 3852 3321 3922 impios
3352 3865 3725 3921 persecutoies

2137 3944 2377 4011 piorum;
2420 3956 2474 3999 et
2502 3945 2622 3998 ideo
2647 3944 2899 4015 subjecit,
2924 3946 2967 3999 Α
3007 3946 3117 4017 lege
3138 3958 3309 4001 autem
3336 3954 3423 3999 tua
3445 3962 3546 3999 non
3571 3946 3725 4000 decli-

2138 4038 2283 4101 navi,
2313 4038 2434 4103 quia
2465 4034 2571 4091 hoc
2616 4052 2739 4090 eum
2795 4039 2973 4091 facere.
3000 4041 3304 4107 persecutio
3346 4042 3721 4109 compellebat.

2209 4129 2391 4197 (Vers.
2418 4128 2530 4199 5'2.)
2562 4128 2762 4183 Memor
2791 4131 2867 4200 [ui
2881 4132 3200 4201 judiciorum
3230 4142 3434 4185 tuorum
3454 4149 3486 4185 a
3517 4134 3720 4197 sa'culo,

2140 4223 2384 4288 Domine,
2427 4235 2474 4277 et
2498 4226 2796 4279 consolatus
2838 4242 2971 4279 sum.
3002 4227 3047 4280 Α
3071 4230 3282 4291 swculo,
3311 4227 3503 4297 inquit,
3526 4242 3589 4282 es
3621 4242 3723 4298 quo

2135 4334 2305 4388 genus
2351 4318 2630 4372 hominum
2660 4320 2891 4387 sumpsit
2918 4320 3220 4385 exordium,
3253 4336 3446 4374 memor
3481 4322 3556 4387 {ui
3587 4322 3719 4387 iudi-

2136 4412 2333 4465 ciorum
2360 4420 2565 4465 taorum
2588 4410 2764 4479 (Psal.
2790 4426 2935 4475 sxw,
2957 4409 3078 4481 10).
3103 4411 3167 4465 Et
3188 4411 3307 4482 quia
3334 4412 3554 4482 probavi
3582 4413 3719 4483 quod

2133 4520 2327 4561 omnes
2354 4505 2455 4560 vite
2492 4517 2597 4560 tua:
2644 4504 3017 4560 misericordia
3050 4516 3105 4560 et
3141 4507 3372 4566 veritas,
3402 4506 3698 4561 consolatio

434 4597 611 4651 culum
636 4606 684 4651 et
730 4597 781 4649 in
814 4599 1061 4652 sceculum
1085 4598 1281 4653 seaculi.
1316 4599 1468 4666 Quod
1511 4602 1668 4667 dixit,
1715 4617 1933 4670 semper,
1963 4618 2030 4657 ne
2058 4584 2109 4645 Ῐ)
2136 4615 2260 4654 nem
2291 4600 2473 4668 accepi
2495 4600 2548 4652 in
2582 4599 2786 4653 auxilio
2806 4599 2998 4669 gratim
3020 4608 3144 4663 tute,
3172 4606 3227 4651 et
3250 4612 3346 4667 por
3368 4598 3482 4668 ipsa
3512 4613 3721 4669 quoque

434 4690 502 4743 ad
536 4704 695 4744 omne
735 4689 890 4743 istius
918 4691 1041 4745 vitae
1072 4702 1282 4760 tempus
1311 4696 1681 4748 tantummodo
1709 4693 2025 4762 referretur,

430 4784 653 4853 adjecit,
684 4794 728 4835 et
754 4784 807 4836 in
827 4788 1076 4837 siccatum
1100 4786 1296 4839 sa'culi.
1327 4785 1436 4840 Lex
1466 4796 1667 4854 autem,
1703 4803 1864 4857 quam
1897 4802 2024 4856 per-

428 4888 595 4948 petuo
638 4879 911 4932 custodire
936 4878 1234 4942 desiderat,
1265 4880 1502 4933 cbaritas
1550 4880 1863 4947 accipienda
1894 4888 1979 4933 est
2008 4892 2024 4934 :

429 4973 555 5041 quia
585 4971 699 5037 ipsa
724 4980 809 5025 est
830 4971 1110 5039 plenitudo
1133 4972 1264 5041 legis
1293 4970 1482 5043 (llam.
1517 4989 1634 5039 stu,
1663 4974 1786 5045 10),
1813 4984 1867 5029 ct
1898 4990 2022 5032 ces-

426 5063 675 5118 sautibus
722 5065 934 5119 caeteris
962 5066 1263 5130 mandatis,
1294 5064 1405 5120 sola
1457 5075 1739 5135 permanet
1778 5068 1829 5122 in
1859 5079 2021 5124 aiter.

429 5171 582 5211 num.

390 5234 399 5307 ξ
500 5253 522 5316 (
548 5246 705 5303 Vers.
732 5250 922 5306 45°48.
951 5250 972 5324 )
1003 5248 1071 5305 Et
1121 5250 1445 5305 ambulabam
1473 5251 1527 5305 in
1570 5253 1866 5322 latitudine,
1897 5255 2021 5325 quia

428 5339 782 5395 mandatatua
804 5344 1075 5411 exquisivi.
1122 5343 1187 5397 Et
1211 5344 1454 5413 loquebar
1481 5344 1546 5397 de
1581 5346 1881 5400 testimoniis
1919 5349 2021 5403 tuis

427 5432 479 5485 in
504 5440 775 5499 conspectu
804 5450 1003 5505 regum,
1029 5444 1197 5489 etnon
1220 5434 1596 5507 confundebar.
1628 5435 1701 5491 Et
1740 5439 2020 5495 meditabar

505 5658 722 5782 ['nékupgd
773 5656 1157 5730 Augustinum,
1207 5664 1294 5735 qui
1348 5664 1655 5729 mandavit;
1705 5665 1857 5733 editi,
1905 5681 2019 5738 quin

592 5752 713 5784 lll‘ll.

430 5743 713 5784 suariam-:1.

504 5800 608 5873 δΙιι
639 5806 959 5872 Augustino,
990 5803 1247 5861 Christum
1268 5820 1447 5874 sonat;
1478 5809 1605 5868 editi
1649 5810 1842 5876 nostri,
1870 5810 2019 5867 Chri-

2135 4706 2265 4746 vasa
2297 4691 2413 4753 irae,
2447 4691 2689 4746 intellexi
2715 4690 2933 4745 divitias
2957 4690 3148 4761 gloria:
3186 4700 3289 4745 tua:
3320 4690 3374 4744 in
3405 4705 3529 4746 vasa
3560 4692 3717 4747 mise-

2133 4786 2381 4841 ricordia:
2414 4784 2591 4855 (Rom.
2624 4800 2699 4849 tx,
2728 4784 2800 4838 22
2826 4794 2872 4837 et
2896 4781 3026 4849 25).

2203 4880 2387 4953 (Vers.
2419 4879 2510 4945 55,
2540 4876 2668 4947 54.)
2702 4875 2931 4931 Τωάὲιιιιι
2963 4875 3183 4930 detinuit
3214 4891 3295 4929 me
3318 4892 3348 4927 a
3370 4878 3718 4944 peccatoribus

2133 4970 2598 5043 derelinquentibus
2619 4971 2779 5041 legem
2800 4978 2962 5024 tuam.
2997 4966 3287 5024 Cantabiles
3312 4969 3440 5023 mihi
3474 4981 3617 5023 erant
3630 4972 3718 5040 ju-

2128 5068 2464 5133 sti/icatioues
2480 5074 2581 5120 tua:
2598 5066 2650 5117 in
2673 5065 2786 5119 loco
2808 5062 3062 5117 iucolatus
3086 5063 3204 5117 mei.
3219 5061 3478 5129 Quamvis
3501 5063 3712 5116 taedium

2131 5173 2406 5232 pateretur
2427 5177 2453 5213 a
2487 5159 2887 5228 peccatoribus,
2916 5173 3036 5213 cum
3059 5156 3257 5228 quibus
3284 5172 3409 5211 eum
3439 5157 3714 5226 praesentis

2128 5257 2252 5309 vita:
2276 5253 2639 5325 peregrinatio
2657 5252 2956 5317 detinebat,
2974 5260 3151 5305 tamen
3169 5249 3468 5305 cantabiles
3495 5250 3543 5304 ei
3563 5255 3714 5303 erant

2123 5346 2542 5416 jusdticationes
2569 5346 2682 5412 Dei,
2719 5344 2841 5415 quia
2885 5343 3314 5415 peregrinantem
3367 5340 3539 5413 gratia
3578 5341 3713 5396 sola-

2129 5439 2307 5494 batur.

2124 5676 2235 5723 lli“
2258 5675 2427 5722 sonat.

2200 5750 2223 5779 ε
2260 5740 2349 5796 S=c
2378 5737 2623 5808 Lugdun.
2651 5746 2770 5801 post
2801 5740 2937 5809 Aug.
2974 5736 3048 5792 Αι
3087 5735 3291 5792 Lovau.
3324 5744 3376 5809 et
3404 5735 3519 5809 alii,
3541 5751 3573 5788 α
3598 5734 3707 5807 qui~

2127 5813 2217 5870 bus
2246 5822 2321 5869 est
2343 5812 2648 5879 cruciﬁxus,
2680 5811 2758 5867 vel
2782 5808 3116 5877 scandalum,
3147 5809 3223 5865 vel
3257 5808 3551 5864 stultitiam.
