  <div class='ocr_page' id='page_1' title='image "/cluster/home/n/w/nwhite01/storage/ocr_20150623/51/hvd.32044015471568/178.png"; bbox 0 0 4028 6352; ppageno 0'>
   <div class='ocr_carea' id='block_1_1' title="bbox 196 413 291 474">
    <p class='ocr_par' dir='ltr' id='par_1_1' title="bbox 196 413 291 474">
     <span class='ocr_line' id='line_1_1' title="bbox 196 413 291 474; baseline -0.011 0"><span class='ocrx_word' id='word_1_1' title='bbox 196 413 291 474; x_wconf 68' lang='grc'><strong>515</strong></span> 
     </span>
    </p>
   </div>
   <div class='ocr_carea' id='block_1_2' title="bbox 934 415 2711 491">
    <p class='ocr_par' dir='ltr' id='par_1_2' title="bbox 934 415 2711 491">
     <span class='ocr_line' id='line_1_2' title="bbox 934 415 2711 491; baseline 0.007 -16"><span class='ocrx_word' id='word_1_2' title='bbox 934 415 1360 476; x_wconf 79' lang='lat' dir='ltr'><strong>PSALMORUM</strong></span> <span class='ocrx_word' id='word_1_3' title='bbox 1400 420 1443 476; x_wconf 72' lang='grc' dir='ltr'>Α</span> <span class='ocrx_word' id='word_1_4' title='bbox 1486 420 1528 477; x_wconf 89' lang='lat' dir='ltr'><strong>C</strong></span> <span class='ocrx_word' id='word_1_5' title='bbox 1564 420 1657 477; x_wconf 82' lang='lat' dir='ltr'><strong>AD</strong></span> <span class='ocrx_word' id='word_1_6' title='bbox 1693 418 1781 477; x_wconf 85' lang='lat' dir='ltr'><strong>CL</strong></span> <span class='ocrx_word' id='word_1_7' title='bbox 1821 421 2204 482; x_wconf 75' lang='lat' dir='ltr'><strong>EXPOSITIO.</strong></span> <span class='ocrx_word' id='word_1_8' title='bbox 2239 426 2435 486; x_wconf 82' lang='lat' dir='ltr'><strong>PSAL.</strong></span> <span class='ocrx_word' id='word_1_9' title='bbox 2477 430 2711 491; x_wconf 70' lang='lat' dir='ltr'><strong>CXVIII.</strong></span> 
     </span>
    </p>
   </div>
   <div class='ocr_carea' id='block_1_3' title="bbox 3364 448 3468 508">
    <p class='ocr_par' dir='ltr' id='par_1_3' title="bbox 3364 448 3468 508">
     <span class='ocr_line' id='line_1_3' title="bbox 3364 448 3468 508; baseline 0.029 -4"><span class='ocrx_word' id='word_1_10' title='bbox 3364 448 3468 508; x_wconf 74' lang='lat'><strong>346</strong></span> 
     </span>
    </p>
   </div>
   <div class='ocr_carea' id='block_1_4' title="bbox 302 526 3468 635">
    <p class='ocr_par' dir='ltr' id='par_1_4' title="bbox 302 526 3468 635">
     <span class='ocr_line' id='line_1_4' title="bbox 302 526 3468 635; baseline 0.009 -52"><span class='ocrx_word' id='word_1_11' title='bbox 302 526 449 585; x_wconf 68' lang='lat' dir='ltr'><strong>Vere.</strong></span> <span class='ocrx_word' id='word_1_12' title='bbox 483 526 621 600; x_wconf 82' lang='lat'><strong>55.)</strong></span> <span class='ocrx_word' id='word_1_13' title='bbox 656 529 855 635; x_wconf 65' lang='lat' dir='ltr'><strong>Memor</strong></span> <span class='ocrx_word' id='word_1_14' title='bbox 897 531 976 600; x_wconf 81' lang='lat' dir='ltr'><strong>fui</strong></span> <span class='ocrx_word' id='word_1_15' title='bbox 1004 532 1234 635; x_wconf 60' lang='lat' dir='ltr'><strong>iit-noete</strong></span> <span class='ocrx_word' id='word_1_16' title='bbox 1276 535 1496 590; x_wconf 85' lang='lat' dir='ltr'><strong>nominis</strong></span> <span class='ocrx_word' id='word_1_17' title='bbox 1525 538 1629 600; x_wconf 88' lang='lat' dir='ltr'><strong>tui,</strong></span> <span class='ocrx_word' id='word_1_18' title='bbox 1656 533 1847 599; x_wconf 70' lang='grc' dir='ltr'><strong>θοι-Α</strong></span> <span class='ocrx_word' id='word_1_19' title='bbox 1942 536 2108 611; x_wconf 64' lang='grc'><strong>446</strong></span> <span class='ocrx_word' id='word_1_20' title='bbox 2146 540 2327 611; x_wconf 87' lang='lat' dir='ltr'><strong>(Vers.</strong></span> <span class='ocrx_word' id='word_1_21' title='bbox 2378 544 2496 618; x_wconf 80' lang='lat'><strong>6|.)</strong></span> <span class='ocrx_word' id='word_1_22' title='bbox 2546 547 2717 606; x_wconf 82' lang='lat' dir='ltr'><strong>Funes</strong></span> <span class='ocrx_word' id='word_1_23' title='bbox 2762 562 3087 618; x_wconf 73' lang='lat' dir='ltr'><strong>peccatorum</strong></span> <span class='ocrx_word' id='word_1_24' title='bbox 3134 564 3468 635; x_wconf 67' lang='lat' dir='ltr'><strong>circumplexi</strong></span> 
     </span>
    </p>
   </div>
   <div class='ocr_carea' id='block_1_5' title="bbox 194 625 1764 700">
    <p class='ocr_par' dir='ltr' id='par_1_5' title="bbox 194 625 1764 700">
     <span class='ocr_line' id='line_1_5' title="bbox 194 625 1764 700; baseline 0.001 -19"><span class='ocrx_word' id='word_1_25' title='bbox 194 626 335 691; x_wconf 84' lang='lat' dir='ltr'><strong>mine,</strong></span> <span class='ocrx_word' id='word_1_26' title='bbox 361 626 677 679; x_wconf 78' lang='lat' dir='ltr'><strong>etcustodici</strong></span> <span class='ocrx_word' id='word_1_27' title='bbox 690 625 852 700; x_wconf 86' lang='lat' dir='ltr'><strong>legem</strong></span> <span class='ocrx_word' id='word_1_28' title='bbox 878 635 1039 681; x_wconf 85' lang='lat' dir='ltr'><strong>tuam.</strong></span> <span class='ocrx_word' id='word_1_29' title='bbox 1055 626 1217 700; x_wconf 61' lang='grc' dir='ltr'><strong>ωε</strong></span> <span class='ocrx_word' id='word_1_30' title='bbox 1239 628 1354 683; x_wconf 78' lang='lat' dir='ltr'><strong>Nox</strong></span> <span class='ocrx_word' id='word_1_31' title='bbox 1380 639 1463 684; x_wconf 89' lang='lat' dir='ltr'><strong>est</strong></span> <span class='ocrx_word' id='word_1_32' title='bbox 1486 638 1509 666; x_wconf 81' lang='grc'><strong><em>⁸</em></strong></span> <span class='ocrx_word' id='word_1_33' title='bbox 1531 631 1585 685; x_wconf 84' lang='lat' dir='ltr'><strong>in</strong></span> <span class='ocrx_word' id='word_1_34' title='bbox 1607 642 1764 685; x_wconf 76' lang='lat' dir='ltr'><strong>mter-</strong></span> 
     </span>
    </p>
   </div>
   <div class='ocr_carea' id='block_1_6' title="bbox 194 720 1765 793">
    <p class='ocr_par' dir='ltr' id='par_1_6' title="bbox 194 720 1765 793">
     <span class='ocr_line' id='line_1_6' title="bbox 194 720 1765 793; baseline 0.003 -20"><span class='ocrx_word' id='word_1_35' title='bbox 194 734 337 783; x_wconf 85' lang='lat' dir='ltr'><strong>num;</strong></span> <span class='ocrx_word' id='word_1_36' title='bbox 369 733 489 771; x_wconf 83' lang='lat' dir='ltr'><strong>nam</strong></span> <span class='ocrx_word' id='word_1_37' title='bbox 518 720 863 774; x_wconf 67' lang='lat' dir='ltr'><strong>mortalitatis</strong></span> <span class='ocrx_word' id='word_1_38' title='bbox 888 736 991 773; x_wconf 80' lang='lat' dir='ltr'><strong>nos</strong></span> <span class='ocrx_word' id='word_1_39' title='bbox 1026 720 1077 774; x_wconf 90' lang='lat' dir='ltr'><strong>itt</strong></span> <span class='ocrx_word' id='word_1_40' title='bbox 1108 722 1356 786; x_wconf 71' lang='lat' dir='ltr'><strong>superbis</strong></span> <span class='ocrx_word' id='word_1_41' title='bbox 1387 722 1568 789; x_wconf 87' lang='lat' dir='ltr'><strong>inique</strong></span> <span class='ocrx_word' id='word_1_42' title='bbox 1602 738 1765 793; x_wconf 76' lang='lat' dir='ltr'><strong>agen-</strong></span> 
     </span>
    </p>
   </div>
   <div class='ocr_carea' id='block_1_7' title="bbox 194 810 1764 887">
    <p class='ocr_par' dir='ltr' id='par_1_7' title="bbox 194 810 1764 887">
     <span class='ocr_line' id='line_1_7' title="bbox 194 810 1764 887; baseline 0.004 -23"><span class='ocrx_word' id='word_1_43' title='bbox 194 810 348 873; x_wconf 87' lang='lat' dir='ltr'><strong>tibus;</strong></span> <span class='ocrx_word' id='word_1_44' title='bbox 382 826 487 864; x_wconf 82' lang='lat' dir='ltr'><strong>nox</strong></span> <span class='ocrx_word' id='word_1_45' title='bbox 514 810 565 864; x_wconf 91' lang='lat' dir='ltr'><strong>in</strong></span> <span class='ocrx_word' id='word_1_46' title='bbox 594 812 772 873; x_wconf 70' lang='lat' dir='ltr'><strong>taedio,</strong></span> <span class='ocrx_word' id='word_1_47' title='bbox 804 828 833 864; x_wconf 87' lang='lat' dir='ltr'><strong>a</strong></span> <span class='ocrx_word' id='word_1_48' title='bbox 864 814 1233 880; x_wconf 77' lang='lat' dir='ltr'><strong>peccatoribus</strong></span> <span class='ocrx_word' id='word_1_49' title='bbox 1264 813 1764 887; x_wconf 82' lang='lat' dir='ltr'><strong>derelinqueotilnts</strong></span> 
     </span>
    </p>
   </div>
   <div class='ocr_carea' id='block_1_8' title="bbox 193 904 1762 977">
    <p class='ocr_par' dir='ltr' id='par_1_8' title="bbox 193 904 1762 977">
     <span class='ocr_line' id='line_1_8' title="bbox 193 904 1762 977; baseline 0.002 -16"><span class='ocrx_word' id='word_1_50' title='bbox 193 904 275 961; x_wconf 84' lang='lat' dir='ltr'><strong>Dei</strong></span> <span class='ocrx_word' id='word_1_51' title='bbox 306 907 473 975; x_wconf 61' lang='lat' dir='ltr'><strong>legi-tu</strong></span> <span class='ocrx_word' id='word_1_52' title='bbox 495 920 511 969; x_wconf 92' lang='lat'><strong>;</strong></span> <span class='ocrx_word' id='word_1_53' title='bbox 536 920 639 959; x_wconf 68' lang='lat' dir='ltr'><strong>nox</strong></span> <span class='ocrx_word' id='word_1_54' title='bbox 669 916 747 961; x_wconf 87' lang='lat' dir='ltr'><strong>est</strong></span> <span class='ocrx_word' id='word_1_55' title='bbox 773 917 1047 975; x_wconf 77' lang='lat' dir='ltr'><strong>postremo</strong></span> <span class='ocrx_word' id='word_1_56' title='bbox 1074 905 1128 961; x_wconf 87' lang='lat' dir='ltr'><strong>itt</strong></span> <span class='ocrx_word' id='word_1_57' title='bbox 1161 908 1281 962; x_wconf 89' lang='lat' dir='ltr'><strong>loco</strong></span> <span class='ocrx_word' id='word_1_58' title='bbox 1312 908 1762 977; x_wconf 66' lang='lat' dir='ltr'><strong>peregrinationis</strong></span> 
     </span>
    </p>
   </div>
   <div class='ocr_carea' id='block_1_9' title="bbox 193 999 1761 1063">
    <p class='ocr_par' dir='ltr' id='par_1_9' title="bbox 193 999 1761 1063">
     <span class='ocr_line' id='line_1_9' title="bbox 193 999 1761 1063; baseline 0.003 -11"><span class='ocrx_word' id='word_1_59' title='bbox 193 1002 353 1063; x_wconf 82' lang='lat' dir='ltr'><strong>hujus,</strong></span> <span class='ocrx_word' id='word_1_60' title='bbox 396 999 577 1054; x_wconf 87' lang='lat' dir='ltr'><strong>donec</strong></span> <span class='ocrx_word' id='word_1_61' title='bbox 609 1001 783 1054; x_wconf 81' lang='lat' dir='ltr'><strong>veniat</strong></span> <span class='ocrx_word' id='word_1_62' title='bbox 814 1001 1068 1056; x_wconf 89' lang='lat' dir='ltr'><strong>Dominus</strong></span> <span class='ocrx_word' id='word_1_63' title='bbox 1091 1043 1106 1063; x_wconf 87' lang='lat'><strong>.</strong></span> <span class='ocrx_word' id='word_1_64' title='bbox 1137 1011 1192 1056; x_wconf 85' lang='lat' dir='ltr'><strong>et</strong></span> <span class='ocrx_word' id='word_1_65' title='bbox 1221 1002 1484 1057; x_wconf 86' lang='lat' dir='ltr'><strong>illnmiuet</strong></span> <span class='ocrx_word' id='word_1_66' title='bbox 1529 1002 1761 1059; x_wconf 71' lang='lat' dir='ltr'><strong>absCttn-</strong></span> 
     </span>
    </p>
   </div>
   <div class='ocr_carea' id='block_1_10' title="bbox 193 1092 1762 1167">
    <p class='ocr_par' dir='ltr' id='par_1_10' title="bbox 193 1092 1762 1167">
     <span class='ocr_line' id='line_1_10' title="bbox 193 1092 1762 1167; baseline 0.003 -20"><span class='ocrx_word' id='word_1_67' title='bbox 193 1092 284 1148; x_wconf 86' lang='lat' dir='ltr'><strong>dita</strong></span> <span class='ocrx_word' id='word_1_68' title='bbox 320 1094 663 1148; x_wconf 73' lang='lat' dir='ltr'><strong>tenebrarum</strong></span> <span class='ocrx_word' id='word_1_69' title='bbox 710 1094 729 1165; x_wconf 94' lang='lat'><strong>(</strong></span> <span class='ocrx_word' id='word_1_70' title='bbox 750 1093 770 1149; x_wconf 86' lang='grc' dir='ltr'><strong>Ι</strong></span> <span class='ocrx_word' id='word_1_71' title='bbox 800 1092 921 1149; x_wconf 86' lang='lat' dir='ltr'><strong>Cor.</strong></span> <span class='ocrx_word' id='word_1_72' title='bbox 966 1109 1044 1159; x_wconf 86' lang='lat' dir='ltr'><strong>tv,</strong></span> <span class='ocrx_word' id='word_1_73' title='bbox 1072 1094 1163 1165; x_wconf 79' lang='lat'><strong>5).</strong></span> <span class='ocrx_word' id='word_1_74' title='bbox 1200 1095 1254 1149; x_wconf 92' lang='lat' dir='ltr'><strong>In</strong></span> <span class='ocrx_word' id='word_1_75' title='bbox 1304 1094 1409 1151; x_wconf 79' lang='lat' dir='ltr'><strong>huc</strong></span> <span class='ocrx_word' id='word_1_76' title='bbox 1444 1111 1574 1167; x_wconf 75' lang='lat' dir='ltr'><strong>ergo</strong></span> <span class='ocrx_word' id='word_1_77' title='bbox 1604 1106 1762 1152; x_wconf 86' lang='lat' dir='ltr'><strong>nocte</strong></span> 
     </span>
    </p>
   </div>
   <div class='ocr_carea' id='block_1_11' title="bbox 199 1186 1760 1261">
    <p class='ocr_par' dir='ltr' id='par_1_11' title="bbox 199 1186 1760 1261">
     <span class='ocr_line' id='line_1_11' title="bbox 199 1186 1760 1261; baseline 0.001 -19"><span class='ocrx_word' id='word_1_78' title='bbox 199 1203 383 1242; x_wconf 87' lang='lat' dir='ltr'><strong>memor</strong></span> <span class='ocrx_word' id='word_1_79' title='bbox 405 1186 573 1243; x_wconf 84' lang='lat' dir='ltr'><strong>debet</strong></span> <span class='ocrx_word' id='word_1_80' title='bbox 599 1202 720 1242; x_wconf 88' lang='lat' dir='ltr'><strong>esse</strong></span> <span class='ocrx_word' id='word_1_81' title='bbox 751 1188 914 1241; x_wconf 88' lang='lat' dir='ltr'><strong>ltotno</strong></span> <span class='ocrx_word' id='word_1_82' title='bbox 954 1189 1186 1243; x_wconf 85' lang='lat' dir='ltr'><strong>nominis</strong></span> <span class='ocrx_word' id='word_1_83' title='bbox 1218 1189 1451 1255; x_wconf 86' lang='lat' dir='ltr'><strong>Domini,</strong></span> <span class='ocrx_word' id='word_1_84' title='bbox 1498 1199 1559 1244; x_wconf 91' lang='lat' dir='ltr'><strong>ut</strong></span> <span class='ocrx_word' id='word_1_85' title='bbox 1586 1189 1760 1261; x_wconf 79' lang='lat' dir='ltr'><strong>legem</strong></span> 
     </span>
    </p>
   </div>
   <div class='ocr_carea' id='block_1_12' title="bbox 194 1279 1757 1353">
    <p class='ocr_par' dir='ltr' id='par_1_12' title="bbox 194 1279 1757 1353">
     <span class='ocr_line' id='line_1_12' title="bbox 194 1279 1757 1353; baseline 0.003 -20"><span class='ocrx_word' id='word_1_86' title='bbox 194 1279 291 1350; x_wconf 79' lang='lat' dir='ltr'><strong>ejus</strong></span> <span class='ocrx_word' id='word_1_87' title='bbox 316 1289 469 1335; x_wconf 87' lang='lat' dir='ltr'><strong>custo</strong></span> <span class='ocrx_word' id='word_1_88' title='bbox 492 1282 604 1345; x_wconf 81' lang='lat' dir='ltr'><strong>tiat,</strong></span> <span class='ocrx_word' id='word_1_89' title='bbox 633 1290 687 1335; x_wconf 90' lang='lat' dir='ltr'><strong>et</strong></span> <span class='ocrx_word' id='word_1_90' title='bbox 715 1281 817 1335; x_wconf 91' lang='lat' dir='ltr'><strong>hoc</strong></span> <span class='ocrx_word' id='word_1_91' title='bbox 854 1281 1025 1350; x_wconf 87' lang='lat' dir='ltr'><strong>ipsmu</strong></span> <span class='ocrx_word' id='word_1_92' title='bbox 1054 1283 1119 1335; x_wconf 83' lang='lat' dir='ltr'><strong>ad</strong></span> <span class='ocrx_word' id='word_1_93' title='bbox 1150 1282 1377 1353; x_wconf 71' lang='lat' dir='ltr'><strong>gloriam</strong></span> <span class='ocrx_word' id='word_1_94' title='bbox 1411 1282 1504 1337; x_wconf 85' lang='lat' dir='ltr'><strong>Dei</strong></span> <span class='ocrx_word' id='word_1_95' title='bbox 1530 1286 1757 1349; x_wconf 75' lang='lat' dir='ltr'><strong>referat;</strong></span> 
     </span>
    </p>
   </div>
   <div class='ocr_carea' id='block_1_13' title="bbox 196 1376 1757 1449">
    <p class='ocr_par' dir='ltr' id='par_1_13' title="bbox 196 1376 1757 1449">
     <span class='ocr_line' id='line_1_13' title="bbox 196 1376 1757 1449; baseline 0.004 -22"><span class='ocrx_word' id='word_1_96' title='bbox 196 1378 424 1446; x_wconf 79' lang='lat' dir='ltr'><strong>quoniam</strong></span> <span class='ocrx_word' id='word_1_97' title='bbox 450 1377 770 1448; x_wconf 83' lang='lat' dir='ltr'><strong>adjutorium</strong></span> <span class='ocrx_word' id='word_1_98' title='bbox 795 1388 1027 1431; x_wconf 86' lang='lat' dir='ltr'><strong>nostrum</strong></span> <span class='ocrx_word' id='word_1_99' title='bbox 1050 1378 1103 1431; x_wconf 87' lang='lat' dir='ltr'><strong>in</strong></span> <span class='ocrx_word' id='word_1_100' title='bbox 1124 1378 1328 1432; x_wconf 77' lang='lat' dir='ltr'><strong>nomine</strong></span> <span class='ocrx_word' id='word_1_101' title='bbox 1353 1376 1557 1431; x_wconf 79' lang='lat' dir='ltr'><strong>Domini</strong></span> <span class='ocrx_word' id='word_1_102' title='bbox 1583 1378 1757 1449; x_wconf 86' lang='lat' dir='ltr'><strong>(l’sal.</strong></span> 
     </span>
    </p>
   </div>
   <div class='ocr_carea' id='block_1_14' title="bbox 192 1467 472 1537">
    <p class='ocr_par' dir='ltr' id='par_1_14' title="bbox 192 1467 472 1537">
     <span class='ocr_line' id='line_1_14' title="bbox 192 1467 472 1537; baseline -0.011 -14"><span class='ocrx_word' id='word_1_103' title='bbox 192 1482 351 1530; x_wconf 79' lang='lat' dir='ltr'><strong>cunt.</strong></span> <span class='ocrx_word' id='word_1_104' title='bbox 378 1467 472 1537; x_wconf 90' lang='lat'><strong>8).</strong></span> 
     </span>
    </p>
   </div>
   <div class='ocr_carea' id='block_1_15' title="bbox 250 1560 1759 1638">
    <p class='ocr_par' dir='ltr' id='par_1_15' title="bbox 250 1560 1759 1638">
     <span class='ocr_line' id='line_1_15' title="bbox 250 1560 1759 1638; baseline 0.004 -23"><span class='ocrx_word' id='word_1_105' title='bbox 250 1562 417 1633; x_wconf 77' lang='lat' dir='ltr'><strong>(Veis.</strong></span> <span class='ocrx_word' id='word_1_106' title='bbox 461 1560 582 1634; x_wconf 71' lang='lat'><strong>.56.)</strong></span> <span class='ocrx_word' id='word_1_107' title='bbox 613 1562 740 1618; x_wconf 75' lang='lat' dir='ltr'><strong>ch</strong></span> <span class='ocrx_word' id='word_1_108' title='bbox 773 1564 911 1634; x_wconf 77' lang='lat' dir='ltr'><strong>facta</strong></span> <span class='ocrx_word' id='word_1_109' title='bbox 939 1573 1013 1617; x_wconf 87' lang='lat' dir='ltr'><strong>est</strong></span> <span class='ocrx_word' id='word_1_110' title='bbox 1044 1563 1188 1631; x_wconf 82' lang='lat' dir='ltr'><strong>mihi,</strong></span> <span class='ocrx_word' id='word_1_111' title='bbox 1216 1565 1338 1635; x_wconf 82' lang='lat' dir='ltr'><strong>quia</strong></span> <span class='ocrx_word' id='word_1_112' title='bbox 1355 1564 1759 1638; x_wconf 78' lang='lat' dir='ltr'><strong>justiﬁcationes</strong></span> 
     </span>
    </p>
   </div>
   <div class='ocr_carea' id='block_1_16' title="bbox 191 1658 1758 1729">
    <p class='ocr_par' dir='ltr' id='par_1_16' title="bbox 191 1658 1758 1729">
     <span class='ocr_line' id='line_1_16' title="bbox 191 1658 1758 1729; baseline 0.001 -18"><span class='ocrx_word' id='word_1_113' title='bbox 191 1668 285 1712; x_wconf 75' lang='lat' dir='ltr'><strong>tuas</strong></span> <span class='ocrx_word' id='word_1_114' title='bbox 314 1660 579 1727; x_wconf 65' lang='lat' dir='ltr'><strong>exquisivi.</strong></span> <span class='ocrx_word' id='word_1_115' title='bbox 617 1658 860 1713; x_wconf 78' lang='lat' dir='ltr'><strong>Justitias</strong></span> <span class='ocrx_word' id='word_1_116' title='bbox 892 1659 1073 1727; x_wconf 89' lang='lat' dir='ltr'><strong>utique</strong></span> <span class='ocrx_word' id='word_1_117' title='bbox 1117 1669 1236 1712; x_wconf 85' lang='lat' dir='ltr'><strong>tuas</strong></span> <span class='ocrx_word' id='word_1_118' title='bbox 1269 1660 1465 1729; x_wconf 90' lang='lat' dir='ltr'><strong>quibus</strong></span> <span class='ocrx_word' id='word_1_119' title='bbox 1493 1660 1758 1728; x_wconf 83' lang='lat' dir='ltr'><strong>justiticas</strong></span> 
     </span>
    </p>
   </div>
   <div class='ocr_carea' id='block_1_17' title="bbox 190 1749 1759 1822">
    <p class='ocr_par' dir='ltr' id='par_1_17' title="bbox 190 1749 1759 1822">
     <span class='ocr_line' id='line_1_17' title="bbox 190 1749 1759 1822; baseline -0.001 -18"><span class='ocrx_word' id='word_1_120' title='bbox 190 1750 385 1819; x_wconf 85' lang='lat' dir='ltr'><strong>impium</strong></span> <span class='ocrx_word' id='word_1_121' title='bbox 416 1749 597 1819; x_wconf 78' lang='lat' dir='ltr'><strong>(llam.</strong></span> <span class='ocrx_word' id='word_1_122' title='bbox 634 1766 705 1813; x_wconf 87' lang='lat' dir='ltr'><strong>tv.</strong></span> <span class='ocrx_word' id='word_1_123' title='bbox 734 1750 816 1819; x_wconf 81' lang='grc'><strong>5),</strong></span> <span class='ocrx_word' id='word_1_124' title='bbox 850 1766 954 1804; x_wconf 89' lang='lat' dir='ltr'><strong>non</strong></span> <span class='ocrx_word' id='word_1_125' title='bbox 988 1766 1156 1818; x_wconf 84' lang='lat' dir='ltr'><strong>meas,</strong></span> <span class='ocrx_word' id='word_1_126' title='bbox 1190 1769 1313 1822; x_wconf 73' lang='lat' dir='ltr'><strong>qua:</strong></span> <span class='ocrx_word' id='word_1_127' title='bbox 1354 1768 1458 1807; x_wconf 88' lang='lat' dir='ltr'><strong>non</strong></span> <span class='ocrx_word' id='word_1_128' title='bbox 1498 1754 1640 1820; x_wconf 78' lang='lat' dir='ltr'><strong>piunt</strong></span> <span class='ocrx_word' id='word_1_129' title='bbox 1682 1755 1759 1806; x_wconf 67' lang='lat' dir='ltr'><strong>l4-</strong></span> 
     </span>
    </p>
   </div>
   <div class='ocr_carea' id='block_1_18' title="bbox 189 1845 1753 1918">
    <p class='ocr_par' dir='ltr' id='par_1_18' title="bbox 189 1845 1753 1918">
     <span class='ocr_line' id='line_1_18' title="bbox 189 1845 1753 1918; baseline 0.003 -19"><span class='ocrx_word' id='word_1_130' title='bbox 189 1846 331 1912; x_wconf 75' lang='lat' dir='ltr'><strong>cinnt,</strong></span> <span class='ocrx_word' id='word_1_131' title='bbox 369 1845 467 1901; x_wconf 75' lang='lat' dir='ltr'><strong>sed</strong></span> <span class='ocrx_word' id='word_1_132' title='bbox 507 1846 828 1913; x_wconf 82' lang='lat' dir='ltr'><strong>superbum.</strong></span> <span class='ocrx_word' id='word_1_133' title='bbox 868 1848 1001 1912; x_wconf 71' lang='lat' dir='ltr'><strong>Qua:</strong></span> <span class='ocrx_word' id='word_1_134' title='bbox 1044 1855 1127 1902; x_wconf 76' lang='lat' dir='ltr'><strong>est</strong></span> <span class='ocrx_word' id='word_1_135' title='bbox 1169 1862 1301 1916; x_wconf 75' lang='lat' dir='ltr'><strong>ergo</strong></span> <span class='ocrx_word' id='word_1_136' title='bbox 1340 1847 1409 1902; x_wconf 91' lang='lat' dir='ltr'><strong>de</strong></span> <span class='ocrx_word' id='word_1_137' title='bbox 1452 1863 1553 1916; x_wconf 79' lang='lat' dir='ltr'><strong>qua</strong></span> <span class='ocrx_word' id='word_1_138' title='bbox 1600 1847 1753 1918; x_wconf 75' lang='lat' dir='ltr'><strong>dicit,</strong></span> 
     </span>
    </p>
   </div>
   <div class='ocr_carea' id='block_1_19' title="bbox 1842 638 3464 728">
    <p class='ocr_par' dir='ltr' id='par_1_19' title="bbox 1842 638 3464 728">
     <span class='ocr_line' id='line_1_19' title="bbox 1842 638 3464 728; baseline 0.018 -44"><span class='ocrx_word' id='word_1_139' title='bbox 1842 642 1987 721; x_wconf 31' lang='lat' dir='ltr'><strong>osunt</strong></span> <span class='ocrx_word' id='word_1_140' title='bbox 2023 649 2121 700; x_wconf 87' lang='lat' dir='ltr'><strong>me,</strong></span> <span class='ocrx_word' id='word_1_141' title='bbox 2163 646 2211 689; x_wconf 92' lang='lat' dir='ltr'><strong>et</strong></span> <span class='ocrx_word' id='word_1_142' title='bbox 2247 638 2376 708; x_wconf 75' lang='lat' dir='ltr'><strong>legis</strong></span> <span class='ocrx_word' id='word_1_143' title='bbox 2415 650 2515 696; x_wconf 67' lang='lat' dir='ltr'><strong>tua:</strong></span> <span class='ocrx_word' id='word_1_144' title='bbox 2547 660 2652 698; x_wconf 89' lang='lat' dir='ltr'><strong>non</strong></span> <span class='ocrx_word' id='word_1_145' title='bbox 2690 663 2806 701; x_wconf 86' lang='lat' dir='ltr'><strong>sum</strong></span> <span class='ocrx_word' id='word_1_146' title='bbox 2836 650 3043 705; x_wconf 88' lang='lat' dir='ltr'><strong>oblitus.</strong></span> <span class='ocrx_word' id='word_1_147' title='bbox 3088 653 3464 728; x_wconf 75' lang='lat' dir='ltr'><strong>Peccatornm,</strong></span> 
     </span>
    </p>
   </div>
   <div class='ocr_carea' id='block_1_20' title="bbox 1868 725 3464 813">
    <p class='ocr_par' dir='ltr' id='par_1_20' title="bbox 1868 725 3464 813">
     <span class='ocr_line' id='line_1_20' title="bbox 1868 725 3464 813; baseline 0.02 -36"><span class='ocrx_word' id='word_1_148' title='bbox 1868 738 1974 778; x_wconf 91' lang='lat' dir='ltr'><strong>non</strong></span> <span class='ocrx_word' id='word_1_149' title='bbox 2006 725 2075 779; x_wconf 89' lang='lat' dir='ltr'><strong>ab</strong></span> <span class='ocrx_word' id='word_1_150' title='bbox 2104 742 2169 781; x_wconf 86' lang='lat' dir='ltr'><strong>eo</strong></span> <span class='ocrx_word' id='word_1_151' title='bbox 2195 731 2337 799; x_wconf 90' lang='lat' dir='ltr'><strong>quod</strong></span> <span class='ocrx_word' id='word_1_152' title='bbox 2366 744 2491 787; x_wconf 87' lang='lat' dir='ltr'><strong>sunt</strong></span> <span class='ocrx_word' id='word_1_153' title='bbox 2524 748 2741 803; x_wconf 82' lang='lat' dir='ltr'><strong>peccata</strong></span> <span class='ocrx_word' id='word_1_154' title='bbox 2772 740 3098 799; x_wconf 84' lang='lat' dir='ltr'><strong>declinatum</strong></span> <span class='ocrx_word' id='word_1_155' title='bbox 3126 757 3230 813; x_wconf 71' lang='lat' dir='ltr'><strong>est,</strong></span> <span class='ocrx_word' id='word_1_156' title='bbox 3260 752 3355 806; x_wconf 89' lang='lat' dir='ltr'><strong>sed</strong></span> <span class='ocrx_word' id='word_1_157' title='bbox 3394 725 3464 810; x_wconf 79' lang='lat' dir='ltr'><strong>ab</strong></span> 
     </span>
    </p>
   </div>
   <div class='ocr_carea' id='block_1_21' title="bbox 1867 818 3459 913">
    <p class='ocr_par' dir='ltr' id='par_1_21' title="bbox 1867 818 3459 913">
     <span class='ocr_line' id='line_1_21' title="bbox 1867 818 3459 913; baseline 0.019 -43"><span class='ocrx_word' id='word_1_158' title='bbox 1867 830 1934 871; x_wconf 85' lang='lat' dir='ltr'><strong>eo</strong></span> <span class='ocrx_word' id='word_1_159' title='bbox 1962 818 2103 886; x_wconf 89' lang='lat' dir='ltr'><strong>quod</strong></span> <span class='ocrx_word' id='word_1_160' title='bbox 2147 832 2271 876; x_wconf 91' lang='lat' dir='ltr'><strong>sunt</strong></span> <span class='ocrx_word' id='word_1_161' title='bbox 2316 838 2650 892; x_wconf 81' lang='lat' dir='ltr'><strong>peceatores.</strong></span> <span class='ocrx_word' id='word_1_162' title='bbox 2696 830 2870 888; x_wconf 81' lang='lat' dir='ltr'><strong>Funes</strong></span> <span class='ocrx_word' id='word_1_163' title='bbox 2912 839 3087 908; x_wconf 82' lang='lat' dir='ltr'><strong>itaque</strong></span> <span class='ocrx_word' id='word_1_164' title='bbox 3116 856 3459 913; x_wconf 76' lang='lat' dir='ltr'><strong>peccatorum,</strong></span> 
     </span>
    </p>
   </div>
   <div class='ocr_carea' id='block_1_22' title="bbox 1868 908 3463 999">
    <p class='ocr_par' dir='ltr' id='par_1_22' title="bbox 1868 908 3463 999">
     <span class='ocr_line' id='line_1_22' title="bbox 1868 908 3463 999; baseline 0.017 -36"><span class='ocrx_word' id='word_1_165' title='bbox 1868 908 2259 979; x_wconf 71' lang='lat' dir='ltr'><strong>impedimenta</strong></span> <span class='ocrx_word' id='word_1_166' title='bbox 2282 928 2407 972; x_wconf 87' lang='lat' dir='ltr'><strong>sunt</strong></span> <span class='ocrx_word' id='word_1_167' title='bbox 2432 920 2798 991; x_wconf 80' lang='lat' dir='ltr'><strong>inimicorum,</strong></span> <span class='ocrx_word' id='word_1_168' title='bbox 2828 929 2945 985; x_wconf 77' lang='lat' dir='ltr'><strong>sive</strong></span> <span class='ocrx_word' id='word_1_169' title='bbox 2968 908 3313 999; x_wconf 67' lang='lat' dir='ltr'><strong>spiritalium,</strong></span> <span class='ocrx_word' id='word_1_170' title='bbox 3345 908 3463 996; x_wconf 64' lang='lat' dir='ltr'><strong>sive</strong></span> 
     </span>
    </p>
   </div>
   <div class='ocr_carea' id='block_1_23' title="bbox 1865 1006 3463 1095">
    <p class='ocr_par' dir='ltr' id='par_1_23' title="bbox 1865 1006 3463 1095">
     <span class='ocr_line' id='line_1_23' title="bbox 1865 1006 3463 1095; baseline 0.016 -37"><span class='ocrx_word' id='word_1_171' title='bbox 1865 1006 2188 1071; x_wconf 83' lang='lat' dir='ltr'><strong>carnalium,</strong></span> <span class='ocrx_word' id='word_1_172' title='bbox 2227 1012 2318 1081; x_wconf 90' lang='lat' dir='ltr'><strong>qtti</strong></span> <span class='ocrx_word' id='word_1_173' title='bbox 2359 1025 2599 1082; x_wconf 78' lang='lat' dir='ltr'><strong>sanctos,</strong></span> <span class='ocrx_word' id='word_1_174' title='bbox 2635 1032 2732 1083; x_wconf 86' lang='lat' dir='ltr'><strong>pro</strong></span> <span class='ocrx_word' id='word_1_175' title='bbox 2764 1019 2857 1074; x_wconf 89' lang='lat' dir='ltr'><strong>Dei</strong></span> <span class='ocrx_word' id='word_1_176' title='bbox 2898 1023 3013 1093; x_wconf 73' lang='lat' dir='ltr'><strong>lege</strong></span> <span class='ocrx_word' id='word_1_177' title='bbox 3044 1039 3217 1095; x_wconf 89' lang='lat' dir='ltr'><strong>usque</strong></span> <span class='ocrx_word' id='word_1_178' title='bbox 3240 1029 3308 1093; x_wconf 79' lang='lat' dir='ltr'><strong>ad</strong></span> <span class='ocrx_word' id='word_1_179' title='bbox 3339 1045 3463 1085; x_wconf 84' lang='lat' dir='ltr'><strong>san-</strong></span> 
     </span>
    </p>
   </div>
   <div class='ocr_carea' id='block_1_24' title="bbox 1864 1098 3462 1191">
    <p class='ocr_par' dir='ltr' id='par_1_24' title="bbox 1864 1098 3462 1191">
     <span class='ocr_line' id='line_1_24' title="bbox 1864 1098 3462 1191; baseline 0.019 -42"><span class='ocrx_word' id='word_1_180' title='bbox 1864 1098 2082 1168; x_wconf 72' lang='lat' dir='ltr'><strong>guinem</strong></span> <span class='ocrx_word' id='word_1_181' title='bbox 2108 1101 2477 1171; x_wconf 86' lang='lat' dir='ltr'><strong>decertantes,</strong></span> <span class='ocrx_word' id='word_1_182' title='bbox 2501 1109 2834 1177; x_wconf 87' lang='lat' dir='ltr'><strong>quibuslibet</strong></span> <span class='ocrx_word' id='word_1_183' title='bbox 2854 1115 2907 1169; x_wconf 91' lang='lat' dir='ltr'><strong>di</strong></span> <span class='ocrx_word' id='word_1_184' title='bbox 2934 1119 3257 1174; x_wconf 81' lang='lat' dir='ltr'><strong>licultotibus</strong></span> <span class='ocrx_word' id='word_1_185' title='bbox 3286 1123 3462 1191; x_wconf 85' lang='lat' dir='ltr'><strong>impli-</strong></span> 
     </span>
    </p>
   </div>
   <div class='ocr_carea' id='block_1_25' title="bbox 1864 1198 3457 1283">
    <p class='ocr_par' dir='ltr' id='par_1_25' title="bbox 1864 1198 3457 1283">
     <span class='ocr_line' id='line_1_25' title="bbox 1864 1198 3457 1283; baseline 0.016 -39"><span class='ocrx_word' id='word_1_186' title='bbox 1864 1203 1991 1245; x_wconf 80' lang='lat' dir='ltr'><strong>Care</strong></span> <span class='ocrx_word' id='word_1_187' title='bbox 2043 1202 2327 1265; x_wconf 83' lang='lat' dir='ltr'><strong>conantur,</strong></span> <span class='ocrx_word' id='word_1_188' title='bbox 2379 1198 2576 1267; x_wconf 84' lang='lat' dir='ltr'><strong>quibus</strong></span> <span class='ocrx_word' id='word_1_189' title='bbox 2622 1216 2717 1257; x_wconf 86' lang='lat' dir='ltr'><strong>eos</strong></span> <span class='ocrx_word' id='word_1_190' title='bbox 2766 1220 2794 1256; x_wconf 88' lang='lat' dir='ltr'><strong>a</strong></span> <span class='ocrx_word' id='word_1_191' title='bbox 2845 1211 3144 1265; x_wconf 86' lang='lat' dir='ltr'><strong>constantia</strong></span> <span class='ocrx_word' id='word_1_192' title='bbox 3198 1216 3457 1283; x_wconf 73' lang='lat' dir='ltr'><strong>palit‘lttli,</strong></span> 
     </span>
    </p>
   </div>
   <div class='ocr_carea' id='block_1_26' title="bbox 1868 1289 3458 1380">
    <p class='ocr_par' dir='ltr' id='par_1_26' title="bbox 1868 1289 3458 1380">
     <span class='ocr_line' id='line_1_26' title="bbox 1868 1289 3458 1380; baseline 0.019 -44"><span class='ocrx_word' id='word_1_193' title='bbox 1868 1289 2019 1349; x_wconf 81' lang='lat' dir='ltr'><strong>quasi</strong></span> <span class='ocrx_word' id='word_1_194' title='bbox 2051 1289 2267 1344; x_wconf 67' lang='lat' dir='ltr'><strong>funibus</strong></span> <span class='ocrx_word' id='word_1_195' title='bbox 2297 1306 2361 1346; x_wconf 75' lang='lat' dir='ltr'><strong>ac</strong></span> <span class='ocrx_word' id='word_1_196' title='bbox 2393 1295 2645 1361; x_wconf 88' lang='lat' dir='ltr'><strong>restibus,</strong></span> <span class='ocrx_word' id='word_1_197' title='bbox 2679 1299 3044 1357; x_wconf 81' lang='lat' dir='ltr'><strong>retrahebaul.</strong></span> <span class='ocrx_word' id='word_1_198' title='bbox 3077 1305 3181 1361; x_wconf 86' lang='lat' dir='ltr'><strong>Sed</strong></span> <span class='ocrx_word' id='word_1_199' title='bbox 3212 1309 3254 1361; x_wconf 78' lang='lat' dir='ltr'><strong>si</strong></span> <span class='ocrx_word' id='word_1_200' title='bbox 3283 1311 3458 1380; x_wconf 84' lang='lat' dir='ltr'><strong>impli-</strong></span> 
     </span>
    </p>
   </div>
   <div class='ocr_carea' id='block_1_27' title="bbox 1862 1388 3459 1471">
    <p class='ocr_par' dir='ltr' id='par_1_27' title="bbox 1862 1388 3459 1471">
     <span class='ocr_line' id='line_1_27' title="bbox 1862 1388 3459 1471; baseline 0.017 -38"><span class='ocrx_word' id='word_1_201' title='bbox 1862 1388 1989 1434; x_wconf 81' lang='lat' dir='ltr'><strong>cant</strong></span> <span class='ocrx_word' id='word_1_202' title='bbox 2036 1396 2261 1451; x_wconf 81' lang='lat' dir='ltr'><strong>cmpos,</strong></span> <span class='ocrx_word' id='word_1_203' title='bbox 2309 1402 2417 1440; x_wconf 82' lang='lat' dir='ltr'><strong>non</strong></span> <span class='ocrx_word' id='word_1_204' title='bbox 2460 1389 2736 1455; x_wconf 80' lang='lat' dir='ltr'><strong>implicant</strong></span> <span class='ocrx_word' id='word_1_205' title='bbox 2784 1393 3058 1462; x_wconf 86' lang='lat' dir='ltr'><strong>animum;</strong></span> <span class='ocrx_word' id='word_1_206' title='bbox 3110 1399 3161 1451; x_wconf 92' lang='lat' dir='ltr'><strong>in</strong></span> <span class='ocrx_word' id='word_1_207' title='bbox 3207 1416 3316 1471; x_wconf 90' lang='lat' dir='ltr'><strong>quo</strong></span> <span class='ocrx_word' id='word_1_208' title='bbox 3356 1405 3459 1461; x_wconf 82' lang='lat' dir='ltr'><strong>iste</strong></span> 
     </span>
    </p>
   </div>
   <div class='ocr_carea' id='block_1_28' title="bbox 1862 1470 3456 1554">
    <p class='ocr_par' dir='ltr' id='par_1_28' title="bbox 1862 1470 3456 1554">
     <span class='ocr_line' id='line_1_28' title="bbox 1862 1470 3456 1554; baseline 0.017 -30"><span class='ocrx_word' id='word_1_209' title='bbox 1862 1470 1998 1535; x_wconf 70' lang='lat' dir='ltr'><strong>legis</strong></span> <span class='ocrx_word' id='word_1_210' title='bbox 2047 1472 2140 1528; x_wconf 91' lang='lat' dir='ltr'><strong>Dei</strong></span> <span class='ocrx_word' id='word_1_211' title='bbox 2183 1492 2288 1528; x_wconf 89' lang='lat' dir='ltr'><strong>nott</strong></span> <span class='ocrx_word' id='word_1_212' title='bbox 2328 1488 2413 1531; x_wconf 88' lang='lat' dir='ltr'><strong>est</strong></span> <span class='ocrx_word' id='word_1_213' title='bbox 2451 1480 2673 1546; x_wconf 89' lang='lat' dir='ltr'><strong>oblitus,</strong></span> <span class='ocrx_word' id='word_1_214' title='bbox 2716 1484 2842 1554; x_wconf 83' lang='lat' dir='ltr'><strong>quia</strong></span> <span class='ocrx_word' id='word_1_215' title='bbox 2882 1485 3064 1543; x_wconf 86' lang='lat' dir='ltr'><strong>Sermo</strong></span> <span class='ocrx_word' id='word_1_216' title='bbox 3104 1486 3200 1545; x_wconf 90' lang='lat' dir='ltr'><strong>Dei</strong></span> <span class='ocrx_word' id='word_1_217' title='bbox 3246 1510 3346 1548; x_wconf 89' lang='lat' dir='ltr'><strong>non</strong></span> <span class='ocrx_word' id='word_1_218' title='bbox 3380 1505 3456 1551; x_wconf 89' lang='lat' dir='ltr'><strong>est</strong></span> 
     </span>
    </p>
   </div>
   <div class='ocr_carea' id='block_1_29' title="bbox 1860 1565 2524 1639">
    <p class='ocr_par' dir='ltr' id='par_1_29' title="bbox 1860 1565 2524 1639">
     <span class='ocr_line' id='line_1_29' title="bbox 1860 1565 2524 1639; baseline 0.012 -22"><span class='ocrx_word' id='word_1_219' title='bbox 1860 1565 2106 1634; x_wconf 84' lang='lat' dir='ltr'><strong>alligatus</strong></span> <span class='ocrx_word' id='word_1_220' title='bbox 2129 1566 2173 1635; x_wconf 90' lang='lat' dir='ltr'><strong>(l</strong></span> <span class='ocrx_word' id='word_1_221' title='bbox 2200 1567 2331 1621; x_wconf 85' lang='lat' dir='ltr'><strong>Tim.</strong></span> <span class='ocrx_word' id='word_1_222' title='bbox 2361 1585 2418 1630; x_wconf 88' lang='lat' dir='ltr'><strong>tt.</strong></span> <span class='ocrx_word' id='word_1_223' title='bbox 2443 1571 2524 1639; x_wconf 85' lang='lat'><strong>5).</strong></span> 
     </span>
    </p>
   </div>
   <div class='ocr_carea' id='block_1_30' title="bbox 1933 1658 3457 1747">
    <p class='ocr_par' dir='ltr' id='par_1_30' title="bbox 1933 1658 3457 1747">
     <span class='ocr_line' id='line_1_30' title="bbox 1933 1658 3457 1747; baseline 0.019 -38"><span class='ocrx_word' id='word_1_224' title='bbox 1933 1658 2112 1731; x_wconf 79' lang='lat' dir='ltr'><strong>(Vers.</strong></span> <span class='ocrx_word' id='word_1_225' title='bbox 2145 1660 2260 1733; x_wconf 68' lang='lat' dir='ltr'><strong>b2.)</strong></span> <span class='ocrx_word' id='word_1_226' title='bbox 2307 1661 2476 1718; x_wconf 71' lang='lat' dir='ltr'><strong>Media</strong></span> <span class='ocrx_word' id='word_1_227' title='bbox 2512 1678 2655 1723; x_wconf 84' lang='lat' dir='ltr'><strong>nocte</strong></span> <span class='ocrx_word' id='word_1_228' title='bbox 2685 1671 2955 1745; x_wconf 75' lang='lat' dir='ltr'><strong>surgebam</strong></span> <span class='ocrx_word' id='word_1_229' title='bbox 2992 1675 3061 1728; x_wconf 88' lang='lat' dir='ltr'><strong>ad</strong></span> <span class='ocrx_word' id='word_1_230' title='bbox 3098 1679 3457 1747; x_wconf 78' lang='lat' dir='ltr'><strong>conﬁtendum</strong></span> 
     </span>
    </p>
   </div>
   <div class='ocr_carea' id='block_1_31' title="bbox 1862 1751 3454 1841">
    <p class='ocr_par' dir='ltr' id='par_1_31' title="bbox 1862 1751 3454 1841">
     <span class='ocr_line' id='line_1_31' title="bbox 1862 1751 3454 1841; baseline 0.016 -38"><span class='ocrx_word' id='word_1_231' title='bbox 1862 1751 1975 1817; x_wconf 84' lang='lat' dir='ltr'><strong>tibi,</strong></span> <span class='ocrx_word' id='word_1_232' title='bbox 2013 1770 2167 1821; x_wconf 81' lang='lat' dir='ltr'><strong>super</strong></span> <span class='ocrx_word' id='word_1_233' title='bbox 2191 1757 2391 1824; x_wconf 85' lang='lat' dir='ltr'><strong>judicia</strong></span> <span class='ocrx_word' id='word_1_234' title='bbox 2413 1762 2635 1831; x_wconf 75' lang='lat' dir='ltr'><strong>justitiat</strong></span> <span class='ocrx_word' id='word_1_235' title='bbox 2664 1772 2785 1817; x_wconf 75' lang='lat' dir='ltr'><strong>tum.</strong></span> <span class='ocrx_word' id='word_1_236' title='bbox 2827 1765 2995 1821; x_wconf 84' lang='lat' dir='ltr'><strong>Media</strong></span> <span class='ocrx_word' id='word_1_237' title='bbox 3028 1786 3155 1839; x_wconf 81' lang='lat' dir='ltr'><strong>nox,</strong></span> <span class='ocrx_word' id='word_1_238' title='bbox 3189 1774 3454 1841; x_wconf 66' lang='lat' dir='ltr'><strong>profunda</strong></span> 
     </span>
    </p>
   </div>
   <div class='ocr_carea' id='block_1_32' title="bbox 1860 1847 3456 1935">
    <p class='ocr_par' dir='ltr' id='par_1_32' title="bbox 1860 1847 3456 1935">
     <span class='ocr_line' id='line_1_32' title="bbox 1860 1847 3456 1935; baseline 0.015 -36"><span class='ocrx_word' id='word_1_239' title='bbox 1860 1847 2137 1901; x_wconf 85' lang='lat' dir='ltr'><strong>tribulatio</strong></span> <span class='ocrx_word' id='word_1_240' title='bbox 2168 1857 2270 1913; x_wconf 85' lang='lat' dir='ltr'><strong>est,</strong></span> <span class='ocrx_word' id='word_1_241' title='bbox 2305 1850 2427 1919; x_wconf 89' lang='lat' dir='ltr'><strong>quia</strong></span> <span class='ocrx_word' id='word_1_242' title='bbox 2470 1870 2574 1907; x_wconf 83' lang='lat' dir='ltr'><strong>non</strong></span> <span class='ocrx_word' id='word_1_243' title='bbox 2625 1856 2705 1910; x_wconf 75' lang='lat' dir='ltr'><strong>sic</strong></span> <span class='ocrx_word' id='word_1_244' title='bbox 2745 1856 3105 1929; x_wconf 78' lang='lat' dir='ltr'><strong>alﬂigebatur,</strong></span> <span class='ocrx_word' id='word_1_245' title='bbox 3140 1876 3197 1917; x_wconf 92' lang='lat' dir='ltr'><strong>ut</strong></span> <span class='ocrx_word' id='word_1_246' title='bbox 3235 1878 3456 1935; x_wconf 76' lang='lat' dir='ltr'><strong>surgere</strong></span> 
     </span>
    </p>
   </div>
   <div class='ocr_carea' id='block_1_33' title="bbox 189 1938 3450 2029">
    <p class='ocr_par' dir='ltr' id='par_1_33' title="bbox 189 1938 3450 2029">
     <span class='ocr_line' id='line_1_33' title="bbox 189 1938 3450 2029; baseline 0.006 -34"><span class='ocrx_word' id='word_1_247' title='bbox 189 1938 298 1995; x_wconf 79' lang='lat' dir='ltr'><strong>litec</strong></span> <span class='ocrx_word' id='word_1_248' title='bbox 323 1941 457 2012; x_wconf 76' lang='lat' dir='ltr'><strong>{acta</strong></span> <span class='ocrx_word' id='word_1_249' title='bbox 483 1951 557 1996; x_wconf 87' lang='lat' dir='ltr'><strong>est</strong></span> <span class='ocrx_word' id='word_1_250' title='bbox 585 1940 751 1995; x_wconf 75' lang='lat' dir='ltr'><strong>mihi!</strong></span> <span class='ocrx_word' id='word_1_251' title='bbox 780 1940 895 1995; x_wconf 82' lang='lat' dir='ltr'><strong>Non</strong></span> <span class='ocrx_word' id='word_1_252' title='bbox 933 1942 1079 1995; x_wconf 84' lang='lat' dir='ltr'><strong>enim</strong></span> <span class='ocrx_word' id='word_1_253' title='bbox 1120 1941 1227 1996; x_wconf 77' lang='lat' dir='ltr'><strong>Lex</strong></span> <span class='ocrx_word' id='word_1_254' title='bbox 1270 1942 1617 2013; x_wconf 75' lang='lat' dir='ltr'><strong>intelligenda</strong></span> <span class='ocrx_word' id='word_1_255' title='bbox 1648 1952 1750 2011; x_wconf 69' lang='lat' dir='ltr'><strong>est,</strong></span> <span class='ocrx_word' id='word_1_256' title='bbox 1784 1938 1831 1998; x_wconf 89' lang='grc' dir='ltr'><strong>Β</strong></span> <span class='ocrx_word' id='word_1_257' title='bbox 1862 1955 1968 1994; x_wconf 89' lang='lat' dir='ltr'><strong>non</strong></span> <span class='ocrx_word' id='word_1_258' title='bbox 2002 1944 2229 1997; x_wconf 76' lang='lat' dir='ltr'><strong>valeret.</strong></span> <span class='ocrx_word' id='word_1_259' title='bbox 2270 1945 2536 2016; x_wconf 74' lang='lat' dir='ltr'><strong>Surgebat</strong></span> <span class='ocrx_word' id='word_1_260' title='bbox 2572 1959 2776 2013; x_wconf 84' lang='lat' dir='ltr'><strong>autem.</strong></span> <span class='ocrx_word' id='word_1_261' title='bbox 2829 1964 2886 2007; x_wconf 89' lang='grc' dir='ltr'><strong>ιιι</strong></span> <span class='ocrx_word' id='word_1_262' title='bbox 2929 1958 3281 2015; x_wconf 85' lang='lat' dir='ltr'><strong>conlitetetur</strong></span> <span class='ocrx_word' id='word_1_263' title='bbox 3322 1963 3450 2029; x_wconf 84' lang='lat' dir='ltr'><strong>Deo,</strong></span> 
     </span>
    </p>
   </div>
   <div class='ocr_carea' id='block_1_34' title="bbox 188 2032 1752 2104">
    <p class='ocr_par' dir='ltr' id='par_1_34' title="bbox 188 2032 1752 2104">
     <span class='ocr_line' id='line_1_34' title="bbox 188 2032 1752 2104; baseline 0.004 -21"><span class='ocrx_word' id='word_1_264' title='bbox 188 2048 323 2101; x_wconf 79' lang='lat' dir='ltr'><strong>qualn</strong></span> <span class='ocrx_word' id='word_1_265' title='bbox 354 2032 653 2088; x_wconf 76' lang='lat' dir='ltr'><strong>masculino</strong></span> <span class='ocrx_word' id='word_1_266' title='bbox 685 2048 883 2104; x_wconf 76' lang='lat' dir='ltr'><strong>genere</strong></span> <span class='ocrx_word' id='word_1_267' title='bbox 914 2032 1133 2087; x_wconf 67' lang='lat' dir='ltr'><strong>Ora-cus</strong></span> <span class='ocrx_word' id='word_1_268' title='bbox 1174 2034 1442 2101; x_wconf 84' lang='lat' dir='ltr'><strong>enuntiat,</strong></span> <span class='ocrx_word' id='word_1_269' title='bbox 1476 2049 1598 2088; x_wconf 90' lang='lat' dir='ltr'><strong>cum</strong></span> <span class='ocrx_word' id='word_1_270' title='bbox 1632 2051 1752 2089; x_wconf 87' lang='lat' dir='ltr'><strong>me-</strong></span> 
     </span>
    </p>
   </div>
   <div class='ocr_carea' id='block_1_35' title="bbox 188 2127 1752 2197">
    <p class='ocr_par' dir='ltr' id='par_1_35' title="bbox 188 2127 1752 2197">
     <span class='ocr_line' id='line_1_35' title="bbox 188 2127 1752 2197; baseline 0.002 -17"><span class='ocrx_word' id='word_1_271' title='bbox 188 2128 276 2183; x_wconf 84' lang='lat' dir='ltr'><strong>lius</strong></span> <span class='ocrx_word' id='word_1_272' title='bbox 306 2129 595 2195; x_wconf 70' lang='lat' dir='ltr'><strong>accipiatur</strong></span> <span class='ocrx_word' id='word_1_273' title='bbox 625 2129 696 2181; x_wconf 90' lang='lat' dir='ltr'><strong>de</strong></span> <span class='ocrx_word' id='word_1_274' title='bbox 723 2140 901 2191; x_wconf 87' lang='lat' dir='ltr'><strong>nocte.</strong></span> <span class='ocrx_word' id='word_1_275' title='bbox 935 2129 1058 2197; x_wconf 79' lang='lat' dir='ltr'><strong>quin</strong></span> <span class='ocrx_word' id='word_1_276' title='bbox 1093 2129 1344 2197; x_wconf 83' lang='lat' dir='ltr'><strong>supetius</strong></span> <span class='ocrx_word' id='word_1_277' title='bbox 1368 2128 1599 2191; x_wconf 80' lang='lat' dir='ltr'><strong>dixerat,</strong></span> <span class='ocrx_word' id='word_1_278' title='bbox 1637 2127 1752 2183; x_wconf 80' lang='lat' dir='ltr'><strong>Me-</strong></span> 
     </span>
    </p>
   </div>
   <div class='ocr_carea' id='block_1_36' title="bbox 187 2218 1749 2291">
    <p class='ocr_par' dir='ltr' id='par_1_36' title="bbox 187 2218 1749 2291">
     <span class='ocr_line' id='line_1_36' title="bbox 187 2218 1749 2291; baseline 0.001 -19"><span class='ocrx_word' id='word_1_279' title='bbox 187 2236 282 2275; x_wconf 84' lang='lat' dir='ltr'><strong>ntor</strong></span> <span class='ocrx_word' id='word_1_280' title='bbox 302 2221 374 2291; x_wconf 80' lang='lat' dir='ltr'><strong>fui</strong></span> <span class='ocrx_word' id='word_1_281' title='bbox 397 2230 543 2275; x_wconf 86' lang='lat' dir='ltr'><strong>nocte</strong></span> <span class='ocrx_word' id='word_1_282' title='bbox 568 2222 789 2274; x_wconf 82' lang='lat' dir='ltr'><strong>nominis</strong></span> <span class='ocrx_word' id='word_1_283' title='bbox 820 2232 892 2273; x_wconf 87' lang='lat' dir='ltr'><strong>tut</strong></span> <span class='ocrx_word' id='word_1_284' title='bbox 912 2273 926 2286; x_wconf 67' lang='grc'><strong><em>,</em></strong></span> <span class='ocrx_word' id='word_1_285' title='bbox 960 2236 1082 2287; x_wconf 67' lang='grc' dir='ltr'><strong>(μιν</strong></span> <span class='ocrx_word' id='word_1_286' title='bbox 1114 2224 1252 2290; x_wconf 76' lang='lat' dir='ltr'><strong>facta</strong></span> <span class='ocrx_word' id='word_1_287' title='bbox 1280 2230 1351 2273; x_wconf 89' lang='lat' dir='ltr'><strong>est</strong></span> <span class='ocrx_word' id='word_1_288' title='bbox 1384 2218 1531 2288; x_wconf 78' lang='lat' dir='ltr'><strong>mihi,</strong></span> <span class='ocrx_word' id='word_1_289' title='bbox 1560 2220 1613 2275; x_wconf 89' lang='lat' dir='ltr'><strong>id</strong></span> <span class='ocrx_word' id='word_1_290' title='bbox 1644 2231 1749 2290; x_wconf 55' lang='lat' dir='ltr'><strong>est,</strong></span> 
     </span>
    </p>
   </div>
   <div class='ocr_carea' id='block_1_37' title="bbox 187 2313 1751 2382">
    <p class='ocr_par' dir='ltr' id='par_1_37' title="bbox 187 2313 1751 2382">
     <span class='ocr_line' id='line_1_37' title="bbox 187 2313 1751 2382; baseline 0 -13"><span class='ocrx_word' id='word_1_291' title='bbox 187 2324 237 2369; x_wconf 88' lang='lat' dir='ltr'><strong>ut</strong></span> <span class='ocrx_word' id='word_1_292' title='bbox 271 2316 533 2382; x_wconf 61' lang='lat' dir='ltr'><strong>prodi-sset</strong></span> <span class='ocrx_word' id='word_1_293' title='bbox 566 2315 719 2367; x_wconf 87' lang='lat' dir='ltr'><strong>mihi.</strong></span> <span class='ocrx_word' id='word_1_294' title='bbox 756 2313 803 2381; x_wconf 87' lang='lat' dir='ltr'><strong>Q</strong></span> <span class='ocrx_word' id='word_1_295' title='bbox 826 2316 1021 2366; x_wconf 85' lang='lat' dir='ltr'><strong>mniam</strong></span> <span class='ocrx_word' id='word_1_296' title='bbox 1057 2316 1172 2366; x_wconf 79' lang='lat' dir='ltr'><strong>Iut-c</strong></span> <span class='ocrx_word' id='word_1_297' title='bbox 1210 2313 1323 2380; x_wconf 88' lang='lat' dir='ltr'><strong>ipsa</strong></span> <span class='ocrx_word' id='word_1_298' title='bbox 1365 2313 1662 2377; x_wconf 80' lang='lat' dir='ltr'><strong>humilitas,</strong></span> <span class='ocrx_word' id='word_1_299' title='bbox 1699 2314 1751 2369; x_wconf 88' lang='lat' dir='ltr'><strong>itt</strong></span> 
     </span>
    </p>
   </div>
   <div class='ocr_carea' id='block_1_38' title="bbox 141 2407 1754 2479">
    <p class='ocr_par' dir='ltr' id='par_1_38' title="bbox 141 2407 1754 2479">
     <span class='ocr_line' id='line_1_38' title="bbox 141 2407 1754 2479; baseline 0.001 -18"><span class='ocrx_word' id='word_1_300' title='bbox 141 2458 158 2477; x_wconf 72' lang='grc'><em>,</em></span> <span class='ocrx_word' id='word_1_301' title='bbox 187 2407 293 2461; x_wconf 71' lang='lat' dir='ltr'><strong>locat</strong></span> <span class='ocrx_word' id='word_1_302' title='bbox 322 2410 767 2479; x_wconf 73' lang='lat' dir='ltr'><strong>peregrinationis</strong></span> <span class='ocrx_word' id='word_1_303' title='bbox 805 2407 982 2476; x_wconf 81' lang='lat' dir='ltr'><strong>hujus,</strong></span> <span class='ocrx_word' id='word_1_304' title='bbox 1022 2423 1140 2477; x_wconf 70' lang='lat' dir='ltr'><strong>qum</strong></span> <span class='ocrx_word' id='word_1_305' title='bbox 1173 2407 1365 2461; x_wconf 82' lang='lat' dir='ltr'><strong>merito</strong></span> <span class='ocrx_word' id='word_1_306' title='bbox 1406 2423 1510 2463; x_wconf 70' lang='lat' dir='ltr'><strong>nux</strong></span> <span class='ocrx_word' id='word_1_307' title='bbox 1553 2408 1754 2463; x_wconf 53' lang='lat' dir='ltr'><strong>inti-lli-</strong></span> 
     </span>
    </p>
   </div>
   <div class='ocr_carea' id='block_1_39' title="bbox 186 2499 1751 2569">
    <p class='ocr_par' dir='ltr' id='par_1_39' title="bbox 186 2499 1751 2569">
     <span class='ocr_line' id='line_1_39' title="bbox 186 2499 1751 2569; baseline 0.001 -15"><span class='ocrx_word' id='word_1_308' title='bbox 186 2499 335 2568; x_wconf 74' lang='lat' dir='ltr'><strong>gitur,</strong></span> <span class='ocrx_word' id='word_1_309' title='bbox 363 2502 576 2569; x_wconf 79' lang='lat' dir='ltr'><strong>prodest</strong></span> <span class='ocrx_word' id='word_1_310' title='bbox 599 2500 682 2555; x_wconf 85' lang='lat' dir='ltr'><strong>eis</strong></span> <span class='ocrx_word' id='word_1_311' title='bbox 706 2502 795 2568; x_wconf 89' lang='lat' dir='ltr'><strong>qui</strong></span> <span class='ocrx_word' id='word_1_312' title='bbox 829 2500 1119 2555; x_wconf 80' lang='lat' dir='ltr'><strong>salubriter</strong></span> <span class='ocrx_word' id='word_1_313' title='bbox 1138 2512 1464 2555; x_wconf 71' lang='lat' dir='ltr'><strong>est-rectum</strong></span> <span class='ocrx_word' id='word_1_314' title='bbox 1494 2500 1547 2555; x_wconf 89' lang='lat' dir='ltr'><strong>in</strong></span> <span class='ocrx_word' id='word_1_315' title='bbox 1578 2515 1662 2562; x_wconf 84' lang='lat' dir='ltr'><strong>ea,</strong></span> <span class='ocrx_word' id='word_1_316' title='bbox 1692 2510 1751 2556; x_wconf 91' lang='lat' dir='ltr'><strong>ut</strong></span> 
     </span>
    </p>
   </div>
   <div class='ocr_carea' id='block_1_40' title="bbox 186 2593 1748 2664">
    <p class='ocr_par' dir='ltr' id='par_1_40' title="bbox 186 2593 1748 2664">
     <span class='ocr_line' id='line_1_40' title="bbox 186 2593 1748 2664; baseline 0.001 -17"><span class='ocrx_word' id='word_1_317' title='bbox 186 2593 379 2649; x_wconf 78' lang='lat' dir='ltr'><strong>discant</strong></span> <span class='ocrx_word' id='word_1_318' title='bbox 407 2611 504 2646; x_wconf 83' lang='lat' dir='ltr'><strong>uno</strong></span> <span class='ocrx_word' id='word_1_319' title='bbox 532 2596 835 2657; x_wconf 84' lang='lat' dir='ltr'><strong>superbire.</strong></span> <span class='ocrx_word' id='word_1_320' title='bbox 865 2604 1085 2664; x_wconf 83' lang='lat' dir='ltr'><strong>prepter</strong></span> <span class='ocrx_word' id='word_1_321' title='bbox 1111 2593 1253 2664; x_wconf 88' lang='lat' dir='ltr'><strong>quod</strong></span> <span class='ocrx_word' id='word_1_322' title='bbox 1286 2593 1485 2648; x_wconf 81' lang='lat' dir='ltr'><strong>malum</strong></span> <span class='ocrx_word' id='word_1_323' title='bbox 1512 2595 1564 2649; x_wconf 89' lang='lat' dir='ltr'><strong>itt</strong></span> <span class='ocrx_word' id='word_1_324' title='bbox 1591 2595 1748 2649; x_wconf 76' lang='lat' dir='ltr'><strong>iStam</strong></span> 
     </span>
    </p>
   </div>
   <div class='ocr_carea' id='block_1_41' title="bbox 187 2686 922 2756">
    <p class='ocr_par' dir='ltr' id='par_1_41' title="bbox 187 2686 922 2756">
     <span class='ocr_line' id='line_1_41' title="bbox 187 2686 922 2756; baseline 0.001 -18"><span class='ocrx_word' id='word_1_325' title='bbox 187 2694 392 2740; x_wconf 87' lang='lat' dir='ltr'><strong>noctem</strong></span> <span class='ocrx_word' id='word_1_326' title='bbox 422 2686 601 2756; x_wconf 77' lang='lat' dir='ltr'><strong>pulsus</strong></span> <span class='ocrx_word' id='word_1_327' title='bbox 629 2694 709 2741; x_wconf 89' lang='lat' dir='ltr'><strong>est</strong></span> <span class='ocrx_word' id='word_1_328' title='bbox 738 2686 922 2740; x_wconf 89' lang='lat' dir='ltr'><strong>homo.</strong></span> 
     </span>
    </p>
   </div>
   <div class='ocr_carea' id='block_1_42' title="bbox 866 2826 1031 2867">
    <p class='ocr_par' dir='ltr' id='par_1_42' title="bbox 866 2826 1031 2867">
     <span class='ocr_line' id='line_1_42' title="bbox 866 2826 1031 2867; baseline 0.006 -1"><span class='ocrx_word' id='word_1_329' title='bbox 866 2826 1031 2867; x_wconf 73' lang='grc' dir='ltr'><strong>ΠΕἸΠ.</strong></span> 
     </span>
    </p>
   </div>
   <div class='ocr_carea' id='block_1_43' title="bbox 254 2946 1749 3022">
    <p class='ocr_par' dir='ltr' id='par_1_43' title="bbox 254 2946 1749 3022">
     <span class='ocr_line' id='line_1_43' title="bbox 254 2946 1749 3022; baseline 0.007 -23"><span class='ocrx_word' id='word_1_330' title='bbox 254 2946 420 3022; x_wconf 77' lang='lat' dir='ltr'><strong>(t&#39;ers.</strong></span> <span class='ocrx_word' id='word_1_331' title='bbox 454 2949 568 3017; x_wconf 84' lang='lat'><strong>57.)</strong></span> <span class='ocrx_word' id='word_1_332' title='bbox 613 2949 783 3004; x_wconf 79' lang='lat' dir='ltr'><strong>Portio</strong></span> <span class='ocrx_word' id='word_1_333' title='bbox 835 2967 969 3019; x_wconf 86' lang='lat' dir='ltr'><strong>utea,</strong></span> <span class='ocrx_word' id='word_1_334' title='bbox 1016 2950 1264 3014; x_wconf 82' lang='lat' dir='ltr'><strong>Domine,</strong></span> <span class='ocrx_word' id='word_1_335' title='bbox 1306 2950 1446 3018; x_wconf 59' lang='lat' dir='ltr'><strong>diri,</strong></span> <span class='ocrx_word' id='word_1_336' title='bbox 1490 2952 1749 3009; x_wconf 85' lang='lat' dir='ltr'><strong>custodire</strong></span> 
     </span>
    </p>
   </div>
   <div class='ocr_carea' id='block_1_44' title="bbox 180 3040 1746 3115">
    <p class='ocr_par' dir='ltr' id='par_1_44' title="bbox 180 3040 1746 3115">
     <span class='ocr_line' id='line_1_44' title="bbox 180 3040 1746 3115; baseline 0.004 -21"><span class='ocrx_word' id='word_1_337' title='bbox 180 3041 327 3113; x_wconf 81' lang='lat' dir='ltr'><strong>legem</strong></span> <span class='ocrx_word' id='word_1_338' title='bbox 355 3055 507 3096; x_wconf 87' lang='lat' dir='ltr'><strong>tuam.</strong></span> <span class='ocrx_word' id='word_1_339' title='bbox 540 3040 567 3080; x_wconf 72' lang='grc' dir='ltr'>δ</span> <span class='ocrx_word' id='word_1_340' title='bbox 596 3044 705 3098; x_wconf 61' lang='lat' dir='ltr'><strong>Nisi</strong></span> <span class='ocrx_word' id='word_1_341' title='bbox 736 3044 856 3110; x_wconf 86' lang='lat' dir='ltr'><strong>quia</strong></span> <span class='ocrx_word' id='word_1_342' title='bbox 897 3045 964 3097; x_wconf 83' lang='lat' dir='ltr'><strong>ita</strong></span> <span class='ocrx_word' id='word_1_343' title='bbox 1006 3044 1109 3098; x_wconf 86' lang='lat' dir='ltr'><strong>erit</strong></span> <span class='ocrx_word' id='word_1_344' title='bbox 1139 3046 1315 3113; x_wconf 90' lang='lat' dir='ltr'><strong>portio</strong></span> <span class='ocrx_word' id='word_1_345' title='bbox 1343 3046 1606 3115; x_wconf 71' lang='lat' dir='ltr'><strong>citiusque</strong></span> <span class='ocrx_word' id='word_1_346' title='bbox 1635 3045 1746 3101; x_wconf 82' lang='lat' dir='ltr'><strong>Do-</strong></span> 
     </span>
    </p>
   </div>
   <div class='ocr_carea' id='block_1_45' title="bbox 178 3135 1747 3208">
    <p class='ocr_par' dir='ltr' id='par_1_45' title="bbox 178 3135 1747 3208">
     <span class='ocr_line' id='line_1_45' title="bbox 178 3135 1747 3208; baseline 0.006 -23"><span class='ocrx_word' id='word_1_347' title='bbox 178 3135 370 3200; x_wconf 80' lang='lat' dir='ltr'><strong>minus,</strong></span> <span class='ocrx_word' id='word_1_348' title='bbox 400 3151 516 3191; x_wconf 89' lang='lat' dir='ltr'><strong>cunt</strong></span> <span class='ocrx_word' id='word_1_349' title='bbox 559 3135 729 3206; x_wconf 65' lang='lat' dir='ltr'><strong>legent</strong></span> <span class='ocrx_word' id='word_1_350' title='bbox 766 3137 934 3205; x_wconf 79' lang='lat' dir='ltr'><strong>ipius</strong></span> <span class='ocrx_word' id='word_1_351' title='bbox 972 3136 1310 3192; x_wconf 82' lang='lat' dir='ltr'><strong>custodierit.</strong></span> <span class='ocrx_word' id='word_1_352' title='bbox 1343 3138 1448 3193; x_wconf 71' lang='lat' dir='ltr'><strong>Sed</strong></span> <span class='ocrx_word' id='word_1_353' title='bbox 1488 3138 1612 3208; x_wconf 84' lang='lat' dir='ltr'><strong>quia</strong></span> <span class='ocrx_word' id='word_1_354' title='bbox 1646 3140 1747 3194; x_wconf 74' lang='lat' dir='ltr'><strong>hoc</strong></span> 
     </span>
    </p>
   </div>
   <div class='ocr_carea' id='block_1_46' title="bbox 176 3229 1742 3301">
    <p class='ocr_par' dir='ltr' id='par_1_46' title="bbox 176 3229 1742 3301">
     <span class='ocr_line' id='line_1_46' title="bbox 176 3229 1742 3301; baseline 0.006 -21"><span class='ocrx_word' id='word_1_355' title='bbox 176 3242 270 3283; x_wconf 90' lang='lat' dir='ltr'><strong>non</strong></span> <span class='ocrx_word' id='word_1_356' title='bbox 311 3229 367 3282; x_wconf 81' lang='lat' dir='ltr'><strong>ﬁt</strong></span> <span class='ocrx_word' id='word_1_357' title='bbox 406 3232 520 3285; x_wconf 84' lang='lat' dir='ltr'><strong>sine</strong></span> <span class='ocrx_word' id='word_1_358' title='bbox 563 3230 834 3300; x_wconf 81' lang='lat' dir='ltr'><strong>adjutorio</strong></span> <span class='ocrx_word' id='word_1_359' title='bbox 882 3230 997 3296; x_wconf 91' lang='lat' dir='ltr'><strong>Dei,</strong></span> <span class='ocrx_word' id='word_1_360' title='bbox 1028 3230 1156 3301; x_wconf 88' lang='lat' dir='ltr'><strong>quid</strong></span> <span class='ocrx_word' id='word_1_361' title='bbox 1198 3231 1473 3301; x_wconf 74' lang='lat' dir='ltr'><strong>praecipiat</strong></span> <span class='ocrx_word' id='word_1_362' title='bbox 1509 3232 1742 3289; x_wconf 82' lang='lat' dir='ltr'><strong>obtineri</strong></span> 
     </span>
    </p>
   </div>
   <div class='ocr_carea' id='block_1_47' title="bbox 174 3310 1127 3395">
    <p class='ocr_par' dir='ltr' id='par_1_47' title="bbox 174 3310 1127 3395">
     <span class='ocr_line' id='line_1_47' title="bbox 174 3310 1127 3395; baseline 0.002 -18"><span class='ocrx_word' id='word_1_363' title='bbox 174 3324 408 3386; x_wconf 74' lang='lat' dir='ltr'><strong>ostendit,</strong></span> <span class='ocrx_word' id='word_1_364' title='bbox 438 3324 736 3395; x_wconf 79' lang='lat' dir='ltr'><strong>adjungeus</strong></span> <span class='ocrx_word' id='word_1_365' title='bbox 766 3340 782 3378; x_wconf 82' lang='lat'><strong>:</strong></span> <span class='ocrx_word' id='word_1_366' title='bbox 1124 3310 1127 3311; x_wconf 14' lang='grc' dir='ltr'><em>ν</em></span> 
     </span>
    </p>
   </div>
   <div class='ocr_carea' id='block_1_48' title="bbox 234 3416 1741 3488">
    <p class='ocr_par' dir='ltr' id='par_1_48' title="bbox 234 3416 1741 3488">
     <span class='ocr_line' id='line_1_48' title="bbox 234 3416 1741 3488; baseline 0.005 -21"><span class='ocrx_word' id='word_1_367' title='bbox 234 3416 401 3483; x_wconf 75' lang='lat' dir='ltr'><strong>(Vers.</strong></span> <span class='ocrx_word' id='word_1_368' title='bbox 436 3418 552 3485; x_wconf 83' lang='lat'><strong>58.)</strong></span> <span class='ocrx_word' id='word_1_369' title='bbox 584 3416 830 3470; x_wconf 85' lang='lat' dir='ltr'><strong>Precatus</strong></span> <span class='ocrx_word' id='word_1_370' title='bbox 851 3433 963 3471; x_wconf 87' lang='lat' dir='ltr'><strong>sum</strong></span> <span class='ocrx_word' id='word_1_371' title='bbox 994 3417 1176 3488; x_wconf 75' lang='lat' dir='ltr'><strong>[aciem</strong></span> <span class='ocrx_word' id='word_1_372' title='bbox 1204 3426 1341 3471; x_wconf 89' lang='lat' dir='ltr'><strong>tuam</strong></span> <span class='ocrx_word' id='word_1_373' title='bbox 1367 3418 1421 3472; x_wconf 89' lang='lat' dir='ltr'><strong>in</strong></span> <span class='ocrx_word' id='word_1_374' title='bbox 1451 3426 1558 3472; x_wconf 87' lang='lat' dir='ltr'><strong>toto</strong></span> <span class='ocrx_word' id='word_1_375' title='bbox 1588 3421 1741 3475; x_wconf 80' lang='lat' dir='ltr'><strong>corde</strong></span> 
     </span>
    </p>
   </div>
   <div class='ocr_carea' id='block_1_49' title="bbox 172 3511 1737 3581">
    <p class='ocr_par' dir='ltr' id='par_1_49' title="bbox 172 3511 1737 3581">
     <span class='ocr_line' id='line_1_49' title="bbox 172 3511 1737 3581; baseline 0.005 -21"><span class='ocrx_word' id='word_1_376' title='bbox 172 3525 286 3572; x_wconf 75' lang='lat' dir='ltr'><strong>meo,</strong></span> <span class='ocrx_word' id='word_1_377' title='bbox 332 3512 570 3563; x_wconf 81' lang='lat' dir='ltr'><strong>miserere</strong></span> <span class='ocrx_word' id='word_1_378' title='bbox 612 3511 711 3563; x_wconf 88' lang='lat' dir='ltr'><strong>mei</strong></span> <span class='ocrx_word' id='word_1_379' title='bbox 762 3511 1035 3564; x_wconf 84' lang='lat' dir='ltr'><strong>secundum</strong></span> <span class='ocrx_word' id='word_1_380' title='bbox 1077 3511 1336 3579; x_wconf 84' lang='lat' dir='ltr'><strong>eloquium</strong></span> <span class='ocrx_word' id='word_1_381' title='bbox 1381 3522 1545 3567; x_wconf 84' lang='lat' dir='ltr'><strong>tuum.</strong></span> <span class='ocrx_word' id='word_1_382' title='bbox 1598 3512 1737 3581; x_wconf 86' lang='lat' dir='ltr'><strong>Quid</strong></span> 
     </span>
    </p>
   </div>
   <div class='ocr_carea' id='block_1_50' title="bbox 169 3605 1735 3678">
    <p class='ocr_par' dir='ltr' id='par_1_50' title="bbox 169 3605 1735 3678">
     <span class='ocr_line' id='line_1_50' title="bbox 169 3605 1735 3678; baseline 0.004 -20"><span class='ocrx_word' id='word_1_383' title='bbox 169 3615 322 3658; x_wconf 79' lang='lat' dir='ltr'><strong>antem</strong></span> <span class='ocrx_word' id='word_1_384' title='bbox 366 3606 469 3659; x_wconf 53' lang='lat' dir='ltr'><strong>hic</strong></span> <span class='ocrx_word' id='word_1_385' title='bbox 514 3620 675 3674; x_wconf 83' lang='lat' dir='ltr'><strong>prece</strong></span> <span class='ocrx_word' id='word_1_386' title='bbox 714 3605 1034 3669; x_wconf 87' lang='lat' dir='ltr'><strong>obtinuerit,</strong></span> <span class='ocrx_word' id='word_1_387' title='bbox 1072 3617 1125 3660; x_wconf 88' lang='lat' dir='ltr'><strong>et</strong></span> <span class='ocrx_word' id='word_1_388' title='bbox 1157 3606 1209 3660; x_wconf 93' lang='lat' dir='ltr'><strong>in</strong></span> <span class='ocrx_word' id='word_1_389' title='bbox 1240 3622 1401 3675; x_wconf 90' lang='lat' dir='ltr'><strong>quem</strong></span> <span class='ocrx_word' id='word_1_390' title='bbox 1435 3607 1735 3678; x_wconf 76' lang='lat' dir='ltr'><strong>prolecnutn</strong></span> 
     </span>
    </p>
   </div>
   <div class='ocr_carea' id='block_1_51' title="bbox 168 3698 1446 3766">
    <p class='ocr_par' dir='ltr' id='par_1_51' title="bbox 168 3698 1446 3766">
     <span class='ocr_line' id='line_1_51' title="bbox 168 3698 1446 3766; baseline 0.002 -16"><span class='ocrx_word' id='word_1_391' title='bbox 168 3698 474 3764; x_wconf 73' lang='lat' dir='ltr'><strong>pervenerit,</strong></span> <span class='ocrx_word' id='word_1_392' title='bbox 502 3709 904 3766; x_wconf 86' lang='lat' dir='ltr'><strong>consequenter</strong></span> <span class='ocrx_word' id='word_1_393' title='bbox 935 3698 1192 3766; x_wconf 88' lang='lat' dir='ltr'><strong>ostendit,</strong></span> <span class='ocrx_word' id='word_1_394' title='bbox 1220 3698 1406 3754; x_wconf 88' lang='lat' dir='ltr'><strong>dicens</strong></span> <span class='ocrx_word' id='word_1_395' title='bbox 1433 3716 1446 3752; x_wconf 91' lang='lat'><strong>:</strong></span> 
     </span>
    </p>
   </div>
   <div class='ocr_carea' id='block_1_52' title="bbox 224 3790 1735 3866">
    <p class='ocr_par' dir='ltr' id='par_1_52' title="bbox 224 3790 1735 3866">
     <span class='ocr_line' id='line_1_52' title="bbox 224 3790 1735 3866; baseline 0.005 -21"><span class='ocrx_word' id='word_1_396' title='bbox 224 3790 387 3860; x_wconf 81' lang='lat' dir='ltr'><strong>(Vers.</strong></span> <span class='ocrx_word' id='word_1_397' title='bbox 419 3793 542 3862; x_wconf 77' lang='lat'><strong>59.)</strong></span> <span class='ocrx_word' id='word_1_398' title='bbox 576 3793 810 3866; x_wconf 87' lang='lat' dir='ltr'><strong>Cagitavi</strong></span> <span class='ocrx_word' id='word_1_399' title='bbox 836 3795 942 3848; x_wconf 82' lang='lat' dir='ltr'><strong>vias</strong></span> <span class='ocrx_word' id='word_1_400' title='bbox 972 3812 1130 3859; x_wconf 87' lang='lat' dir='ltr'><strong>meas,</strong></span> <span class='ocrx_word' id='word_1_401' title='bbox 1155 3804 1204 3849; x_wconf 87' lang='lat' dir='ltr'><strong>et</strong></span> <span class='ocrx_word' id='word_1_402' title='bbox 1233 3798 1390 3849; x_wconf 81' lang='lat' dir='ltr'><strong>averti</strong></span> <span class='ocrx_word' id='word_1_403' title='bbox 1418 3796 1572 3863; x_wconf 87' lang='lat' dir='ltr'><strong>pedes</strong></span> <span class='ocrx_word' id='word_1_404' title='bbox 1598 3813 1735 3853; x_wconf 81' lang='lat' dir='ltr'><strong>meos</strong></span> 
     </span>
    </p>
   </div>
   <div class='ocr_carea' id='block_1_53' title="bbox 161 3884 1734 3955">
    <p class='ocr_par' dir='ltr' id='par_1_53' title="bbox 161 3884 1734 3955">
     <span class='ocr_line' id='line_1_53' title="bbox 161 3884 1734 3955; baseline 0.006 -20"><span class='ocrx_word' id='word_1_405' title='bbox 161 3884 206 3935; x_wconf 81' lang='lat' dir='ltr'><strong>in</strong></span> <span class='ocrx_word' id='word_1_406' title='bbox 238 3887 521 3940; x_wconf 80' lang='lat' dir='ltr'><strong>testimonia</strong></span> <span class='ocrx_word' id='word_1_407' title='bbox 559 3896 665 3940; x_wconf 85' lang='lat' dir='ltr'><strong>tua.</strong></span> <span class='ocrx_word' id='word_1_408' title='bbox 708 3886 900 3951; x_wconf 80' lang='lat' dir='ltr'><strong>Averti,</strong></span> <span class='ocrx_word' id='word_1_409' title='bbox 943 3885 1143 3955; x_wconf 87' lang='lat' dir='ltr'><strong>inquit,</strong></span> <span class='ocrx_word' id='word_1_410' title='bbox 1184 3888 1337 3955; x_wconf 88' lang='lat' dir='ltr'><strong>pedes</strong></span> <span class='ocrx_word' id='word_1_411' title='bbox 1377 3904 1514 3942; x_wconf 81' lang='lat' dir='ltr'><strong>meos</strong></span> <span class='ocrx_word' id='word_1_412' title='bbox 1554 3904 1582 3941; x_wconf 87' lang='lat' dir='ltr'><strong>a</strong></span> <span class='ocrx_word' id='word_1_413' title='bbox 1633 3889 1734 3945; x_wconf 73' lang='lat' dir='ltr'><strong>viis</strong></span> 
     </span>
    </p>
   </div>
   <div class='ocr_carea' id='block_1_54' title="bbox 163 3981 1727 4053">
    <p class='ocr_par' dir='ltr' id='par_1_54' title="bbox 163 3981 1727 4053">
     <span class='ocr_line' id='line_1_54' title="bbox 163 3981 1727 4053; baseline 0.003 -20"><span class='ocrx_word' id='word_1_414' title='bbox 163 3994 261 4047; x_wconf 73' lang='lat' dir='ltr'><strong>qurc</strong></span> <span class='ocrx_word' id='word_1_415' title='bbox 299 3982 428 4037; x_wconf 83' lang='lat' dir='ltr'><strong>mihi</strong></span> <span class='ocrx_word' id='word_1_416' title='bbox 475 3981 888 4049; x_wconf 85' lang='lat' dir='ltr'><strong>displicuerunt,</strong></span> <span class='ocrx_word' id='word_1_417' title='bbox 924 3992 980 4036; x_wconf 93' lang='lat' dir='ltr'><strong>ut</strong></span> <span class='ocrx_word' id='word_1_418' title='bbox 1025 3982 1163 4036; x_wconf 86' lang='lat' dir='ltr'><strong>irent</strong></span> <span class='ocrx_word' id='word_1_419' title='bbox 1203 3982 1256 4037; x_wconf 89' lang='lat' dir='ltr'><strong>in</strong></span> <span class='ocrx_word' id='word_1_420' title='bbox 1300 3984 1591 4038; x_wconf 85' lang='lat' dir='ltr'><strong>testimonia</strong></span> <span class='ocrx_word' id='word_1_421' title='bbox 1620 3994 1727 4053; x_wconf 86' lang='lat' dir='ltr'><strong>tua,</strong></span> 
     </span>
    </p>
   </div>
   <div class='ocr_carea' id='block_1_55' title="bbox 161 4076 1728 4149">
    <p class='ocr_par' dir='ltr' id='par_1_55' title="bbox 161 4076 1728 4149">
     <span class='ocr_line' id='line_1_55' title="bbox 161 4076 1728 4149; baseline 0.005 -21"><span class='ocrx_word' id='word_1_422' title='bbox 161 4084 300 4146; x_wconf 83' lang='lat' dir='ltr'><strong>atque</strong></span> <span class='ocrx_word' id='word_1_423' title='bbox 336 4077 406 4132; x_wconf 91' lang='lat' dir='ltr'><strong>ibi</strong></span> <span class='ocrx_word' id='word_1_424' title='bbox 459 4077 719 4131; x_wconf 82' lang='lat' dir='ltr'><strong>haberent</strong></span> <span class='ocrx_word' id='word_1_425' title='bbox 760 4078 921 4130; x_wconf 82' lang='lat' dir='ltr'><strong>viam.</strong></span> <span class='ocrx_word' id='word_1_426' title='bbox 964 4076 1115 4144; x_wconf 86' lang='lat' dir='ltr'><strong>Quod</strong></span> <span class='ocrx_word' id='word_1_427' title='bbox 1154 4088 1333 4131; x_wconf 86' lang='lat' dir='ltr'><strong>autem</strong></span> <span class='ocrx_word' id='word_1_428' title='bbox 1376 4078 1463 4133; x_wconf 79' lang='lat' dir='ltr'><strong>hic</strong></span> <span class='ocrx_word' id='word_1_429' title='bbox 1496 4079 1728 4149; x_wconf 82' lang='lat' dir='ltr'><strong>positum</strong></span> 
     </span>
    </p>
   </div>
   <div class='ocr_carea' id='block_1_56' title="bbox 159 4168 1731 4241">
    <p class='ocr_par' dir='ltr' id='par_1_56' title="bbox 159 4168 1731 4241">
     <span class='ocr_line' id='line_1_56' title="bbox 159 4168 1731 4241; baseline 0.004 -18"><span class='ocrx_word' id='word_1_430' title='bbox 159 4177 244 4235; x_wconf 73' lang='lat' dir='ltr'><strong>e~t,</strong></span> <span class='ocrx_word' id='word_1_431' title='bbox 274 4170 439 4225; x_wconf 74' lang='lat' dir='ltr'><strong>Aterti</strong></span> <span class='ocrx_word' id='word_1_432' title='bbox 474 4169 625 4240; x_wconf 83' lang='lat' dir='ltr'><strong>pedes</strong></span> <span class='ocrx_word' id='word_1_433' title='bbox 654 4185 813 4233; x_wconf 86' lang='lat' dir='ltr'><strong>meos,</strong></span> <span class='ocrx_word' id='word_1_434' title='bbox 851 4168 904 4222; x_wconf 88' lang='lat' dir='ltr'><strong>itt</strong></span> <span class='ocrx_word' id='word_1_435' title='bbox 939 4170 1212 4224; x_wconf 89' lang='lat' dir='ltr'><strong>nonnullis</strong></span> <span class='ocrx_word' id='word_1_436' title='bbox 1242 4170 1461 4241; x_wconf 79' lang='lat' dir='ltr'><strong>legitur,</strong></span> <span class='ocrx_word' id='word_1_437' title='bbox 1490 4172 1731 4229; x_wconf 80' lang='lat' dir='ltr'><strong>Avertisti</strong></span> 
     </span>
    </p>
   </div>
   <div class='ocr_carea' id='block_1_57' title="bbox 156 4260 1726 4332">
    <p class='ocr_par' dir='ltr' id='par_1_57' title="bbox 156 4260 1726 4332">
     <span class='ocr_line' id='line_1_57' title="bbox 156 4260 1726 4332; baseline 0.006 -18"><span class='ocrx_word' id='word_1_438' title='bbox 156 4263 285 4328; x_wconf 80' lang='lat' dir='ltr'><strong>pedes</strong></span> <span class='ocrx_word' id='word_1_439' title='bbox 311 4279 495 4326; x_wconf 78' lang='lat' dir='ltr'><strong>meos;</strong></span> <span class='ocrx_word' id='word_1_440' title='bbox 526 4271 583 4315; x_wconf 88' lang='grc' dir='ltr'><strong>ιιι</strong></span> <span class='ocrx_word' id='word_1_441' title='bbox 614 4261 715 4315; x_wconf 90' lang='lat' dir='ltr'><strong>hoc</strong></span> <span class='ocrx_word' id='word_1_442' title='bbox 748 4260 840 4315; x_wconf 86' lang='lat' dir='ltr'><strong>Dei</strong></span> <span class='ocrx_word' id='word_1_443' title='bbox 872 4260 1048 4330; x_wconf 84' lang='lat' dir='ltr'><strong>potius</strong></span> <span class='ocrx_word' id='word_1_444' title='bbox 1075 4263 1263 4332; x_wconf 77' lang='lat' dir='ltr'><strong>gratia:</strong></span> <span class='ocrx_word' id='word_1_445' title='bbox 1304 4264 1590 4321; x_wconf 82' lang='lat' dir='ltr'><strong>tribuatur.</strong></span> <span class='ocrx_word' id='word_1_446' title='bbox 1620 4266 1726 4323; x_wconf 78' lang='lat' dir='ltr'><strong>Sed</strong></span> 
     </span>
    </p>
   </div>
   <div class='ocr_carea' id='block_1_58' title="bbox 156 4352 1725 4426">
    <p class='ocr_par' dir='ltr' id='par_1_58' title="bbox 156 4352 1725 4426">
     <span class='ocr_line' id='line_1_58' title="bbox 156 4352 1725 4426; baseline 0.005 -20"><span class='ocrx_word' id='word_1_447' title='bbox 156 4354 249 4409; x_wconf 80' lang='lat' dir='ltr'><strong>sive</strong></span> <span class='ocrx_word' id='word_1_448' title='bbox 288 4354 409 4418; x_wconf 87' lang='lat' dir='ltr'><strong>hoc,</strong></span> <span class='ocrx_word' id='word_1_449' title='bbox 460 4355 574 4409; x_wconf 87' lang='lat' dir='ltr'><strong>sive</strong></span> <span class='ocrx_word' id='word_1_450' title='bbox 623 4352 755 4407; x_wconf 88' lang='lat' dir='ltr'><strong>illttd</strong></span> <span class='ocrx_word' id='word_1_451' title='bbox 794 4353 883 4419; x_wconf 88' lang='lat' dir='ltr'><strong>sit,</strong></span> <span class='ocrx_word' id='word_1_452' title='bbox 921 4352 1154 4408; x_wconf 81' lang='lat' dir='ltr'><strong>dubitari</strong></span> <span class='ocrx_word' id='word_1_453' title='bbox 1195 4371 1301 4409; x_wconf 89' lang='lat' dir='ltr'><strong>non</strong></span> <span class='ocrx_word' id='word_1_454' title='bbox 1344 4368 1521 4426; x_wconf 83' lang='lat' dir='ltr'><strong>potest</strong></span> <span class='ocrx_word' id='word_1_455' title='bbox 1558 4359 1725 4415; x_wconf 83' lang='lat' dir='ltr'><strong>divini</strong></span> 
     </span>
    </p>
   </div>
   <div class='ocr_carea' id='block_1_59' title="bbox 154 4449 1725 4521">
    <p class='ocr_par' dir='ltr' id='par_1_59' title="bbox 154 4449 1725 4521">
     <span class='ocr_line' id='line_1_59' title="bbox 154 4449 1725 4521; baseline 0.004 -18"><span class='ocrx_word' id='word_1_456' title='bbox 154 4463 253 4505; x_wconf 82' lang='lat' dir='ltr'><strong>esse</strong></span> <span class='ocrx_word' id='word_1_457' title='bbox 293 4451 565 4513; x_wconf 87' lang='lat' dir='ltr'><strong>muneris,</strong></span> <span class='ocrx_word' id='word_1_458' title='bbox 602 4459 625 4486; x_wconf 78' lang='grc' dir='ltr'><strong>ο</strong></span> <span class='ocrx_word' id='word_1_459' title='bbox 672 4462 796 4503; x_wconf 90' lang='lat' dir='ltr'><strong>cum</strong></span> <span class='ocrx_word' id='word_1_460' title='bbox 843 4457 898 4502; x_wconf 89' lang='lat' dir='ltr'><strong>et</strong></span> <span class='ocrx_word' id='word_1_461' title='bbox 932 4458 1079 4503; x_wconf 88' lang='lat' dir='ltr'><strong>recte</strong></span> <span class='ocrx_word' id='word_1_462' title='bbox 1113 4449 1433 4519; x_wconf 77' lang='lat' dir='ltr'><strong>cogitamus,</strong></span> <span class='ocrx_word' id='word_1_463' title='bbox 1462 4462 1519 4507; x_wconf 89' lang='lat' dir='ltr'><strong>et</strong></span> <span class='ocrx_word' id='word_1_464' title='bbox 1560 4454 1725 4521; x_wconf 86' lang='lat' dir='ltr'><strong>pedes</strong></span> 
     </span>
    </p>
   </div>
   <div class='ocr_carea' id='block_1_60' title="bbox 156 4540 1723 4609">
    <p class='ocr_par' dir='ltr' id='par_1_60' title="bbox 156 4540 1723 4609">
     <span class='ocr_line' id='line_1_60' title="bbox 156 4540 1723 4609; baseline 0.008 -17"><span class='ocrx_word' id='word_1_465' title='bbox 156 4552 341 4598; x_wconf 69' lang='lat' dir='ltr'><strong>nosnos</strong></span> <span class='ocrx_word' id='word_1_466' title='bbox 382 4543 459 4596; x_wconf 85' lang='lat' dir='ltr'><strong>ab</strong></span> <span class='ocrx_word' id='word_1_467' title='bbox 507 4556 698 4595; x_wconf 89' lang='lat' dir='ltr'><strong>errore</strong></span> <span class='ocrx_word' id='word_1_468' title='bbox 738 4554 1073 4595; x_wconf 80' lang='lat' dir='ltr'><strong>revocamus.</strong></span> <span class='ocrx_word' id='word_1_469' title='bbox 1122 4540 1347 4609; x_wconf 87' lang='lat' dir='ltr'><strong>Quoties</strong></span> <span class='ocrx_word' id='word_1_470' title='bbox 1389 4546 1531 4600; x_wconf 88' lang='lat' dir='ltr'><strong>enim</strong></span> <span class='ocrx_word' id='word_1_471' title='bbox 1583 4547 1723 4604; x_wconf 86' lang='lat' dir='ltr'><strong>bona</strong></span> 
     </span>
    </p>
   </div>
   <div class='ocr_carea' id='block_1_61' title="bbox 148 4633 1724 4709">
    <p class='ocr_par' dir='ltr' id='par_1_61' title="bbox 148 4633 1724 4709">
     <span class='ocr_line' id='line_1_61' title="bbox 148 4633 1724 4709; baseline 0.006 -23"><span class='ocrx_word' id='word_1_472' title='bbox 148 4635 355 4704; x_wconf 79' lang='lat' dir='ltr'><strong>agimus,</strong></span> <span class='ocrx_word' id='word_1_473' title='bbox 382 4636 534 4691; x_wconf 86' lang='lat' dir='ltr'><strong>Deus</strong></span> <span class='ocrx_word' id='word_1_474' title='bbox 563 4634 620 4688; x_wconf 93' lang='lat' dir='ltr'><strong>in</strong></span> <span class='ocrx_word' id='word_1_475' title='bbox 650 4633 1006 4703; x_wconf 86' lang='lat' dir='ltr'><strong>nobis,atque</strong></span> <span class='ocrx_word' id='word_1_476' title='bbox 1037 4634 1338 4702; x_wconf 82' lang='lat' dir='ltr'><strong>nobiseum,</strong></span> <span class='ocrx_word' id='word_1_477' title='bbox 1361 4647 1417 4691; x_wconf 90' lang='lat' dir='ltr'><strong>ut</strong></span> <span class='ocrx_word' id='word_1_478' title='bbox 1435 4654 1724 4709; x_wconf 88' lang='lat' dir='ltr'><strong>operemur</strong></span> 
     </span>
    </p>
   </div>
   <div class='ocr_carea' id='block_1_62' title="bbox 1856 2030 3452 2119">
    <p class='ocr_par' dir='ltr' id='par_1_62' title="bbox 1856 2030 3452 2119">
     <span class='ocr_line' id='line_1_62' title="bbox 1856 2030 3452 2119; baseline 0.021 -37"><span class='ocrx_word' id='word_1_479' title='bbox 1856 2030 2004 2101; x_wconf 75' lang='lat' dir='ltr'><strong>justo</strong></span> <span class='ocrx_word' id='word_1_480' title='bbox 2047 2033 2251 2101; x_wconf 85' lang='lat' dir='ltr'><strong>judicio</strong></span> <span class='ocrx_word' id='word_1_481' title='bbox 2308 2038 2427 2107; x_wconf 78' lang='lat' dir='ltr'><strong>ejus</strong></span> <span class='ocrx_word' id='word_1_482' title='bbox 2474 2038 2654 2096; x_wconf 79' lang='lat' dir='ltr'><strong>datam</strong></span> <span class='ocrx_word' id='word_1_483' title='bbox 2709 2049 3080 2111; x_wconf 78' lang='lat' dir='ltr'><strong>peccatoribus</strong></span> <span class='ocrx_word' id='word_1_484' title='bbox 3133 2065 3452 2119; x_wconf 68' lang='lat' dir='ltr'><strong>potestatem</strong></span> 
     </span>
    </p>
   </div>
   <div class='ocr_carea' id='block_1_63' title="bbox 1860 2130 3449 2217">
    <p class='ocr_par' dir='ltr' id='par_1_63' title="bbox 1860 2130 3449 2217">
     <span class='ocr_line' id='line_1_63' title="bbox 1860 2130 3449 2217; baseline 0.018 -40"><span class='ocrx_word' id='word_1_485' title='bbox 1860 2140 1960 2195; x_wconf 82' lang='lat' dir='ltr'><strong>qna</strong></span> <span class='ocrx_word' id='word_1_486' title='bbox 1993 2140 2213 2183; x_wconf 80' lang='lat' dir='ltr'><strong>sanctos</strong></span> <span class='ocrx_word' id='word_1_487' title='bbox 2243 2130 2334 2186; x_wconf 90' lang='lat' dir='ltr'><strong>Dei</strong></span> <span class='ocrx_word' id='word_1_488' title='bbox 2372 2149 2848 2206; x_wconf 74' lang='lat' dir='ltr'><strong>persequerentur,</strong></span> <span class='ocrx_word' id='word_1_489' title='bbox 2875 2156 3010 2208; x_wconf 88' lang='lat' dir='ltr'><strong>quos</strong></span> <span class='ocrx_word' id='word_1_490' title='bbox 3036 2143 3249 2214; x_wconf 75' lang='lat' dir='ltr'><strong>adjuvat</strong></span> <span class='ocrx_word' id='word_1_491' title='bbox 3282 2151 3449 2217; x_wconf 72' lang='lat' dir='ltr'><strong>gratia</strong></span> 
     </span>
    </p>
   </div>
   <div class='ocr_carea' id='block_1_64' title="bbox 1860 2219 3452 2300">
    <p class='ocr_par' dir='ltr' id='par_1_64' title="bbox 1860 2219 3452 2300">
     <span class='ocr_line' id='line_1_64' title="bbox 1860 2219 3452 2300; baseline 0.018 -27"><span class='ocrx_word' id='word_1_492' title='bbox 1860 2219 1996 2286; x_wconf 80' lang='lat' dir='ltr'><strong>Dei,</strong></span> <span class='ocrx_word' id='word_1_493' title='bbox 2053 2233 2114 2277; x_wconf 91' lang='lat' dir='ltr'><strong>ut</strong></span> <span class='ocrx_word' id='word_1_494' title='bbox 2172 2224 2477 2293; x_wconf 76' lang='lat' dir='ltr'><strong>Itujustuudi</strong></span> <span class='ocrx_word' id='word_1_495' title='bbox 2546 2232 2805 2288; x_wconf 76' lang='lat' dir='ltr'><strong>exercitia</strong></span> <span class='ocrx_word' id='word_1_496' title='bbox 2882 2233 3126 2292; x_wconf 79' lang='lat' dir='ltr'><strong>facerent</strong></span> <span class='ocrx_word' id='word_1_497' title='bbox 3194 2241 3452 2300; x_wconf 85' lang='lat' dir='ltr'><strong>clariores</strong></span> 
     </span>
    </p>
   </div>
   <div class='ocr_carea' id='block_1_65' title="bbox 1862 2315 2181 2388">
    <p class='ocr_par' dir='ltr' id='par_1_65' title="bbox 1862 2315 2181 2388">
     <span class='ocr_line' id='line_1_65' title="bbox 1862 2315 2181 2388; baseline 0 -18"><span class='ocrx_word' id='word_1_498' title='bbox 1862 2315 2034 2385; x_wconf 81' lang='lat' dir='ltr'><strong>(Sent.</strong></span> <span class='ocrx_word' id='word_1_499' title='bbox 2066 2316 2181 2388; x_wconf 69' lang='grc'><strong>25).</strong></span> 
     </span>
    </p>
   </div>
   <div class='ocr_carea' id='block_1_66' title="bbox 1927 2408 3451 2492">
    <p class='ocr_par' dir='ltr' id='par_1_66' title="bbox 1927 2408 3451 2492">
     <span class='ocr_line' id='line_1_66' title="bbox 1927 2408 3451 2492; baseline 0.016 -33"><span class='ocrx_word' id='word_1_500' title='bbox 1927 2408 2091 2477; x_wconf 82' lang='lat' dir='ltr'><strong>(Vers</strong></span> <span class='ocrx_word' id='word_1_501' title='bbox 2146 2410 2261 2481; x_wconf 82' lang='lat'><strong>65.)</strong></span> <span class='ocrx_word' id='word_1_502' title='bbox 2295 2412 2559 2487; x_wconf 80' lang='lat' dir='ltr'><strong>Particrpt</strong></span> <span class='ocrx_word' id='word_1_503' title='bbox 2579 2434 2691 2471; x_wconf 84' lang='lat' dir='ltr'><strong>sunt</strong></span> <span class='ocrx_word' id='word_1_504' title='bbox 2722 2435 2814 2492; x_wconf 79' lang='lat' dir='ltr'><strong>ego</strong></span> <span class='ocrx_word' id='word_1_505' title='bbox 2837 2437 3064 2477; x_wconf 77' lang='lat' dir='ltr'><strong>omnium</strong></span> <span class='ocrx_word' id='word_1_506' title='bbox 3096 2426 3381 2482; x_wconf 85' lang='lat' dir='ltr'><strong>timentium</strong></span> <span class='ocrx_word' id='word_1_507' title='bbox 3405 2440 3451 2483; x_wconf 88' lang='lat' dir='ltr'><strong>te</strong></span> 
     </span>
    </p>
   </div>
   <div class='ocr_carea' id='block_1_67' title="bbox 1855 2505 3450 2589">
    <p class='ocr_par' dir='ltr' id='par_1_67' title="bbox 1855 2505 3450 2589">
     <span class='ocr_line' id='line_1_67' title="bbox 1855 2505 3450 2589; baseline 0.016 -36"><span class='ocrx_word' id='word_1_508' title='bbox 1855 2509 1901 2553; x_wconf 92' lang='lat' dir='ltr'><strong>et</strong></span> <span class='ocrx_word' id='word_1_509' title='bbox 1926 2505 2320 2558; x_wconf 81' lang='lat' dir='ltr'><strong>custodientium</strong></span> <span class='ocrx_word' id='word_1_510' title='bbox 2350 2509 2597 2562; x_wconf 88' lang='lat' dir='ltr'><strong>mandata</strong></span> <span class='ocrx_word' id='word_1_511' title='bbox 2622 2522 2729 2565; x_wconf 87' lang='lat' dir='ltr'><strong>tua.</strong></span> <span class='ocrx_word' id='word_1_512' title='bbox 2771 2512 2879 2566; x_wconf 71' lang='lat' dir='ltr'><strong>Vox</strong></span> <span class='ocrx_word' id='word_1_513' title='bbox 2909 2515 3007 2568; x_wconf 89' lang='lat' dir='ltr'><strong>ista</strong></span> <span class='ocrx_word' id='word_1_514' title='bbox 3041 2520 3255 2588; x_wconf 81' lang='lat' dir='ltr'><strong>proprie</strong></span> <span class='ocrx_word' id='word_1_515' title='bbox 3285 2521 3450 2589; x_wconf 82' lang='lat' dir='ltr'><strong>ipsius</strong></span> 
     </span>
    </p>
   </div>
   <div class='ocr_carea' id='block_1_68' title="bbox 1854 2596 3449 2679">
    <p class='ocr_par' dir='ltr' id='par_1_68' title="bbox 1854 2596 3449 2679">
     <span class='ocr_line' id='line_1_68' title="bbox 1854 2596 3449 2679; baseline 0.012 -31"><span class='ocrx_word' id='word_1_516' title='bbox 1854 2597 2047 2659; x_wconf 81' lang='lat' dir='ltr'><strong>capitis</strong></span> <span class='ocrx_word' id='word_1_517' title='bbox 2074 2596 2417 2664; x_wconf 69' lang='lat' dir='ltr'><strong>intelligenda</strong></span> <span class='ocrx_word' id='word_1_518' title='bbox 2451 2614 2553 2655; x_wconf 88' lang='lat' dir='ltr'><strong>est.</strong></span> <span class='ocrx_word' id='word_1_519' title='bbox 2588 2603 2702 2656; x_wconf 74' lang='lat' dir='ltr'><strong>Non</strong></span> <span class='ocrx_word' id='word_1_520' title='bbox 2736 2606 2879 2657; x_wconf 76' lang='lat' dir='ltr'><strong>enim</strong></span> <span class='ocrx_word' id='word_1_521' title='bbox 2912 2605 3254 2664; x_wconf 77' lang='lat' dir='ltr'><strong>efﬁcerentur</strong></span> <span class='ocrx_word' id='word_1_522' title='bbox 3286 2612 3449 2679; x_wconf 80' lang='lat' dir='ltr'><strong>parti-</strong></span> 
     </span>
    </p>
   </div>
   <div class='ocr_carea' id='block_1_69' title="bbox 1854 2687 3447 2761">
    <p class='ocr_par' dir='ltr' id='par_1_69' title="bbox 1854 2687 3447 2761">
     <span class='ocr_line' id='line_1_69' title="bbox 1854 2687 3447 2761; baseline 0.01 -19"><span class='ocrx_word' id='word_1_523' title='bbox 1854 2687 2005 2756; x_wconf 87' lang='lat' dir='ltr'><strong>cipes</strong></span> <span class='ocrx_word' id='word_1_524' title='bbox 2034 2689 2332 2744; x_wconf 72' lang='lat' dir='ltr'><strong>divinitatis</strong></span> <span class='ocrx_word' id='word_1_525' title='bbox 2358 2691 2582 2756; x_wconf 84' lang='lat' dir='ltr'><strong>Christi,</strong></span> <span class='ocrx_word' id='word_1_526' title='bbox 2610 2693 2711 2747; x_wconf 75' lang='lat' dir='ltr'><strong>nisi</strong></span> <span class='ocrx_word' id='word_1_527' title='bbox 2738 2696 2852 2761; x_wconf 89' lang='lat' dir='ltr'><strong>ipse</strong></span> <span class='ocrx_word' id='word_1_528' title='bbox 2877 2700 3218 2755; x_wconf 81' lang='lat' dir='ltr'><strong>mortalitatis</strong></span> <span class='ocrx_word' id='word_1_529' title='bbox 3251 2715 3447 2760; x_wconf 75' lang='lat' dir='ltr'><strong>nostra:</strong></span> 
     </span>
    </p>
   </div>
   <div class='ocr_carea' id='block_1_70' title="bbox 1855 2783 3443 2865">
    <p class='ocr_par' dir='ltr' id='par_1_70' title="bbox 1855 2783 3443 2865">
     <span class='ocr_line' id='line_1_70' title="bbox 1855 2783 3443 2865; baseline 0.013 -34"><span class='ocrx_word' id='word_1_530' title='bbox 1855 2783 2126 2851; x_wconf 85' lang='lat' dir='ltr'><strong>particeps</strong></span> <span class='ocrx_word' id='word_1_531' title='bbox 2170 2785 2343 2838; x_wconf 80' lang='lat' dir='ltr'><strong>lieret.</strong></span> <span class='ocrx_word' id='word_1_532' title='bbox 2394 2784 2497 2839; x_wconf 88' lang='lat' dir='ltr'><strong>Per</strong></span> <span class='ocrx_word' id='word_1_533' title='bbox 2546 2786 2683 2842; x_wconf 90' lang='lat' dir='ltr'><strong>hanc</strong></span> <span class='ocrx_word' id='word_1_534' title='bbox 2729 2801 2907 2843; x_wconf 86' lang='lat' dir='ltr'><strong>autem</strong></span> <span class='ocrx_word' id='word_1_535' title='bbox 2953 2794 3443 2865; x_wconf 75' lang='lat' dir='ltr'><strong>participationem,</strong></span> 
     </span>
    </p>
   </div>
   <div class='ocr_carea' id='block_1_71' title="bbox 1852 2874 3446 2949">
    <p class='ocr_par' dir='ltr' id='par_1_71' title="bbox 1852 2874 3446 2949">
     <span class='ocr_line' id='line_1_71' title="bbox 1852 2874 3446 2949; baseline 0.013 -24"><span class='ocrx_word' id='word_1_536' title='bbox 1852 2874 1970 2942; x_wconf 90' lang='lat' dir='ltr'><strong>ejus</strong></span> <span class='ocrx_word' id='word_1_537' title='bbox 2002 2874 2157 2928; x_wconf 87' lang='lat' dir='ltr'><strong>nobis</strong></span> <span class='ocrx_word' id='word_1_538' title='bbox 2192 2878 2363 2946; x_wconf 77' lang='lat' dir='ltr'><strong>gratia</strong></span> <span class='ocrx_word' id='word_1_539' title='bbox 2399 2878 2866 2949; x_wconf 74' lang='lat' dir='ltr'><strong>subministratur,</strong></span> <span class='ocrx_word' id='word_1_540' title='bbox 2891 2894 2949 2937; x_wconf 88' lang='lat' dir='ltr'><strong>ut</strong></span> <span class='ocrx_word' id='word_1_541' title='bbox 2982 2895 3132 2941; x_wconf 84' lang='lat' dir='ltr'><strong>caste</strong></span> <span class='ocrx_word' id='word_1_542' title='bbox 3164 2889 3446 2945; x_wconf 83' lang='lat' dir='ltr'><strong>timeamus</strong></span> 
     </span>
    </p>
   </div>
   <div class='ocr_carea' id='block_1_72' title="bbox 1856 2966 3446 3052">
    <p class='ocr_par' dir='ltr' id='par_1_72' title="bbox 1856 2966 3446 3052">
     <span class='ocr_line' id='line_1_72' title="bbox 1856 2966 3446 3052; baseline 0.006 -32"><span class='ocrx_word' id='word_1_543' title='bbox 1856 2966 2021 3020; x_wconf 78' lang='lat' dir='ltr'><strong>Deum</strong></span> <span class='ocrx_word' id='word_1_544' title='bbox 2063 2975 2119 3021; x_wconf 89' lang='lat' dir='ltr'><strong>et</strong></span> <span class='ocrx_word' id='word_1_545' title='bbox 2171 2970 2536 3024; x_wconf 86' lang='lat' dir='ltr'><strong>custodiamus</strong></span> <span class='ocrx_word' id='word_1_546' title='bbox 2587 2974 2839 3027; x_wconf 84' lang='lat' dir='ltr'><strong>mandata</strong></span> <span class='ocrx_word' id='word_1_547' title='bbox 2894 2975 3030 3041; x_wconf 90' lang='lat' dir='ltr'><strong>ejus.</strong></span> <span class='ocrx_word' id='word_1_548' title='bbox 3082 2975 3206 3031; x_wconf 82' lang='lat' dir='ltr'><strong>ideo</strong></span> <span class='ocrx_word' id='word_1_549' title='bbox 3249 2982 3446 3052; x_wconf 69' lang='lat' dir='ltr'><strong>quippe</strong></span> 
     </span>
    </p>
   </div>
   <div class='ocr_carea' id='block_1_73' title="bbox 1852 3056 3445 3143">
    <p class='ocr_par' dir='ltr' id='par_1_73' title="bbox 1852 3056 3445 3143">
     <span class='ocr_line' id='line_1_73' title="bbox 1852 3056 3445 3143; baseline 0.011 -32"><span class='ocrx_word' id='word_1_550' title='bbox 1852 3056 1995 3113; x_wconf 87' lang='lat' dir='ltr'><strong>Deus</strong></span> <span class='ocrx_word' id='word_1_551' title='bbox 2025 3058 2324 3126; x_wconf 84' lang='lat' dir='ltr'><strong>hominum,</strong></span> <span class='ocrx_word' id='word_1_552' title='bbox 2363 3063 2683 3119; x_wconf 65' lang='lat' dir='ltr'><strong>iuunortalis</strong></span> <span class='ocrx_word' id='word_1_553' title='bbox 2711 3067 3043 3135; x_wconf 79' lang='lat' dir='ltr'><strong>mortalium,</strong></span> <span class='ocrx_word' id='word_1_554' title='bbox 3086 3074 3317 3143; x_wconf 86' lang='lat' dir='ltr'><strong>suscepit</strong></span> <span class='ocrx_word' id='word_1_555' title='bbox 3352 3092 3445 3129; x_wconf 84' lang='lat' dir='ltr'><strong>ua-</strong></span> 
     </span>
    </p>
   </div>
   <div class='ocr_carea' id='block_1_74' title="bbox 1851 3158 3444 3234">
    <p class='ocr_par' dir='ltr' id='par_1_74' title="bbox 1851 3158 3444 3234">
     <span class='ocr_line' id='line_1_74' title="bbox 1851 3158 3444 3234; baseline 0.011 -24"><span class='ocrx_word' id='word_1_556' title='bbox 1851 3165 2047 3218; x_wconf 75' lang='lat' dir='ltr'><strong>turant.</strong></span> <span class='ocrx_word' id='word_1_557' title='bbox 2082 3171 2132 3212; x_wconf 86' lang='lat' dir='ltr'><strong>et</strong></span> <span class='ocrx_word' id='word_1_558' title='bbox 2168 3158 2544 3225; x_wconf 79' lang='lat' dir='ltr'><strong>participando</strong></span> <span class='ocrx_word' id='word_1_559' title='bbox 2573 3176 2723 3216; x_wconf 86' lang='lat' dir='ltr'><strong>suam</strong></span> <span class='ocrx_word' id='word_1_560' title='bbox 2758 3162 2904 3231; x_wconf 76' lang='lat' dir='ltr'><strong>fecit,</strong></span> <span class='ocrx_word' id='word_1_561' title='bbox 2942 3175 2997 3217; x_wconf 91' lang='lat' dir='ltr'><strong>nt</strong></span> <span class='ocrx_word' id='word_1_562' title='bbox 3027 3181 3250 3234; x_wconf 73' lang='lat' dir='ltr'><strong>granum</strong></span> <span class='ocrx_word' id='word_1_563' title='bbox 3279 3170 3444 3227; x_wconf 82' lang='lat' dir='ltr'><strong>cade-</strong></span> 
     </span>
    </p>
   </div>
   <div class='ocr_carea' id='block_1_75' title="bbox 1851 3248 3444 3336">
    <p class='ocr_par' dir='ltr' id='par_1_75' title="bbox 1851 3248 3444 3336">
     <span class='ocr_line' id='line_1_75' title="bbox 1851 3248 3444 3336; baseline 0.01 -31"><span class='ocrx_word' id='word_1_564' title='bbox 1851 3262 1932 3307; x_wconf 89' lang='lat' dir='ltr'><strong>ret</strong></span> <span class='ocrx_word' id='word_1_565' title='bbox 1962 3248 1987 3287; x_wconf 77' lang='grc'><strong><em>⁶</em></strong></span> <span class='ocrx_word' id='word_1_566' title='bbox 2020 3252 2071 3306; x_wconf 92' lang='lat' dir='ltr'><strong>in</strong></span> <span class='ocrx_word' id='word_1_567' title='bbox 2107 3264 2249 3307; x_wconf 86' lang='lat' dir='ltr'><strong>terra</strong></span> <span class='ocrx_word' id='word_1_568' title='bbox 2281 3251 2460 3324; x_wconf 83' lang='lat' dir='ltr'><strong>(Joan.</strong></span> <span class='ocrx_word' id='word_1_569' title='bbox 2499 3271 2590 3321; x_wconf 75' lang='lat' dir='ltr'><strong>stt,</strong></span> <span class='ocrx_word' id='word_1_570' title='bbox 2619 3254 2689 3311; x_wconf 74' lang='grc'><strong>24</strong></span> <span class='ocrx_word' id='word_1_571' title='bbox 2719 3268 2767 3311; x_wconf 84' lang='lat' dir='ltr'><strong>et</strong></span> <span class='ocrx_word' id='word_1_572' title='bbox 2795 3255 2909 3329; x_wconf 75' lang='lat'><strong>25),</strong></span> <span class='ocrx_word' id='word_1_573' title='bbox 2950 3260 3444 3336; x_wconf 88' lang='lat' dir='ltr'><strong>mortilicatutuque</strong></span> 
     </span>
    </p>
   </div>
   <div class='ocr_carea' id='block_1_76' title="bbox 1770 3331 2595 3403">
    <p class='ocr_par' dir='ltr' id='par_1_76' title="bbox 1770 3331 2595 3403">
     <span class='ocr_line' id='line_1_76' title="bbox 1770 3331 2595 3403; baseline 0.007 -6"><span class='ocrx_word' id='word_1_574' title='bbox 1770 3331 1819 3397; x_wconf 80' lang='lat' dir='ltr'><strong><em>C</em></strong></span> <span class='ocrx_word' id='word_1_575' title='bbox 1849 3346 2080 3400; x_wconf 87' lang='lat' dir='ltr'><strong>multum</strong></span> <span class='ocrx_word' id='word_1_576' title='bbox 2110 3345 2340 3401; x_wconf 79' lang='lat' dir='ltr'><strong>fructum</strong></span> <span class='ocrx_word' id='word_1_577' title='bbox 2376 3348 2595 3403; x_wconf 55' lang='lat' dir='ltr'><strong>f‘tthl&#39;t&#39;t.</strong></span> 
     </span>
    </p>
   </div>
   <div class='ocr_carea' id='block_1_77' title="bbox 1917 3438 3441 3520">
    <p class='ocr_par' dir='ltr' id='par_1_77' title="bbox 1917 3438 3441 3520">
     <span class='ocr_line' id='line_1_77' title="bbox 1917 3438 3441 3520; baseline 0.009 -29"><span class='ocrx_word' id='word_1_578' title='bbox 1917 3438 2099 3509; x_wconf 80' lang='lat' dir='ltr'><strong>(Veis.</strong></span> <span class='ocrx_word' id='word_1_579' title='bbox 2141 3441 2257 3503; x_wconf 65' lang='lat' dir='ltr'><strong>6t.)</strong></span> <span class='ocrx_word' id='word_1_580' title='bbox 2309 3440 2673 3497; x_wconf 76' lang='lat' dir='ltr'><strong>Misericordia</strong></span> <span class='ocrx_word' id='word_1_581' title='bbox 2725 3453 2835 3512; x_wconf 87' lang='lat' dir='ltr'><strong>tua,</strong></span> <span class='ocrx_word' id='word_1_582' title='bbox 2883 3445 3116 3513; x_wconf 87' lang='lat' dir='ltr'><strong>Domine,</strong></span> <span class='ocrx_word' id='word_1_583' title='bbox 3168 3450 3319 3520; x_wconf 86' lang='lat' dir='ltr'><strong>plena</strong></span> <span class='ocrx_word' id='word_1_584' title='bbox 3368 3462 3441 3507; x_wconf 86' lang='lat' dir='ltr'><strong>est</strong></span> 
     </span>
    </p>
   </div>
   <div class='ocr_carea' id='block_1_78' title="bbox 1841 3531 3441 3609">
    <p class='ocr_par' dir='ltr' id='par_1_78' title="bbox 1841 3531 3441 3609">
     <span class='ocr_line' id='line_1_78' title="bbox 1841 3531 3441 3609; baseline 0.009 -25"><span class='ocrx_word' id='word_1_585' title='bbox 1841 3539 1999 3585; x_wconf 90' lang='lat' dir='ltr'><strong>terra.</strong></span> <span class='ocrx_word' id='word_1_586' title='bbox 2045 3531 2101 3586; x_wconf 85' lang='lat' dir='ltr'><strong>In</strong></span> <span class='ocrx_word' id='word_1_587' title='bbox 2130 3546 2197 3586; x_wconf 84' lang='lat' dir='ltr'><strong>eo</strong></span> <span class='ocrx_word' id='word_1_588' title='bbox 2220 3534 2425 3599; x_wconf 83' lang='lat' dir='ltr'><strong>utique,</strong></span> <span class='ocrx_word' id='word_1_589' title='bbox 2455 3536 2594 3603; x_wconf 82' lang='lat' dir='ltr'><strong>quod</strong></span> <span class='ocrx_word' id='word_1_590' title='bbox 2616 3535 2945 3604; x_wconf 59' lang='lat' dir='ltr'><strong>justillcatur</strong></span> <span class='ocrx_word' id='word_1_591' title='bbox 2970 3540 3183 3609; x_wconf 87' lang='lat' dir='ltr'><strong>impius,</strong></span> <span class='ocrx_word' id='word_1_592' title='bbox 3210 3543 3259 3593; x_wconf 88' lang='lat' dir='ltr'><strong>itt</strong></span> <span class='ocrx_word' id='word_1_593' title='bbox 3285 3542 3441 3609; x_wconf 81' lang='lat' dir='ltr'><strong>enjus</strong></span> 
     </span>
    </p>
   </div>
   <div class='ocr_carea' id='block_1_79' title="bbox 1838 3624 3451 3704">
    <p class='ocr_par' dir='ltr' id='par_1_79' title="bbox 1838 3624 3451 3704">
     <span class='ocr_line' id='line_1_79' title="bbox 1838 3624 3451 3704; baseline 0.007 -24"><span class='ocrx_word' id='word_1_594' title='bbox 1838 3624 2132 3680; x_wconf 76' lang='lat' dir='ltr'><strong>ineﬂ‘abilis</strong></span> <span class='ocrx_word' id='word_1_595' title='bbox 2172 3626 2359 3696; x_wconf 74' lang='lat' dir='ltr'><strong>gratia:</strong></span> <span class='ocrx_word' id='word_1_596' title='bbox 2403 3626 2630 3681; x_wconf 75' lang='lat' dir='ltr'><strong>scicntia</strong></span> <span class='ocrx_word' id='word_1_597' title='bbox 2675 3640 2730 3682; x_wconf 93' lang='grc' dir='ltr'><strong>ιιι</strong></span> <span class='ocrx_word' id='word_1_598' title='bbox 2770 3630 3103 3700; x_wconf 79' lang='lat' dir='ltr'><strong>proﬁciatur,</strong></span> <span class='ocrx_word' id='word_1_599' title='bbox 3149 3631 3386 3704; x_wconf 77' lang='lat' dir='ltr'><strong>adjungit</strong></span> <span class='ocrx_word' id='word_1_600' title='bbox 3436 3654 3451 3691; x_wconf 62' lang='grc' dir='ltr'><em>λ</em></span> 
     </span>
    </p>
   </div>
   <div class='ocr_carea' id='block_1_80' title="bbox 1839 3717 2731 3789">
    <p class='ocr_par' dir='ltr' id='par_1_80' title="bbox 1839 3717 2731 3789">
     <span class='ocr_line' id='line_1_80' title="bbox 1839 3717 2731 3789; baseline 0.007 -19"><span class='ocrx_word' id='word_1_601' title='bbox 1839 3717 1908 3773; x_wconf 83' lang='lat' dir='ltr'><strong>Et</strong></span> <span class='ocrx_word' id='word_1_602' title='bbox 1925 3718 2329 3789; x_wconf 79' lang='lat' dir='ltr'><strong>justiﬁcationes</strong></span> <span class='ocrx_word' id='word_1_603' title='bbox 2355 3726 2471 3772; x_wconf 85' lang='lat' dir='ltr'><strong>tuas</strong></span> <span class='ocrx_word' id='word_1_604' title='bbox 2498 3720 2622 3775; x_wconf 83' lang='lat' dir='ltr'><strong>doce</strong></span> <span class='ocrx_word' id='word_1_605' title='bbox 2652 3738 2731 3776; x_wconf 85' lang='lat' dir='ltr'><strong>me</strong></span> 
     </span>
    </p>
   </div>
   <div class='ocr_carea' id='block_1_81' title="bbox 2546 3874 2690 3915">
    <p class='ocr_par' dir='ltr' id='par_1_81' title="bbox 2546 3874 2690 3915">
     <span class='ocr_line' id='line_1_81' title="bbox 2546 3874 2690 3915; baseline 0.014 -2"><span class='ocrx_word' id='word_1_606' title='bbox 2546 3874 2690 3915; x_wconf 72' lang='grc' dir='ltr'><strong>τετυ</strong></span> 
     </span>
    </p>
   </div>
   <div class='ocr_carea' id='block_1_82' title="bbox 1907 3990 3429 4069">
    <p class='ocr_par' dir='ltr' id='par_1_82' title="bbox 1907 3990 3429 4069">
     <span class='ocr_line' id='line_1_82' title="bbox 1907 3990 3429 4069; baseline 0.009 -26"><span class='ocrx_word' id='word_1_607' title='bbox 1907 3990 2092 4061; x_wconf 85' lang='lat' dir='ltr'><strong>(Vers.</strong></span> <span class='ocrx_word' id='word_1_608' title='bbox 2111 3991 2227 4064; x_wconf 80' lang='lat'><strong>65.)</strong></span> <span class='ocrx_word' id='word_1_609' title='bbox 2251 3991 2544 4047; x_wconf 84' lang='lat' dir='ltr'><strong>Bonitatem</strong></span> <span class='ocrx_word' id='word_1_610' title='bbox 2568 3995 2735 4064; x_wconf 78' lang='lat' dir='ltr'><strong>fecisti</strong></span> <span class='ocrx_word' id='word_1_611' title='bbox 2754 4012 2869 4049; x_wconf 80' lang='lat' dir='ltr'><strong>cum</strong></span> <span class='ocrx_word' id='word_1_612' title='bbox 2892 4012 3033 4051; x_wconf 80' lang='lat' dir='ltr'><strong>servo</strong></span> <span class='ocrx_word' id='word_1_613' title='bbox 3056 4010 3163 4063; x_wconf 89' lang='lat' dir='ltr'><strong>tuo,</strong></span> <span class='ocrx_word' id='word_1_614' title='bbox 3191 3998 3429 4069; x_wconf 88' lang='lat' dir='ltr'><strong>Domine,</strong></span> 
     </span>
    </p>
   </div>
   <div class='ocr_carea' id='block_1_83' title="bbox 1831 4085 3431 4160">
    <p class='ocr_par' dir='ltr' id='par_1_83' title="bbox 1831 4085 3431 4160">
     <span class='ocr_line' id='line_1_83' title="bbox 1831 4085 3431 4160; baseline 0.006 -21"><span class='ocrx_word' id='word_1_615' title='bbox 1831 4085 2118 4140; x_wconf 83' lang='lat' dir='ltr'><strong>secundum</strong></span> <span class='ocrx_word' id='word_1_616' title='bbox 2153 4086 2357 4140; x_wconf 78' lang='lat' dir='ltr'><strong>verbum</strong></span> <span class='ocrx_word' id='word_1_617' title='bbox 2395 4096 2561 4141; x_wconf 87' lang='lat' dir='ltr'><strong>tuum.</strong></span> <span class='ocrx_word' id='word_1_618' title='bbox 2604 4087 2821 4155; x_wconf 77' lang='lat' dir='ltr'><strong>Fecisti,</strong></span> <span class='ocrx_word' id='word_1_619' title='bbox 2864 4090 3057 4160; x_wconf 86' lang='lat' dir='ltr'><strong>inquit,</strong></span> <span class='ocrx_word' id='word_1_620' title='bbox 3094 4092 3339 4159; x_wconf 83' lang='lat' dir='ltr'><strong>Domine,</strong></span> <span class='ocrx_word' id='word_1_621' title='bbox 3374 4105 3431 4149; x_wconf 91' lang='lat' dir='ltr'><strong>ut</strong></span> 
     </span>
    </p>
   </div>
   <div class='ocr_carea' id='block_1_84' title="bbox 1833 4178 3427 4254">
    <p class='ocr_par' dir='ltr' id='par_1_84' title="bbox 1833 4178 3427 4254">
     <span class='ocr_line' id='line_1_84' title="bbox 1833 4178 3427 4254; baseline 0.007 -22"><span class='ocrx_word' id='word_1_622' title='bbox 1833 4194 1921 4233; x_wconf 87' lang='lat' dir='ltr'><strong>me</strong></span> <span class='ocrx_word' id='word_1_623' title='bbox 1974 4178 2272 4234; x_wconf 87' lang='lat' dir='ltr'><strong>delectaret</strong></span> <span class='ocrx_word' id='word_1_624' title='bbox 2323 4180 2545 4249; x_wconf 77' lang='lat' dir='ltr'><strong>bonum,</strong></span> <span class='ocrx_word' id='word_1_625' title='bbox 2599 4182 2741 4251; x_wconf 89' lang='lat' dir='ltr'><strong>quod</strong></span> <span class='ocrx_word' id='word_1_626' title='bbox 2797 4183 2981 4252; x_wconf 88' lang='lat' dir='ltr'><strong>utique</strong></span> <span class='ocrx_word' id='word_1_627' title='bbox 3036 4200 3286 4254; x_wconf 79' lang='lat' dir='ltr'><strong>magnum</strong></span> <span class='ocrx_word' id='word_1_628' title='bbox 3343 4196 3427 4243; x_wconf 87' lang='lat' dir='ltr'><strong>est</strong></span> 
     </span>
    </p>
   </div>
   <div class='ocr_carea' id='block_1_85' title="bbox 1831 4273 3423 4340">
    <p class='ocr_par' dir='ltr' id='par_1_85' title="bbox 1831 4273 3423 4340">
     <span class='ocr_line' id='line_1_85' title="bbox 1831 4273 3423 4340; baseline 0.004 -12"><span class='ocrx_word' id='word_1_629' title='bbox 1831 4281 1980 4328; x_wconf 89' lang='lat' dir='ltr'><strong>tuum</strong></span> <span class='ocrx_word' id='word_1_630' title='bbox 2021 4273 2244 4328; x_wconf 86' lang='lat' dir='ltr'><strong>donum.</strong></span> <span class='ocrx_word' id='word_1_631' title='bbox 2278 4274 2575 4329; x_wconf 83' lang='lat' dir='ltr'><strong>Secundum</strong></span> <span class='ocrx_word' id='word_1_632' title='bbox 2612 4275 2820 4329; x_wconf 73' lang='lat' dir='ltr'><strong>verbum</strong></span> <span class='ocrx_word' id='word_1_633' title='bbox 2863 4286 3029 4340; x_wconf 85' lang='lat' dir='ltr'><strong>tuum,</strong></span> <span class='ocrx_word' id='word_1_634' title='bbox 3063 4278 3163 4333; x_wconf 88' lang='lat' dir='ltr'><strong>hoc</strong></span> <span class='ocrx_word' id='word_1_635' title='bbox 3202 4290 3304 4339; x_wconf 81' lang='lat' dir='ltr'><strong>est.</strong></span> <span class='ocrx_word' id='word_1_636' title='bbox 3336 4295 3423 4335; x_wconf 56' lang='lat' dir='ltr'><strong>se.</strong></span> 
     </span>
    </p>
   </div>
   <div class='ocr_carea' id='block_1_86' title="bbox 1829 4366 3422 4438">
    <p class='ocr_par' dir='ltr' id='par_1_86' title="bbox 1829 4366 3422 4438">
     <span class='ocr_line' id='line_1_86' title="bbox 1829 4366 3422 4438; baseline 0.004 -16"><span class='ocrx_word' id='word_1_637' title='bbox 1829 4366 2065 4422; x_wconf 89' lang='lat' dir='ltr'><strong>cundum</strong></span> <span class='ocrx_word' id='word_1_638' title='bbox 2111 4367 2437 4435; x_wconf 87' lang='lat' dir='ltr'><strong>promissum</strong></span> <span class='ocrx_word' id='word_1_639' title='bbox 2481 4377 2628 4422; x_wconf 89' lang='lat' dir='ltr'><strong>tuum</strong></span> <span class='ocrx_word' id='word_1_640' title='bbox 2664 4386 2677 4422; x_wconf 90' lang='lat'><strong>:</strong></span> <span class='ocrx_word' id='word_1_641' title='bbox 2711 4378 2770 4423; x_wconf 90' lang='lat' dir='ltr'><strong>ut</strong></span> <span class='ocrx_word' id='word_1_642' title='bbox 2810 4370 2962 4423; x_wconf 86' lang='lat' dir='ltr'><strong>iirtnu</strong></span> <span class='ocrx_word' id='word_1_643' title='bbox 3018 4370 3091 4424; x_wconf 90' lang='lat' dir='ltr'><strong>sit</strong></span> <span class='ocrx_word' id='word_1_644' title='bbox 3132 4374 3422 4438; x_wconf 85' lang='lat' dir='ltr'><strong>promissio</strong></span> 
     </span>
    </p>
   </div>
   <div class='ocr_carea' id='block_1_87' title="bbox 1829 4459 2653 4532">
    <p class='ocr_par' dir='ltr' id='par_1_87' title="bbox 1829 4459 2653 4532">
     <span class='ocr_line' id='line_1_87' title="bbox 1829 4459 2653 4532; baseline -0.001 -17"><span class='ocrx_word' id='word_1_645' title='bbox 1829 4461 1978 4516; x_wconf 90' lang='lat' dir='ltr'><strong>omni</strong></span> <span class='ocrx_word' id='word_1_646' title='bbox 2006 4460 2193 4516; x_wconf 87' lang='lat' dir='ltr'><strong>semini</strong></span> <span class='ocrx_word' id='word_1_647' title='bbox 2225 4459 2405 4532; x_wconf 80' lang='lat' dir='ltr'><strong>(Rom.</strong></span> <span class='ocrx_word' id='word_1_648' title='bbox 2435 4476 2508 4525; x_wconf 87' lang='lat' dir='ltr'><strong>tv,</strong></span> <span class='ocrx_word' id='word_1_649' title='bbox 2542 4460 2653 4531; x_wconf 75' lang='grc'><strong>16).</strong></span> 
     </span>
    </p>
   </div>
   <div class='ocr_carea' id='block_1_88' title="bbox 1904 4555 3423 4627">
    <p class='ocr_par' dir='ltr' id='par_1_88' title="bbox 1904 4555 3423 4627">
     <span class='ocr_line' id='line_1_88' title="bbox 1904 4555 3423 4627; baseline 0.004 -18"><span class='ocrx_word' id='word_1_650' title='bbox 1904 4556 2083 4627; x_wconf 78' lang='lat' dir='ltr'><strong>(Vers.</strong></span> <span class='ocrx_word' id='word_1_651' title='bbox 2116 4555 2233 4627; x_wconf 75' lang='grc' dir='ltr'><strong>δῦ.)</strong></span> <span class='ocrx_word' id='word_1_652' title='bbox 2266 4556 2602 4615; x_wconf 78' lang='lat' dir='ltr'><strong>Suavitatem.</strong></span> <span class='ocrx_word' id='word_1_653' title='bbox 2627 4566 2674 4611; x_wconf 91' lang='lat' dir='ltr'><strong>et</strong></span> <span class='ocrx_word' id='word_1_654' title='bbox 2698 4557 3060 4624; x_wconf 85' lang='lat' dir='ltr'><strong>eruditionem,</strong></span> <span class='ocrx_word' id='word_1_655' title='bbox 3082 4568 3131 4614; x_wconf 87' lang='lat' dir='ltr'><strong>et</strong></span> <span class='ocrx_word' id='word_1_656' title='bbox 3159 4562 3423 4617; x_wconf 74' lang='lat' dir='ltr'><strong>scientiam</strong></span> 
     </span>
    </p>
   </div>
   <div class='ocr_carea' id='block_1_89' title="bbox 1828 4649 3421 4725">
    <p class='ocr_par' dir='ltr' id='par_1_89' title="bbox 1828 4649 3421 4725">
     <span class='ocr_line' id='line_1_89' title="bbox 1828 4649 3421 4725; baseline 0.006 -23"><span class='ocrx_word' id='word_1_657' title='bbox 1828 4649 1954 4703; x_wconf 87' lang='lat' dir='ltr'><strong>doce</strong></span> <span class='ocrx_word' id='word_1_658' title='bbox 1982 4664 2094 4714; x_wconf 88' lang='lat' dir='ltr'><strong>me;</strong></span> <span class='ocrx_word' id='word_1_659' title='bbox 2124 4649 2248 4719; x_wconf 87' lang='lat' dir='ltr'><strong>quia</strong></span> <span class='ocrx_word' id='word_1_660' title='bbox 2287 4650 2342 4702; x_wconf 86' lang='lat' dir='ltr'><strong>in</strong></span> <span class='ocrx_word' id='word_1_661' title='bbox 2383 4651 2639 4705; x_wconf 87' lang='lat' dir='ltr'><strong>mandatis</strong></span> <span class='ocrx_word' id='word_1_662' title='bbox 2680 4652 2779 4705; x_wconf 89' lang='lat' dir='ltr'><strong>tuis</strong></span> <span class='ocrx_word' id='word_1_663' title='bbox 2818 4653 3037 4709; x_wconf 85' lang='lat' dir='ltr'><strong>credidi.</strong></span> <span class='ocrx_word' id='word_1_664' title='bbox 3080 4658 3274 4725; x_wconf 78' lang='lat' dir='ltr'><strong>Angeri</strong></span> <span class='ocrx_word' id='word_1_665' title='bbox 3318 4657 3421 4711; x_wconf 86' lang='lat' dir='ltr'><strong>sibi</strong></span> 
     </span>
    </p>
   </div>
   <div class='ocr_carea' id='block_1_90' title="bbox 148 4723 3422 4819">
    <p class='ocr_par' dir='ltr' id='par_1_90' title="bbox 148 4723 3422 4819">
     <span class='ocr_line' id='line_1_90' title="bbox 148 4723 3422 4819; baseline 0.007 -40"><span class='ocrx_word' id='word_1_666' title='bbox 148 4738 379 4796; x_wconf 82' lang='lat' dir='ltr'><strong>aperatur</strong></span> <span class='ocrx_word' id='word_1_667' title='bbox 425 4730 449 4791; x_wconf 84' lang='lat'><strong><em>(</em></strong></span> <span class='ocrx_word' id='word_1_668' title='bbox 474 4728 712 4783; x_wconf 87' lang='lat' dir='ltr'><strong>Sentent.</strong></span> <span class='ocrx_word' id='word_1_669' title='bbox 741 4723 846 4792; x_wconf 75' lang='grc'><strong>22,</strong></span> <span class='ocrx_word' id='word_1_670' title='bbox 875 4733 923 4779; x_wconf 89' lang='lat' dir='ltr'><strong>et</strong></span> <span class='ocrx_word' id='word_1_671' title='bbox 976 4741 1092 4780; x_wconf 83' lang='lat' dir='ltr'><strong>can.</strong></span> <span class='ocrx_word' id='word_1_672' title='bbox 1124 4727 1157 4783; x_wconf 89' lang='lat'>9</span> <span class='ocrx_word' id='word_1_673' title='bbox 1188 4730 1371 4783; x_wconf 90' lang='lat' dir='ltr'><strong>concil.</strong></span> <span class='ocrx_word' id='word_1_674' title='bbox 1413 4745 1448 4784; x_wconf 89' lang='grc' dir='ltr'><strong>ιι</strong></span> <span class='ocrx_word' id='word_1_675' title='bbox 1499 4732 1721 4787; x_wconf 80' lang='lat' dir='ltr'><strong>Arausi-</strong></span> <span class='ocrx_word' id='word_1_676' title='bbox 1748 4730 1803 4790; x_wconf 79' lang='grc' dir='ltr'><strong><em>Β</em></strong></span> <span class='ocrx_word' id='word_1_677' title='bbox 1829 4742 1929 4796; x_wconf 86' lang='lat' dir='ltr'><strong>ista</strong></span> <span class='ocrx_word' id='word_1_678' title='bbox 1968 4744 2161 4811; x_wconf 89' lang='lat' dir='ltr'><strong>poscit,</strong></span> <span class='ocrx_word' id='word_1_679' title='bbox 2188 4751 2241 4796; x_wconf 87' lang='lat' dir='ltr'><strong>et</strong></span> <span class='ocrx_word' id='word_1_680' title='bbox 2275 4750 2298 4779; x_wconf 74' lang='grc'><strong><em>⁸</em></strong></span> <span class='ocrx_word' id='word_1_681' title='bbox 2332 4742 2539 4809; x_wconf 85' lang='lat' dir='ltr'><strong>perlicit</strong></span> <span class='ocrx_word' id='word_1_682' title='bbox 2572 4744 2620 4797; x_wconf 90' lang='lat' dir='ltr'><strong>ei</strong></span> <span class='ocrx_word' id='word_1_683' title='bbox 2654 4746 2827 4815; x_wconf 67' lang='lat' dir='ltr'><strong>gratia</strong></span> <span class='ocrx_word' id='word_1_684' title='bbox 2867 4746 2985 4813; x_wconf 88' lang='lat' dir='ltr'><strong>Dei,</strong></span> <span class='ocrx_word' id='word_1_685' title='bbox 3018 4723 3189 4817; x_wconf 78' lang='lat' dir='ltr'><strong>magis</strong></span> <span class='ocrx_word' id='word_1_686' title='bbox 3228 4750 3422 4819; x_wconf 80' lang='lat' dir='ltr'><strong>magis-</strong></span> 
     </span>
    </p>
   </div>
   <div class='ocr_carea' id='block_1_91' title="bbox 143 4823 281 4889">
    <p class='ocr_par' dir='ltr' id='par_1_91' title="bbox 143 4823 281 4889">
     <span class='ocr_line' id='line_1_91' title="bbox 143 4823 281 4889; baseline 0.043 -18"><span class='ocrx_word' id='word_1_687' title='bbox 143 4823 281 4889; x_wconf 86' lang='lat' dir='ltr'><strong>cani).</strong></span> 
     </span>
    </p>
   </div>
   <div class='ocr_carea' id='block_1_92' title="bbox 204 4915 1722 4991">
    <p class='ocr_par' dir='ltr' id='par_1_92' title="bbox 204 4915 1722 4991">
     <span class='ocr_line' id='line_1_92' title="bbox 204 4915 1722 4991; baseline 0.006 -24"><span class='ocrx_word' id='word_1_688' title='bbox 204 4915 379 4985; x_wconf 84' lang='lat' dir='ltr'><strong>(Vers.</strong></span> <span class='ocrx_word' id='word_1_689' title='bbox 409 4917 531 4991; x_wconf 87' lang='lat'><strong>60.)</strong></span> <span class='ocrx_word' id='word_1_690' title='bbox 566 4918 791 4975; x_wconf 86' lang='lat' dir='ltr'><strong>Paratus</strong></span> <span class='ocrx_word' id='word_1_691' title='bbox 827 4936 965 4987; x_wconf 78' lang='lat' dir='ltr'><strong>sum,</strong></span> <span class='ocrx_word' id='word_1_692' title='bbox 998 4928 1046 4975; x_wconf 92' lang='lat' dir='ltr'><strong>et</strong></span> <span class='ocrx_word' id='word_1_693' title='bbox 1087 4936 1192 4975; x_wconf 87' lang='lat' dir='ltr'><strong>non</strong></span> <span class='ocrx_word' id='word_1_694' title='bbox 1226 4936 1340 4975; x_wconf 89' lang='lat' dir='ltr'><strong>sum</strong></span> <span class='ocrx_word' id='word_1_695' title='bbox 1378 4919 1629 4986; x_wconf 87' lang='lat' dir='ltr'><strong>turbatus,</strong></span> <span class='ocrx_word' id='word_1_696' title='bbox 1667 4931 1722 4976; x_wconf 87' lang='lat' dir='ltr'><strong>ut</strong></span> 
     </span>
    </p>
   </div>
   <div class='ocr_carea' id='block_1_93' title="bbox 144 5011 1723 5081">
    <p class='ocr_par' dir='ltr' id='par_1_93' title="bbox 144 5011 1723 5081">
     <span class='ocr_line' id='line_1_93' title="bbox 144 5011 1723 5081; baseline 0.007 -21"><span class='ocrx_word' id='word_1_697' title='bbox 144 5011 408 5064; x_wconf 71' lang='lat' dir='ltr'><strong>custodiam</strong></span> <span class='ocrx_word' id='word_1_698' title='bbox 440 5012 687 5064; x_wconf 87' lang='lat' dir='ltr'><strong>mandata</strong></span> <span class='ocrx_word' id='word_1_699' title='bbox 727 5022 835 5069; x_wconf 84' lang='lat' dir='ltr'><strong>tua.</strong></span> <span class='ocrx_word' id='word_1_700' title='bbox 872 5013 1177 5070; x_wconf 81' lang='lat' dir='ltr'><strong>Conﬁtetur</strong></span> <span class='ocrx_word' id='word_1_701' title='bbox 1204 5014 1500 5081; x_wconf 88' lang='lat' dir='ltr'><strong>humiliter,</strong></span> <span class='ocrx_word' id='word_1_702' title='bbox 1530 5014 1596 5070; x_wconf 85' lang='lat' dir='ltr'><strong>ad</strong></span> <span class='ocrx_word' id='word_1_703' title='bbox 1624 5030 1723 5071; x_wconf 90' lang='lat' dir='ltr'><strong>cu-</strong></span> 
     </span>
    </p>
   </div>
   <div class='ocr_carea' id='block_1_94' title="bbox 142 5102 1720 5179">
    <p class='ocr_par' dir='ltr' id='par_1_94' title="bbox 142 5102 1720 5179">
     <span class='ocr_line' id='line_1_94' title="bbox 142 5102 1720 5179; baseline 0.011 -29"><span class='ocrx_word' id='word_1_704' title='bbox 142 5102 403 5159; x_wconf 73' lang='lat' dir='ltr'><strong>stodtenda</strong></span> <span class='ocrx_word' id='word_1_705' title='bbox 446 5104 697 5161; x_wconf 85' lang='lat' dir='ltr'><strong>mandata</strong></span> <span class='ocrx_word' id='word_1_706' title='bbox 738 5117 1079 5163; x_wconf 85' lang='lat' dir='ltr'><strong>constantem</strong></span> <span class='ocrx_word' id='word_1_707' title='bbox 1119 5122 1183 5164; x_wconf 88' lang='lat' dir='ltr'><strong>se</strong></span> <span class='ocrx_word' id='word_1_708' title='bbox 1222 5106 1419 5163; x_wconf 77' lang='lat' dir='ltr'><strong>factum</strong></span> <span class='ocrx_word' id='word_1_709' title='bbox 1459 5122 1580 5165; x_wconf 89' lang='lat' dir='ltr'><strong>esse</strong></span> <span class='ocrx_word' id='word_1_710' title='bbox 1626 5127 1720 5179; x_wconf 89' lang='lat' dir='ltr'><strong>per</strong></span> 
     </span>
    </p>
   </div>
   <div class='ocr_carea' id='block_1_95' title="bbox 137 5205 363 5260">
    <p class='ocr_par' dir='ltr' id='par_1_95' title="bbox 137 5205 363 5260">
     <span class='ocr_line' id='line_1_95' title="bbox 137 5205 363 5260; baseline 0.022 -14"><span class='ocrx_word' id='word_1_711' title='bbox 137 5205 363 5260; x_wconf 69' lang='lat' dir='ltr'><strong>gratiam.</strong></span> 
     </span>
    </p>
   </div>
   <div class='ocr_carea' id='block_1_96' title="bbox 198 5358 1714 5431">
    <p class='ocr_par' dir='ltr' id='par_1_96' title="bbox 198 5358 1714 5431">
     <span class='ocr_line' id='line_1_96' title="bbox 198 5358 1714 5431; baseline 0.007 -17"><span class='ocrx_word' id='word_1_712' title='bbox 198 5368 219 5395; x_wconf 81' lang='grc' dir='ltr'><strong>ι</strong></span> <span class='ocrx_word' id='word_1_713' title='bbox 248 5358 321 5415; x_wconf 84' lang='lat' dir='ltr'><strong>ita</strong></span> <span class='ocrx_word' id='word_1_714' title='bbox 348 5361 483 5418; x_wconf 85' lang='lat' dir='ltr'><strong>editi</strong></span> <span class='ocrx_word' id='word_1_715' title='bbox 506 5376 698 5416; x_wconf 84' lang='lat' dir='ltr'><strong>omnes</strong></span> <span class='ocrx_word' id='word_1_716' title='bbox 726 5362 1089 5430; x_wconf 85' lang='lat' dir='ltr'><strong>Prosperiani.</strong></span> <span class='ocrx_word' id='word_1_717' title='bbox 1122 5362 1256 5419; x_wconf 87' lang='lat' dir='ltr'><strong>Cum</strong></span> <span class='ocrx_word' id='word_1_718' title='bbox 1283 5377 1413 5418; x_wconf 84' lang='lat' dir='ltr'><strong>vero</strong></span> <span class='ocrx_word' id='word_1_719' title='bbox 1436 5362 1577 5431; x_wconf 84' lang='lat' dir='ltr'><strong>apud</strong></span> <span class='ocrx_word' id='word_1_720' title='bbox 1608 5367 1714 5424; x_wconf 82' lang='lat' dir='ltr'><strong>Au-</strong></span> 
     </span>
    </p>
   </div>
   <div class='ocr_carea' id='block_1_97' title="bbox 133 5432 1717 5501">
    <p class='ocr_par' dir='ltr' id='par_1_97' title="bbox 133 5432 1717 5501">
     <span class='ocr_line' id='line_1_97' title="bbox 133 5432 1717 5501; baseline 0.005 -17"><span class='ocrx_word' id='word_1_721' title='bbox 133 5432 387 5497; x_wconf 61' lang='lat' dir='ltr'><strong>gustinum</strong></span> <span class='ocrx_word' id='word_1_722' title='bbox 412 5434 644 5501; x_wconf 77' lang='lat' dir='ltr'><strong>legatur,</strong></span> <span class='ocrx_word' id='word_1_723' title='bbox 664 5432 786 5489; x_wconf 70' lang='lat' dir='ltr'><strong>No.1:</strong></span> <span class='ocrx_word' id='word_1_724' title='bbox 805 5445 879 5489; x_wconf 88' lang='lat' dir='ltr'><strong>est</strong></span> <span class='ocrx_word' id='word_1_725' title='bbox 898 5436 989 5490; x_wconf 84' lang='lat' dir='ltr'><strong>illa</strong></span> <span class='ocrx_word' id='word_1_726' title='bbox 1010 5437 1295 5501; x_wconf 83' lang='lat' dir='ltr'><strong>humilitas,</strong></span> <span class='ocrx_word' id='word_1_727' title='bbox 1322 5434 1409 5489; x_wconf 85' lang='lat' dir='ltr'><strong>ubi</strong></span> <span class='ocrx_word' id='word_1_728' title='bbox 1434 5445 1507 5489; x_wconf 89' lang='lat' dir='ltr'><strong>est</strong></span> <span class='ocrx_word' id='word_1_729' title='bbox 1527 5448 1717 5493; x_wconf 85' lang='lat' dir='ltr'><strong>morta-</strong></span> 
     </span>
    </p>
   </div>
   <div class='ocr_carea' id='block_1_98' title="bbox 132 5504 1713 5591">
    <p class='ocr_par' dir='ltr' id='par_1_98' title="bbox 132 5504 1713 5591">
     <span class='ocr_line' id='line_1_98' title="bbox 132 5504 1713 5591; baseline 0.009 -40"><span class='ocrx_word' id='word_1_730' title='bbox 132 5504 275 5591; x_wconf 56' lang='lat' dir='ltr'><strong>litatis</strong></span> <span class='ocrx_word' id='word_1_731' title='bbox 315 5522 576 5591; x_wconf 49' lang='lat' dir='ltr'><strong>(erumna,</strong></span> <span class='ocrx_word' id='word_1_732' title='bbox 620 5522 727 5589; x_wconf 76' lang='lat' dir='ltr'><strong>non</strong></span> <span class='ocrx_word' id='word_1_733' title='bbox 766 5508 1035 5563; x_wconf 85' lang='lat' dir='ltr'><strong>immerito</strong></span> <span class='ocrx_word' id='word_1_734' title='bbox 1073 5506 1215 5562; x_wconf 82' lang='lat' dir='ltr'><strong>forte</strong></span> <span class='ocrx_word' id='word_1_735' title='bbox 1244 5506 1598 5591; x_wconf 60' lang='lat' dir='ltr'><strong>suspicantur</strong></span> <span class='ocrx_word' id='word_1_736' title='bbox 1635 5512 1713 5566; x_wconf 86' lang='lat' dir='ltr'><strong>le-</strong></span> 
     </span>
    </p>
   </div>
   <div class='ocr_carea' id='block_1_99' title="bbox 128 5574 1713 5653">
    <p class='ocr_par' dir='ltr' id='par_1_99' title="bbox 128 5574 1713 5653">
     <span class='ocr_line' id='line_1_99' title="bbox 128 5574 1713 5653; baseline 0.004 -26"><span class='ocrx_word' id='word_1_737' title='bbox 128 5574 341 5653; x_wconf 70' lang='lat' dir='ltr'><strong>gendum</strong></span> <span class='ocrx_word' id='word_1_738' title='bbox 375 5596 392 5636; x_wconf 85' lang='lat'><strong>:</strong></span> <span class='ocrx_word' id='word_1_739' title='bbox 435 5576 565 5632; x_wconf 71' lang='lat' dir='ltr'><strong>No:</strong></span> <span class='ocrx_word' id='word_1_740' title='bbox 600 5587 675 5653; x_wconf 76' lang='lat' dir='ltr'><strong>est</strong></span> <span class='ocrx_word' id='word_1_741' title='bbox 708 5578 1031 5653; x_wconf 66' lang='lat' dir='ltr'><strong>ina’rumna</strong></span> <span class='ocrx_word' id='word_1_742' title='bbox 1065 5574 1428 5653; x_wconf 71' lang='lat' dir='ltr'><strong>mortalitatis;</strong></span> <span class='ocrx_word' id='word_1_743' title='bbox 1451 5593 1590 5648; x_wconf 88' lang='lat' dir='ltr'><strong>nam,</strong></span> <span class='ocrx_word' id='word_1_744' title='bbox 1616 5596 1713 5653; x_wconf 82' lang='lat' dir='ltr'><strong>pro</strong></span> 
     </span>
    </p>
   </div>
   <div class='ocr_carea' id='block_1_100' title="bbox 132 5644 1422 5721">
    <p class='ocr_par' dir='ltr' id='par_1_100' title="bbox 132 5644 1422 5721">
     <span class='ocr_line' id='line_1_100' title="bbox 132 5644 1422 5721; baseline 0.005 -24"><span class='ocrx_word' id='word_1_745' title='bbox 132 5644 478 5721; x_wconf 55' lang='lat' dir='ltr'><strong>ueternum,</strong></span> <span class='ocrx_word' id='word_1_746' title='bbox 515 5648 660 5721; x_wconf 85' lang='lat' dir='ltr'><strong>quod</strong></span> <span class='ocrx_word' id='word_1_747' title='bbox 700 5650 834 5703; x_wconf 85' lang='lat' dir='ltr'><strong>editi</strong></span> <span class='ocrx_word' id='word_1_748' title='bbox 879 5665 1070 5705; x_wconf 88' lang='lat' dir='ltr'><strong>omnes</strong></span> <span class='ocrx_word' id='word_1_749' title='bbox 1109 5648 1422 5721; x_wconf 72' lang='lat' dir='ltr'><strong>prmferttut.</strong></span> 
     </span>
    </p>
   </div>
   <div class='ocr_carea' id='block_1_101' title="bbox 184 5716 1708 5793">
    <p class='ocr_par' dir='ltr' id='par_1_101' title="bbox 184 5716 1708 5793">
     <span class='ocr_line' id='line_1_101' title="bbox 184 5716 1708 5793; baseline 0.005 -22"><span class='ocrx_word' id='word_1_750' title='bbox 184 5716 210 5755; x_wconf 67' lang='grc' dir='ltr'>δ</span> <span class='ocrx_word' id='word_1_751' title='bbox 242 5720 366 5773; x_wconf 69' lang='grc' dir='ltr'>ΙΙωιε</span> <span class='ocrx_word' id='word_1_752' title='bbox 396 5716 999 5793; x_wconf 63' lang='lat' dir='ltr'><strong>intellnge,_snpplendo</strong></span> <span class='ocrx_word' id='word_1_753' title='bbox 1040 5716 1159 5784; x_wconf 66' lang='lat' dir='ltr'><strong>uuie</strong></span> <span class='ocrx_word' id='word_1_754' title='bbox 1203 5731 1329 5776; x_wconf 84' lang='lat' dir='ltr'><strong>sunt</strong></span> <span class='ocrx_word' id='word_1_755' title='bbox 1358 5722 1497 5782; x_wconf 78' lang='lat' dir='ltr'><strong>apud</strong></span> <span class='ocrx_word' id='word_1_756' title='bbox 1528 5725 1708 5793; x_wconf 80' lang='lat' dir='ltr'><strong>Augu-</strong></span> 
     </span>
    </p>
   </div>
   <div class='ocr_carea' id='block_1_102' title="bbox 122 5790 1707 5861">
    <p class='ocr_par' dir='ltr' id='par_1_102' title="bbox 122 5790 1707 5861">
     <span class='ocr_line' id='line_1_102' title="bbox 122 5790 1707 5861; baseline 0.008 -19"><span class='ocrx_word' id='word_1_757' title='bbox 122 5790 329 5855; x_wconf 80' lang='lat' dir='ltr'><strong>st&#39;num,</strong></span> <span class='ocrx_word' id='word_1_758' title='bbox 362 5792 508 5855; x_wconf 80' lang='lat' dir='ltr'><strong>Quid</strong></span> <span class='ocrx_word' id='word_1_759' title='bbox 540 5803 636 5855; x_wconf 79' lang='lat' dir='ltr'><strong>est,</strong></span> <span class='ocrx_word' id='word_1_760' title='bbox 664 5790 842 5846; x_wconf 85' lang='lat' dir='ltr'><strong>Portio</strong></span> <span class='ocrx_word' id='word_1_761' title='bbox 872 5809 1006 5861; x_wconf 90' lang='lat' dir='ltr'><strong>mea,</strong></span> <span class='ocrx_word' id='word_1_762' title='bbox 1038 5793 1280 5860; x_wconf 87' lang='lat' dir='ltr'><strong>Domine,</strong></span> <span class='ocrx_word' id='word_1_763' title='bbox 1313 5795 1421 5847; x_wconf 70' lang='lat' dir='ltr'><strong>dixi</strong></span> <span class='ocrx_word' id='word_1_764' title='bbox 1447 5790 1707 5854; x_wconf 81' lang='lat' dir='ltr'><strong>custodire</strong></span> 
     </span>
    </p>
   </div>
   <div class='ocr_carea' id='block_1_103' title="bbox 122 5861 889 5933">
    <p class='ocr_par' dir='ltr' id='par_1_103' title="bbox 122 5861 889 5933">
     <span class='ocr_line' id='line_1_103' title="bbox 122 5861 889 5933; baseline 0.007 -22"><span class='ocrx_word' id='word_1_765' title='bbox 122 5861 265 5933; x_wconf 60' lang='lat' dir='ltr'><strong>legem</strong></span> <span class='ocrx_word' id='word_1_766' title='bbox 295 5874 466 5924; x_wconf 89' lang='lat' dir='ltr'><strong>tuam,</strong></span> <span class='ocrx_word' id='word_1_767' title='bbox 490 5864 589 5917; x_wconf 85' lang='lat' dir='ltr'><strong>nisi</strong></span> <span class='ocrx_word' id='word_1_768' title='bbox 612 5864 752 5929; x_wconf 84' lang='lat' dir='ltr'><strong>quia,</strong></span> <span class='ocrx_word' id='word_1_769' title='bbox 782 5876 889 5922; x_wconf 86' lang='lat' dir='ltr'><strong>etc.</strong></span> 
     </span>
    </p>
   </div>
   <div class='ocr_carea' id='block_1_104' title="bbox 182 5933 1702 6010">
    <p class='ocr_par' dir='ltr' id='par_1_104' title="bbox 182 5933 1702 6010">
     <span class='ocr_line' id='line_1_104' title="bbox 182 5933 1702 6010; baseline 0.005 -20"><span class='ocrx_word' id='word_1_770' title='bbox 182 5946 204 5975; x_wconf 67' lang='grc' dir='ltr'><em>ε</em></span> <span class='ocrx_word' id='word_1_771' title='bbox 235 5933 472 6001; x_wconf 82' lang='lat' dir='ltr'><strong>Lovan.,</strong></span> <span class='ocrx_word' id='word_1_772' title='bbox 505 5934 667 5992; x_wconf 74' lang='lat' dir='ltr'><strong>Duae.</strong></span> <span class='ocrx_word' id='word_1_773' title='bbox 694 5945 746 5993; x_wconf 81' lang='lat' dir='ltr'><strong>et</strong></span> <span class='ocrx_word' id='word_1_774' title='bbox 778 5936 995 6004; x_wconf 67' lang='grc' dir='ltr'><strong>ϐυΙοιι..</strong></span> <span class='ocrx_word' id='word_1_775' title='bbox 1026 5946 1207 5993; x_wconf 86' lang='lat' dir='ltr'><strong>etcum</strong></span> <span class='ocrx_word' id='word_1_776' title='bbox 1230 5947 1362 5994; x_wconf 76' lang='lat' dir='ltr'><strong>recte</strong></span> <span class='ocrx_word' id='word_1_777' title='bbox 1395 5939 1702 6010; x_wconf 74' lang='lat' dir='ltr'><strong>cogitamus,</strong></span> 
     </span>
    </p>
   </div>
   <div class='ocr_carea' id='block_1_105' title="bbox 1826 4833 3419 4906">
    <p class='ocr_par' dir='ltr' id='par_1_105' title="bbox 1826 4833 3419 4906">
     <span class='ocr_line' id='line_1_105' title="bbox 1826 4833 3419 4906; baseline 0.005 -18"><span class='ocrx_word' id='word_1_778' title='bbox 1826 4850 1931 4906; x_wconf 85' lang='lat' dir='ltr'><strong>que</strong></span> <span class='ocrx_word' id='word_1_779' title='bbox 1958 4834 2012 4888; x_wconf 88' lang='lat' dir='ltr'><strong>in</strong></span> <span class='ocrx_word' id='word_1_780' title='bbox 2042 4834 2189 4888; x_wconf 90' lang='lat' dir='ltr'><strong>omni</strong></span> <span class='ocrx_word' id='word_1_781' title='bbox 2216 4833 2506 4890; x_wconf 88' lang='lat' dir='ltr'><strong>dulcedine</strong></span> <span class='ocrx_word' id='word_1_782' title='bbox 2542 4836 2817 4893; x_wconf 84' lang='lat' dir='ltr'><strong>bonitatis.</strong></span> <span class='ocrx_word' id='word_1_783' title='bbox 2856 4838 3027 4895; x_wconf 89' lang='lat' dir='ltr'><strong>Docet</strong></span> <span class='ocrx_word' id='word_1_784' title='bbox 3062 4852 3240 4896; x_wconf 86' lang='lat' dir='ltr'><strong>autem</strong></span> <span class='ocrx_word' id='word_1_785' title='bbox 3273 4841 3419 4896; x_wconf 80' lang='lat' dir='ltr'><strong>Deus</strong></span> 
     </span>
    </p>
   </div>
   <div class='ocr_carea' id='block_1_106' title="bbox 1826 4929 3416 5003">
    <p class='ocr_par' dir='ltr' id='par_1_106' title="bbox 1826 4929 3416 5003">
     <span class='ocr_line' id='line_1_106' title="bbox 1826 4929 3416 5003; baseline 0.004 -22"><span class='ocrx_word' id='word_1_786' title='bbox 1826 4929 2146 4994; x_wconf 82' lang='lat' dir='ltr'><strong>suavitatem,</strong></span> <span class='ocrx_word' id='word_1_787' title='bbox 2162 4929 2835 4998; x_wconf 85' lang='lat' dir='ltr'><strong>inspirandodilectionem</strong></span> <span class='ocrx_word' id='word_1_788' title='bbox 2857 4953 2869 4988; x_wconf 91' lang='lat'><strong>:</strong></span> <span class='ocrx_word' id='word_1_789' title='bbox 2887 4935 3049 4992; x_wconf 89' lang='lat' dir='ltr'><strong>docet</strong></span> <span class='ocrx_word' id='word_1_790' title='bbox 3066 4936 3416 5003; x_wconf 81' lang='lat' dir='ltr'><strong>disciplinam,</strong></span> 
     </span>
    </p>
   </div>
   <div class='ocr_carea' id='block_1_107' title="bbox 1828 5020 3414 5095">
    <p class='ocr_par' dir='ltr' id='par_1_107' title="bbox 1828 5020 3414 5095">
     <span class='ocr_line' id='line_1_107' title="bbox 1828 5020 3414 5095; baseline 0.003 -21"><span class='ocrx_word' id='word_1_791' title='bbox 1828 5020 1989 5095; x_wconf 59' lang='grc' dir='ltr'><strong>ατ</strong></span> <span class='ocrx_word' id='word_1_792' title='bbox 2038 5023 2389 5093; x_wconf 84' lang='lat' dir='ltr'><strong>temperando</strong></span> <span class='ocrx_word' id='word_1_793' title='bbox 2439 5025 2872 5095; x_wconf 82' lang='lat' dir='ltr'><strong>tribulationem;</strong></span> <span class='ocrx_word' id='word_1_794' title='bbox 2927 5028 3083 5082; x_wconf 86' lang='lat' dir='ltr'><strong>docet</strong></span> <span class='ocrx_word' id='word_1_795' title='bbox 3130 5029 3414 5092; x_wconf 86' lang='lat' dir='ltr'><strong>scientiam,</strong></span> 
     </span>
    </p>
   </div>
   <div class='ocr_carea' id='block_1_108' title="bbox 1827 5115 3416 5187">
    <p class='ocr_par' dir='ltr' id='par_1_108' title="bbox 1827 5115 3416 5187">
     <span class='ocr_line' id='line_1_108' title="bbox 1827 5115 3416 5187; baseline 0.002 -18"><span class='ocrx_word' id='word_1_796' title='bbox 1827 5115 2154 5171; x_wconf 84' lang='lat' dir='ltr'><strong>insinuando</strong></span> <span class='ocrx_word' id='word_1_797' title='bbox 2182 5116 2568 5185; x_wconf 80' lang='lat' dir='ltr'><strong>cognitionem.</strong></span> <span class='ocrx_word' id='word_1_798' title='bbox 2603 5119 2740 5187; x_wconf 82' lang='lat' dir='ltr'><strong>Quia</strong></span> <span class='ocrx_word' id='word_1_799' title='bbox 2767 5117 3029 5173; x_wconf 75' lang='lat' dir='ltr'><strong>mandatis</strong></span> <span class='ocrx_word' id='word_1_800' title='bbox 3060 5119 3160 5171; x_wconf 75' lang='lat' dir='ltr'><strong>tuis</strong></span> <span class='ocrx_word' id='word_1_801' title='bbox 3188 5120 3416 5185; x_wconf 85' lang='lat' dir='ltr'><strong>credidi;</strong></span> 
     </span>
    </p>
   </div>
   <div class='ocr_carea' id='block_1_109' title="bbox 1826 5210 3417 5281">
    <p class='ocr_par' dir='ltr' id='par_1_109' title="bbox 1826 5210 3417 5281">
     <span class='ocr_line' id='line_1_109' title="bbox 1826 5210 3417 5281; baseline 0.001 -15"><span class='ocrx_word' id='word_1_802' title='bbox 1826 5211 1929 5268; x_wconf 86' lang='lat' dir='ltr'><strong>hoc</strong></span> <span class='ocrx_word' id='word_1_803' title='bbox 1958 5219 2062 5277; x_wconf 86' lang='lat' dir='ltr'><strong>est,</strong></span> <span class='ocrx_word' id='word_1_804' title='bbox 2095 5210 2298 5266; x_wconf 84' lang='lat' dir='ltr'><strong>credidi</strong></span> <span class='ocrx_word' id='word_1_805' title='bbox 2335 5211 2480 5281; x_wconf 89' lang='lat' dir='ltr'><strong>quod</strong></span> <span class='ocrx_word' id='word_1_806' title='bbox 2511 5221 2569 5267; x_wconf 87' lang='lat' dir='ltr'><strong>tu</strong></span> <span class='ocrx_word' id='word_1_807' title='bbox 2610 5214 2697 5268; x_wconf 84' lang='lat' dir='ltr'><strong>illa</strong></span> <span class='ocrx_word' id='word_1_808' title='bbox 2737 5211 3099 5278; x_wconf 85' lang='lat' dir='ltr'><strong>mandaveris,</strong></span> <span class='ocrx_word' id='word_1_809' title='bbox 3128 5211 3218 5281; x_wconf 90' lang='lat' dir='ltr'><strong>qui</strong></span> <span class='ocrx_word' id='word_1_810' title='bbox 3247 5210 3417 5268; x_wconf 82' lang='lat' dir='ltr'><strong>donas</strong></span> 
     </span>
    </p>
   </div>
   <div class='ocr_carea' id='block_1_110' title="bbox 1822 5365 3416 5439">
    <p class='ocr_par' dir='ltr' id='par_1_110' title="bbox 1822 5365 3416 5439">
     <span class='ocr_line' id='line_1_110' title="bbox 1822 5365 3416 5439; baseline 0.001 -16"><span class='ocrx_word' id='word_1_811' title='bbox 1822 5379 1871 5424; x_wconf 92' lang='lat' dir='ltr'><strong>et</strong></span> <span class='ocrx_word' id='word_1_812' title='bbox 1908 5368 2080 5439; x_wconf 84' lang='lat' dir='ltr'><strong>pedes,</strong></span> <span class='ocrx_word' id='word_1_813' title='bbox 2122 5376 2227 5439; x_wconf 75' lang='lat' dir='ltr'><strong>etc.</strong></span> <span class='ocrx_word' id='word_1_814' title='bbox 2267 5366 2539 5439; x_wconf 79' lang='lat' dir='ltr'><strong>Lugdun.,</strong></span> <span class='ocrx_word' id='word_1_815' title='bbox 2572 5385 2690 5423; x_wconf 89' lang='lat' dir='ltr'><strong>cum</strong></span> <span class='ocrx_word' id='word_1_816' title='bbox 2722 5376 2769 5422; x_wconf 87' lang='lat' dir='ltr'><strong>et</strong></span> <span class='ocrx_word' id='word_1_817' title='bbox 2812 5377 2965 5422; x_wconf 76' lang='lat' dir='ltr'><strong>recte.</strong></span> <span class='ocrx_word' id='word_1_818' title='bbox 3003 5365 3094 5423; x_wconf 87' lang='lat' dir='ltr'><strong>Sic</strong></span> <span class='ocrx_word' id='word_1_819' title='bbox 3120 5381 3335 5438; x_wconf 87' lang='lat' dir='ltr'><strong>quoque</strong></span> <span class='ocrx_word' id='word_1_820' title='bbox 3363 5372 3416 5428; x_wconf 89' lang='lat' dir='ltr'><strong>in</strong></span> 
     </span>
    </p>
   </div>
   <div class='ocr_carea' id='block_1_111' title="bbox 1822 5437 3414 5513">
    <p class='ocr_par' dir='ltr' id='par_1_111' title="bbox 1822 5437 3414 5513">
     <span class='ocr_line' id='line_1_111' title="bbox 1822 5437 3414 5513; baseline 0.001 -18"><span class='ocrx_word' id='word_1_821' title='bbox 1822 5437 2090 5495; x_wconf 81' lang='lat' dir='ltr'><strong>sententia</strong></span> <span class='ocrx_word' id='word_1_822' title='bbox 2129 5437 2221 5507; x_wconf 68' lang='lat'><strong>22,</strong></span> <span class='ocrx_word' id='word_1_823' title='bbox 2267 5441 2319 5495; x_wconf 92' lang='lat' dir='ltr'><strong>in</strong></span> <span class='ocrx_word' id='word_1_824' title='bbox 2354 5437 2467 5511; x_wconf 27' lang='lat' dir='ltr'><strong>ique</strong></span> <span class='ocrx_word' id='word_1_825' title='bbox 2519 5457 2617 5512; x_wconf 85' lang='lat' dir='ltr'><strong>pro</strong></span> <span class='ocrx_word' id='word_1_826' title='bbox 2660 5450 2791 5495; x_wconf 84' lang='lat' dir='ltr'><strong>recte</strong></span> <span class='ocrx_word' id='word_1_827' title='bbox 2828 5439 3058 5508; x_wconf 75' lang='lat' dir='ltr'><strong>legimus</strong></span> <span class='ocrx_word' id='word_1_828' title='bbox 3096 5437 3414 5513; x_wconf 37' lang='lat' dir='ltr'><strong>recta&#39;cogi-</strong></span> 
     </span>
    </p>
   </div>
   <div class='ocr_carea' id='block_1_112' title="bbox 1820 5520 3413 5655">
    <p class='ocr_par' dir='ltr' id='par_1_112' title="bbox 1820 5520 3413 5655">
     <span class='ocr_line' id='line_1_112' title="bbox 1820 5520 3413 5655; baseline 0.004 -18"><span class='ocrx_word' id='word_1_829' title='bbox 1820 5520 2283 5655; x_wconf 40' lang='lat' dir='ltr'><strong>maluibgustinus</strong></span> <span class='ocrx_word' id='word_1_830' title='bbox 2316 5585 2371 5637; x_wconf 83' lang='lat' dir='ltr'><strong>in</strong></span> <span class='ocrx_word' id='word_1_831' title='bbox 2404 5594 2615 5649; x_wconf 85' lang='lat' dir='ltr'><strong>terram,</strong></span> <span class='ocrx_word' id='word_1_832' title='bbox 2651 5591 2713 5638; x_wconf 89' lang='lat' dir='ltr'><strong>ut</strong></span> <span class='ocrx_word' id='word_1_833' title='bbox 2740 5581 2794 5637; x_wconf 88' lang='lat' dir='ltr'><strong>in</strong></span> <span class='ocrx_word' id='word_1_834' title='bbox 2825 5588 3058 5652; x_wconf 86' lang='lat' dir='ltr'><strong>utroque</strong></span> <span class='ocrx_word' id='word_1_835' title='bbox 3085 5593 3232 5642; x_wconf 78' lang='lat' dir='ltr'><strong>testu</strong></span> <span class='ocrx_word' id='word_1_836' title='bbox 3259 5586 3413 5643; x_wconf 83' lang='lat' dir='ltr'><strong>Scri-</strong></span> 
     </span>
    </p>
   </div>
   <div class='ocr_carea' id='block_1_113' title="bbox 1825 5665 3408 5800">
    <p class='ocr_par' dir='ltr' id='par_1_113' title="bbox 1825 5665 3408 5800">
     <span class='ocr_line' id='line_1_113' title="bbox 1825 5665 3408 5800; baseline 0.016 -37"><span class='ocrx_word' id='word_1_837' title='bbox 1825 5665 2116 5800; x_wconf 32' lang='lat' dir='ltr'><strong>‘iirrfpud</strong></span> <span class='ocrx_word' id='word_1_838' title='bbox 2132 5726 2511 5800; x_wconf 69' lang='lat' dir='ltr'><strong>Augustinum.</strong></span> <span class='ocrx_word' id='word_1_839' title='bbox 2531 5734 2582 5800; x_wconf 74' lang='lat' dir='ltr'><strong>et</strong></span> <span class='ocrx_word' id='word_1_840' title='bbox 2600 5724 2817 5800; x_wconf 79' lang='lat' dir='ltr'><strong>perﬁci;</strong></span> <span class='ocrx_word' id='word_1_841' title='bbox 2839 5743 2958 5781; x_wconf 85' lang='lat' dir='ltr'><strong>nam</strong></span> <span class='ocrx_word' id='word_1_842' title='bbox 2988 5730 3160 5800; x_wconf 85' lang='lat' dir='ltr'><strong>utique</strong></span> <span class='ocrx_word' id='word_1_843' title='bbox 3186 5730 3274 5799; x_wconf 77' lang='lat' dir='ltr'><strong>qui</strong></span> <span class='ocrx_word' id='word_1_844' title='bbox 3291 5732 3408 5800; x_wconf 71' lang='lat' dir='ltr'><strong>jam</strong></span> 
     </span>
    </p>
   </div>
   <div class='ocr_carea' id='block_1_114' title="bbox 1816 5795 3407 5866">
    <p class='ocr_par' dir='ltr' id='par_1_114' title="bbox 1816 5795 3407 5866">
     <span class='ocr_line' id='line_1_114' title="bbox 1816 5795 3407 5866; baseline 0.001 -15"><span class='ocrx_word' id='word_1_845' title='bbox 1816 5798 2039 5858; x_wconf 76' lang='lat' dir='ltr'><strong>dixerat.</strong></span> <span class='ocrx_word' id='word_1_846' title='bbox 2080 5797 2405 5853; x_wconf 76' lang='lat' dir='ltr'><strong>Suaritatem</strong></span> <span class='ocrx_word' id='word_1_847' title='bbox 2444 5795 2606 5860; x_wconf 70' lang='lat' dir='ltr'><strong>fecisti</strong></span> <span class='ocrx_word' id='word_1_848' title='bbox 2647 5812 2763 5849; x_wconf 81' lang='lat' dir='ltr'><strong>cum</strong></span> <span class='ocrx_word' id='word_1_849' title='bbox 2804 5816 2945 5851; x_wconf 77' lang='lat' dir='ltr'><strong>serra</strong></span> <span class='ocrx_word' id='word_1_850' title='bbox 2988 5795 3111 5865; x_wconf 58' lang='lat' dir='ltr'><strong>tno&#39;;</strong></span> <span class='ocrx_word' id='word_1_851' title='bbox 3151 5795 3407 5866; x_wconf 80' lang='lat' dir='ltr'><strong>quomodo</strong></span> 
     </span>
    </p>
   </div>
   <div class='ocr_carea' id='block_1_115' title="bbox 1817 5868 3401 5942">
    <p class='ocr_par' dir='ltr' id='par_1_115' title="bbox 1817 5868 3401 5942">
     <span class='ocr_line' id='line_1_115' title="bbox 1817 5868 3401 5942; baseline -0.001 -19"><span class='ocrx_word' id='word_1_852' title='bbox 1817 5872 1962 5929; x_wconf 81' lang='lat' dir='ltr'><strong>dicit.</strong></span> <span class='ocrx_word' id='word_1_853' title='bbox 1990 5870 2304 5942; x_wconf 75' lang='lat' dir='ltr'><strong>Snauitutem</strong></span> <span class='ocrx_word' id='word_1_854' title='bbox 2329 5870 2569 5942; x_wconf 77' lang='lat' dir='ltr'><strong>docente,</strong></span> <span class='ocrx_word' id='word_1_855' title='bbox 2594 5868 2791 5942; x_wconf 66' lang='lat' dir='ltr'><strong>nisiut</strong></span> <span class='ocrx_word' id='word_1_856' title='bbox 2822 5872 2867 5942; x_wconf 75' lang='lat' dir='ltr'><strong>ei</strong></span> <span class='ocrx_word' id='word_1_857' title='bbox 2900 5873 3065 5939; x_wconf 84' lang='lat' dir='ltr'><strong>gratia</strong></span> <span class='ocrx_word' id='word_1_858' title='bbox 3097 5871 3193 5925; x_wconf 79' lang='lat' dir='ltr'><strong>Dei</strong></span> <span class='ocrx_word' id='word_1_859' title='bbox 3223 5874 3401 5942; x_wconf 69' lang='lat' dir='ltr'><strong>magis,</strong></span> 
     </span>
    </p>
   </div>
   <div class='ocr_carea' id='block_1_116' title="bbox 1818 5936 2954 6009">
    <p class='ocr_par' dir='ltr' id='par_1_116' title="bbox 1818 5936 2954 6009">
     <span class='ocr_line' id='line_1_116' title="bbox 1818 5936 2954 6009; baseline -0.002 -13"><span class='ocrx_word' id='word_1_860' title='bbox 1818 5942 2078 6009; x_wconf 81' lang='lat' dir='ltr'><strong>magisque</strong></span> <span class='ocrx_word' id='word_1_861' title='bbox 2106 5939 2387 5995; x_wconf 79' lang='lat' dir='ltr'><strong>innotescat</strong></span> <span class='ocrx_word' id='word_1_862' title='bbox 2416 5936 2687 5995; x_wconf 81' lang='lat' dir='ltr'><strong>dulcedine</strong></span> <span class='ocrx_word' id='word_1_863' title='bbox 2714 5936 2954 5997; x_wconf 72' lang='lat' dir='ltr'><strong>bonitatis</strong></span> 
     </span>
    </p>
   </div>
  </div>
