4028 6352
519 373 625 439 διτ

1736 372 1795 428 S.
1840 363 2177 425 PROSPERI
2220 363 2544 431 AQUITANI

3682 354 3777 425 30

522 501 584 549 ut
614 491 773 557 ﬂant;
808 504 911 546 non
941 495 1118 544 autem
1146 488 1332 551 homo,
1362 484 1452 555 qui
1478 485 1576 543 etsi
1605 491 1783 554 potest
1806 492 1993 538 notum
2024 478 2100 534 ta-
2128 480 2177 557 Α
2210 493 2305 543 sn.
2341 478 2453 545 tt).
2486 475 2638 546 Quod
2673 490 2802 545 ergo
2839 475 2935 544 ait,
2972 473 3164 531 Manus
3341 476 3571 545 feces-am
3598 487 3696 537 sua.
3730 482 3772 527 et

521 599 648 643 cere
688 590 1033 653 pricceptum,
1068 592 1095 619 ι
1137 580 1458 636 obedientia:
1498 590 1677 635 tamen
1720 579 1955 632 tribuere
1998 590 2103 629 non

522 689 695 749 potem
720 674 940 729 donum.
964 674 1477 740 Docedisciplinam.
1497 670 1743 725 docendo
1766 668 2104 739 patientiam;

523 769 659 823 doce
683 768 983 825 scientiam.
1010 765 1359 819 illuminanda
1387 763 1821 835 intelligentiam;
1852 758 2105 831 quoniam

525 869 579 915 te
608 860 815 915 Credidi
848 860 936 913 illa
971 859 1272 918 mandasse.
1299 858 1388 926 qui
1420 858 1560 911 Deus
1586 872 1666 926 es,
1697 868 1751 925 et
1780 856 1982 910 homini
2011 854 2109 909 do-

526 965 626 1007 nas
648 950 677 989 δ
700 951 840 1006 unde
867 952 1033 1020 possit
1063 949 1237 1007 facere
1266 950 1407 1019 quod
1443 949 1683 1005 mandas.

533 1056 539 1061 '
599 1042 777 1113 (Ven.
829 1044 944 1106 67.)
989 1039 1301 1111 Priusquam
1368 1042 1665 1096 liumiliarer
1721 1055 1816 1113 ego
1879 1041 2108 1114 deliqui,

526 1146 795 1212 propterea
831 1136 1085 1208 eloquium
1124 1146 1263 1187 tuum
1302 1152 1395 1204 ego
1431 1135 1703 1193 custodiri.
1745 1139 1966 1204 l'rOpter
1999 1136 2108 1205 pi-i-

528 1244 698 1295 lnum,
724 1228 917 1298 inquit,
942 1228 1199 1281 delictum
1224 1227 1532 1280 humiliatus
1555 1243 1669 1280 sum
1694 1242 1709 1291 ;
1734 1236 1787 1281 et
1814 1243 1877 1281 ne
1899 1242 2110 1283 rur-um

528 1321 867 1388 ltumitiarer,
900 1320 1151 1391 eloquium
1181 1329 1323 1373 tuum
1354 1321 1626 1375 custodiui.
1657 1320 1732 1375 lta
1762 1337 1855 1388 per
1880 1322 2109 1393 giatiam

531 1421 675 1469 tuam
723 1411 924 1483 profuit
967 1414 1200 1484 experiri
1246 1429 1483 1484 poenam,
1521 1424 1577 1467 ut
1606 1413 1943 1484 acquirerem
1985 1415 2114 1471 obe-

530 1506 812 1561 diuntiam.

606 1599 785 1675 (Vers.
813 1596 931 1669 68.)
956 1597 1141 1652 Suavis
1162 1614 1213 1651 es
1237 1608 1310 1663 tu,
1343 1597 1578 1667 Domine,
1608 1605 1657 1651 et
1681 1599 1731 1651 in
1753 1608 1840 1652 tua
1864 1600 2118 1654 suavitate

534 1692 657 1759 doce
704 1708 781 1745 me
809 1690 1207 1764 justiﬁcationes
1242 1700 1379 1746 tuas.
1409 1689 1546 1747 ‘iere
1574 1692 1684 1743 vult
1714 1690 1889 1746 ficere
1921 1692 2117 1760 juStili-

535 1784 774 1838 cationes
812 1787 932 1849 Dei,
966 1783 1179 1854 quando
1209 1796 1302 1838 eas
1340 1783 1391 1837 in
1430 1782 1547 1852 ejus
1575 1782 1842 1839 suavitate
1872 1786 1987 1839 vult
2036 1784 2118 1839 di-

535 1888 710 1935 scere.

606 1968 786 2040 (Vers.
819 1966 937 2037 69.)
970 1966 1323 2029 Multiplicata
1357 1975 1433 2023 est
1466 1983 1621 2034 super
1648 1984 1729 2022 me
1754 1969 1995 2039 iniquitas
2025 1986 2121 2023 su-

537 2063 831 2134 perborum.
878 2061 1071 2114 Eorum
1102 2060 1335 2124 scilicet,
1368 2060 1562 2126 quibus
1597 2076 1700 2113 non
1733 2062 1946 2127 proluit,
1980 2062 2121 2131 quod

537 2163 723 2227 postea
754 2168 912 2220 quam
941 2152 1189 2219 deliquit,
1230 2152 1505 2205 liumiliata
1532 2162 1615 2205 est
1649 2153 1875 2206 humana
1912 2165 2122 2209 natura.

539 2244 656 2315 Ego
688 2257 857 2300 autem
885 2247 939 2299 in
973 2255 1076 2299 toto
1110 2246 1261 2300 corde
1302 2260 1413 2298 mro
1447 2245 1708 2298 scrutabor
1739 2247 1979 2298 mandata
2013 2258 2122 2299 tua.

542 2338 905 2408 Quantalibet.
928 2338 1119 2403 inquit.
1139 2338 1372 2391 abundet
1399 2336 1668 2406 iniquitas,
1691 2354 1794 2390 non
1817 2337 2128 2404 refrigescet

542 2429 595 2485 ἰιι
628 2444 712 2485 me
728 2430 960 2484 Charitas
987 2428 1199 2494 (Matth.
1220 2445 1364 2487 XXIV.
1383 2427 1487 2499 12).
1508 2429 1586 2484 Ad
1606 2428 2124 2487 hocetiiinuiaiidala

544 2532 629 2575 tua
667 2537 855 2576 amans
886 2529 1119 2582 scrutor.
1140 2531 1203 2576 ut
1232 2521 1523 2591 perlecdus
1552 2535 1614 2576 ea
1645 2521 1891 2577 iaciendo
1926 2537 2125 2594 cogno-

542 2631 711 2671 suam.

614 2710 795 2780 (\‘ers.
826 2708 944 2780 70.)
967 2707 1306 2781 Coagulatum
1342 2716 1414 2762 est
1452 2709 1585 2763 sicut
1606 2709 1687 2762 lac
1705 2724 1794 2763 cor
1812 2726 2008 2777 eorum,
2034 2727 2128 2783 ego

544 2811 710 2854 autem
740 2803 904 2871 legem
937 2811 1077 2853 tuam
1108 2800 1379 2853 meditatus
1403 2816 1537 2854 sum.
1565 2798 1690 2867 Cur,
1723 2800 1913 2867 inquit,
1942 2816 2130 2868 super-

546 2894 734 2949 barum
761 2894 1083 2948 obduratum
1112 2904 1195 2947 est
1224 2912 1235 2945 :
1267 2907 1367 2961 ego
1398 2902 1575 2945 autem
1606 2893 1736 2963 legis
1771 2905 1873 2945 tum
1905 2896 2131 2949 medita-

547 2987 693 3043 tione
726 2986 887 3040 didici
920 2986 1046 3056 quia
1084 2984 1329 3054 superbis
1368 2988 1596 3049 resimis,
1627 2995 1678 3039 et
1720 2984 2008 3040 humilibus
2036 2987 2131 3041 das

544 3082 767 3152 gratiam
799 3077 940 3149 (Jac.
975 3094 1048 3145 tv,
1076 3077 1157 3147 6).

618 3174 803 3247 (Vera.
830 3172 947 3243 Ἠ.)
973 3173 1172 3225 Bonum
1205 3180 1279 3226 est
1311 3170 1439 3225 mihi
1467 3172 1605 3239 quod
1632 3171 1921 3226 humiliasti
1945 3188 2044 3235 me.
2076 3181 2133 3226 ut

2209 569 2492 638 ﬁnxerunt,
2538 571 2651 622 sive
2685 568 3063 641 plasmaverunt
3102 583 3202 630 me.
3240 583 3347 625 non
3386 565 3678 641 incongrue
3706 566 3771 619 ita

2209 660 2553 735 discernitur,
2600 668 2657 715 ut
2694 665 2921 729 fecerunt
2961 660 3025 713 ad
3068 661 3323 723 animam,
3364 658 3620 728 (inserunt
3659 673 3772 714 vexo

2210 750 2275 805 ad
2308 768 2502 820 corpus
2537 752 2821 820 pertineat.
2857 752 3005 808 Licet
3032 752 3241 807 solvant
3271 751 3390 805 luce
3427 748 3775 825 iudillcrcutes

2211 847 2383 917 posita
2419 847 2666 916 repet-iri.
2704 848 2817 903 [loc
2846 856 3021 903 autem
3054 861 3187 916 opus
3218 845 3333 911 Dei,
3372 860 3482 899 non
3525 843 3691 915 solum
3730 843 3775 897 in

2213 940 2367 1009 primi
2413 942 2644 998 hominis
2680 940 2991 998 conditione
3034 939 3331 1011 praecessit,
3362 938 3417 992 in
3456 950 3565 1007 quo
3602 949 3777 1001 omnes

2214 1045 2460 1099 semiuali
2486 1045 2697 1102 ratione
2718 1054 2842 1098 sunt
2860 1044 3086 1109 conditi,
3111 1042 3204 1098 sed
3228 1039 3463 1096 etiamin
3486 1037 3776 1109 quotidiana

2214 1146 2543 1216 singulorum
2592 1148 2870 1202 hominum
2913 1147 3186 1202 creatione
3232 1143 3531 1213 perﬁcitur.
3573 1138 3701 1208 Quia
3738 1138 3777 1192 Si

2216 1250 2521 1318 operaturia
2552 1250 2641 1303 illa
2675 1249 2772 1305 Dei
2802 1250 3063 1317 potentia,
3095 1248 3165 1302 ab
3196 1248 3298 1301 hoc
3334 1260 3395 1300 se
3423 1256 3590 1315 opere
3616 1241 3776 1297 conti-

2218 1361 2394 1413 neret,
2425 1362 2615 1405 cuncta
2646 1351 2961 1406 deﬁcerent.

2290 1452 2472 1522 (lbid.)
2506 1452 2584 1505 Da
2615 1452 2741 1506 mihi
2771 1453 3106 1516 intellectum,
3132 1458 3187 1503 ut
3208 1449 3402 1503 discam
3423 1447 3665 1501 mandata
3687 1456 3782 1501 tua.

2219 1545 2483 1616 Numquid
2528 1548 2597 1599 ita
2641 1546 2854 1601 condita
2894 1556 2973 1601 est
3022 1545 3250 1599 humana
3289 1552 3502 1606 natura,
3532 1551 3589 1594 ut
3614 1547 3786 1594 careat

2222 1639 2534 1693 intellectu?
2565 1640 2701 1706 Quid
2735 1643 2895 1709 igitur
2923 1637 3023 1691 sibi
3053 1639 3163 1690 dari
3200 1638 3451 1703 postulat,
3479 1633 3617 1701 quod
3646 1646 3788 1686 acce-

2224 1730 2321 1801 pit,
2355 1730 2457 1786 nisi
2486 1733 2629 1800 quod
2662 1731 2865 1799 peccati
2898 1731 3027 1783 vitio
3063 1732 3233 1797 ipsum
3269 1728 3511 1792 primitus
3540 1724 3790 1779 rationale

2224 1832 2531 1891 corruptum
2555 1833 2658 1888 est,
2680 1834 2729 1876 et
2755 1822 2943 1890 gratia:
2968 1837 3194 1875 munere
3216 1815 3244 1857 ἀ
3268 1817 3662 1873 reformandum
3680 1814 3791 1869 est?

2224 1917 2340 1973 Non
2368 1922 2512 1972 enim
2533 1916 2732 1971 sufﬁcit
2755 1928 2960 1969 natnrre
2988 1916 3128 1985 quod
3152 1914 3201 1967 ei
3229 1912 3509 1973 remansit,
3536 1910 3636 1965 nisi
3668 1911 3793 1965 reci-

2224 2012 2332 2081 piat
2356 2024 2384 2063 a
2411 2020 2723 2079 reparatnre
2748 2010 2888 2077 quod
2920 2007 3175 2074 perdidit.
3208 2009 3462 2061 Dominus
3490 2019 3619 2074 ergo
3643 2003 3793 2059 Jesus

2226 2102 2279 2156 in
2312 2105 2413 2155 hoc
2444 2102 2650 2169 psalmo
2678 2117 2777 2171 per
2808 2102 3145 2170 prophetam,
3170 2112 3438 2170 tamquam
3470 2099 3594 2164 sibi,
3618 2098 3797 2168 petivit

2224 2194 2557 2253 intellectum
2584 2194 2701 2247 dari
2734 2212 2761 2247 a
2795 2194 2906 2249 Deo
2936 2195 3152 2261 corpori
3184 2209 3303 2256 suo.
3336 2192 3476 2263 quod
3508 2204 3589 2245 est
3621 2190 3797 2245 Eccle-

2225 2284 2303 2341 sia
2347 2284 2562 2356 (Ephes.
2612 2301 2663 2351 ν,
2718 2284 2833 2350 25).
2874 2286 3008 2340 Cum
3054 2286 3174 2353 ipso
3214 2291 3358 2340 enim
3413 2286 3522 2338 vita
3562 2284 3799 2352 corporis

2226 2376 2363 2445 eius.
2398 2380 2499 2431 hoc
2527 2386 2611 2432 est
2641 2381 2818 2446 populi
2849 2378 2983 2446 ejus.
3016 2379 3327 2432 abscondita
3368 2379 3526 2434 estin
3572 2375 3798 2431 Domine
3858 2416 3873 2435 .

2230 2467 2452 2542 (Coloss.
2486 2486 2569 2540 sit,
2600 2468 2689 2535 5);
2723 2479 2779 2524 et.
2808 2471 2920 2538 ipse
2954 2472 3003 2525 in
3039 2472 3229 2527 eodem
3268 2486 3494 2539 corpore
3534 2483 3630 2524 suo
3676 2470 3801 2523 indi-

2227 2564 2460 2632 gentiam
2502 2564 2701 2633 patitur
2762 2571 2822 2619 et
2860 2579 2954 2633 per
2993 2564 3045 2619 id
3092 2563 3232 2634 quod
3277 2563 3535 2620 membris
3576 2561 3693 2617 suis
3727 2568 3804 2616 est

2230 2670 2477 2711 necessar
2487 2675 2497 2711 Ι
2506 2674 2611 2713 ιιιη.

2305 2756 2483 2827 (Vers.
2518 2758 2631 2827 74.)
2666 2760 2766 2828 Qui
2797 2762 2975 2816 timent
3007 2773 3074 2830 te,
3100 2762 3342 2821 videbunt
3365 2778 3464 2827 me,
3489 2770 3535 2815 et
3561 2760 3807 2833 iocunda-

2230 2848 2440 2916 bunlur,
2482 2854 2726 2921 quoniam
2764 2856 2817 2907 in
2859 2856 3005 2909 verba
3043 2863 3133 2909 tua
3171 2856 3389 2923 speravi.
3435 2853 3684 2907 Pusaeus
3715 2851 3807 2905 vita

2231 2952 2539 2998 sanctorum
2574 2946 2782 2999 timoris
2820 2955 2903 3001 est
2946 2958 2999 3002 et
3040 2948 3281 3002 laboiis:
3316 2946 3407 3001 sed
3444 2945 3637 2999 habent
3667 2959 3808 3011 spem

2234 3035 2435 3092 lzetitite
2455 3048 2505 3092 et
2530 3038 2875 3107 iucunditatis
2898 3053 3137 3096 aeternae.
3160 3040 3294 3106 Quia
3319 3055 3444 3108 ergo
3468 3037 3641 3092 adhuc
3665 3038 3811 3090 timet

2237 3129 2501 3196 Ecclesia,
2529 3143 2581 3187 et
2615 3136 2851 3189 nondum
2884 3151 2943 3191 se
2967 3136 3114 3191 videt
3140 3134 3192 3188 in
3221 3150 3287 3189 eo
3317 3148 3482 3203 regno
3510 3132 3595 3186 ubi
3623 3144 3811 3185 secura

547 3266 745 3322 discam
774 3266 1175 3343 justiﬁcationes
1212 3277 1345 3318 tuas.
1386 3266 1605 3320 Pteuam
1644 3266 1955 3319 convertisd
2000 3266 2131 3320 milii
2157 3257 2201 3319 C
2234 3225 2533 3343 ξῖἶᾳῗῗῖἷξ
2846 3245 2991 3343 fuit:
3028 3229 3814 3343 (ῘἮῘἪΛὛΪῘ

547 3360 614 3416 ad
660 3360 1027 3429 disciplinam,
1066 3368 1119 3413 et
1161 3358 1585 3413 humiliationem
1634 3356 1700 3409 ad
1740 3358 2129 3424 eruditionem;
2168 3390 2173 3397 -

546 3455 669 3523 quia
701 3452 1113 3520 jnstiticationes
1147 3458 1267 3505 tuas
1305 3452 1377 3504 ita
1413 3451 1576 3518 cupio
1607 3464 1789 3515 "Osse,
1833 3460 1889 3501 ut
1919 3450 2131 3504 faciam.

546 3546 663 3603 Nnu
692 3546 834 3599 enim
859 3555 941 3598 est
969 3559 1093 3599 vera
1123 3544 1347 3598 scientia
1372 3542 1526 3611 boni,
1552 3543 1657 3597 nisi
1684 3542 1752 3596 ad
1784 3541 1886 3597 hoc
1935 3556 2136 3612 cogno-

546 3650 747 3702 scatur,
781 3650 838 3692 ut
878 3646 1065 3706 agatur
1095 3636 1266 3705 (Sent.
1304 3633 1421 3701 24).

617 3730 799 3802 (Vers.
831 3729 949 3799 τε.)
980 3728 1178 3781 Bonum
1216 3729 1341 3781 mihi
1382 3729 1467 3782 lex
1503 3728 1610 3782 oris
1647 3729 1745 3791 tui,
1786 3743 1941 3799 super
1975 3727 2139 3781 millia

546 3825 664 3877 auri
707 3831 757 3875 et
797 3823 1019 3891 argenti.
1060 3819 1131 3877 Ut
1172 3822 1405 3889 amplius
1450 3821 1633 3891 diligat
1676 3820 1914 3875 cliaritas
1965 3820 2136 3890 legem

547 3914 683 3983 Dei,
742 3929 901 3985 quam
965 3914 1139 3984 diligit
1201 3915 1467 3985 cupiditas
1532 3916 1700 3969 millia
1756 3918 1877 3971 auri
1935 3926 1989 3971 et
2045 3931 2135 3977 ar-

549 4006 718 4077 good.

1288 4135 1401 4178 IOD.

626 4256 811 4330 (Vera.
839 4256 957 4329 73.)
981 4255 1170 4313 ﬂauas
1191 4265 1294 4312 tua
1322 4257 1554 4328 {acernas
1579 4272 1661 4311 me
1685 4265 1734 4312 et
1763 4258 2144 4328 plurmum-unt

555 4370 657 4417 me.
696 4356 881 4411 Manus
926 4354 1135 4411 Domini
1190 4366 1319 4409 aunt
1370 4363 1609 4423 potestas
1654 4355 1774 4420 Dei,
1816 4370 1933 4424 qua:
1979 4356 2145 4411 eilicit

557 4465 719 4520 opera
749 4448 1041 4504 voluntatis
1069 4464 1210 4519 suae,
1243 4459 1303 4503 ut
1332 4448 1464 4503 nihil
1503 4448 1568 4503 de
1598 4448 1710 4503 Deo
1740 4465 1836 4518 per
1867 4464 2143 4517 nuncupa-

558 4541 758 4598 tionem
796 4555 987 4597 manus
1024 4554 1304 4611 corporea
1341 4542 1663 4611 cogitemus.
1703 4539 1872 4614 m
1903 4543 2056 4609 Quod
2098 4544 2139 4597 si

2238 3329 2535 3387 praesentes
2577 3320 2901 3375 tentationes
2940 3320 2993 3375 in
3034 3319 3300 3390 promissa
3335 3319 3423 3374 Dei
3456 3331 3677 3387 sperare
3718 3328 3815 3369 non

2238 3411 2438 3466 deﬁcit.

2309 3511 2491 3577 (Vers.
2520 3512 2613 3577 75,
2647 3511 2764 3583 76.)
2807 3509 3052 3585 Cognovi,
3102 3511 3342 3578 Domine,
3387 3510 3632 3582 quoniam
3677 3511 3820 3581 justo

2229 3604 2436 3675 judicia
2467 3614 2590 3668 tria;
2618 3615 2665 3658 et
2692 3605 2745 3657 in
2772 3606 2982 3658 veritate
3006 3614 3092 3657 tua
3119 3603 3358 3657 humilius
3386 3620 3483 3655 me.
3511 3600 3633 3654 Fiat
3654 3612 3821 3655 autem

2237 3696 2587 3749 misericordia
2610 3707 2719 3762 tua,
2749 3706 2804 3750 ut
2828 3698 3118 3752 consoletur
3139 3713 3237 3762 me,
3270 3696 3547 3751 secundum
3569 3694 3825 3765 eloquium

2238 3798 2381 3842 tuum
2411 3804 2552 3842 servo
2578 3797 2687 3841 tuo.
2715 3789 2972 3856 Quamvis
2994 3804 3159 3858 grave
3181 3789 3367 3859 jugum
3396 3788 3466 3841 sit
3490 3800 3655 3856 super
3692 3786 3825 3841 filios

2238 3880 2431 3944 Adam,
2464 3897 2571 3951 quo
2610 3891 2853 3937 creatura
2896 3886 3123 3936 humana
3161 3881 3479 3951 deprimitur
3509 3878 3623 3952 (Ea
3642 3880 3705 3932 li.
3739 3894 3823 3941 ιι..

2241 3976 2321 4045 1),
2346 3975 2573 4045 cognovi
2605 3987 2781 4031 tamen
2812 3975 2953 4046 quod
2977 3976 3117 4044 jnsta
3148 3986 3273 4030 sunt
3298 3973 3493 4045 judicia
3522 3982 3634 4038 tua,
3658 3982 3717 4026 et
3749 3986 3828 4026 se-

2240 4068 2474 4122 cundum
2513 4068 2793 4123 veritatem
2841 4067 3150 4123 humiliatus
3194 4077 3279 4123 est
3320 4066 3503 4121 homo.
3538 4064 3657 4119 Fiat
3694 4080 3823 4135 ergo

2242 4161 2592 4215 misericordia
2630 4171 2739 4222 tua.
2771 4162 3063 4215 secundum
3110 4162 3521 4230 promissionem
3561 4171 3735 4224 tuam,
3768 4159 3831 4212 de

2243 4257 2603 4327 prasentibus
2647 4257 2961 4313 muneribus
3002 4261 3231 4328 accipiat
3276 4258 3519 4314 mortalis
3548 4261 3656 4333 vita
3692 4259 3834 4313 sula-

2245 4354 2415 4420 tium,
2454 4360 2509 4405 et
2558 4350 2733 4406 futura
2767 4353 3084 4407 atternitatis
3132 4353 3270 4407 bona
3322 4354 3586 4422 patienter
3636 4367 3835 4422 exspe-

2252 4452 2386 4499 etet.

2510 4543 2687 4613 (Vers.
2720 4544 2833 4617 77.)
2862 4544 3083 4601 Veniant
3112 4546 3235 4601 mihi
3264 4547 3612 4605 miserationes
3633 4559 3764 4614 lucc,
3795 4560 3840 4601 εἰ

556 4632 786 4705 pluralis
836 4647 1095 4692 nunierns
1148 4646 1352 4696 movet,
1393 4635 1729 4705 accipiantur
1794 4652 1987 4691 inuitus
2046 4637 2143 4691 Dei
2171 4640 2224 4701 D
2247 4639 2429 4693 vivam.
2457 4635 2606 4691 Tunc
2633 4652 2757 4693 vere
2786 4640 2978 4707 vivam,
3014 4640 3228 4711 quando
3252 4656 3355 4695 non
3384 4642 3583 4695 timebo
3616 4657 3687 4696 ne
3721 4658 3841 4695 mo-

559 4736 584 4766 ε
607 4725 797 4791 virtus,
815 4728 1108 4797 sapientia;
1147 4728 1292 4798 quod
1320 4740 1608 4799 utrumque
1635 4743 1775 4784 unus
1793 4738 1876 4785 est
1897 4730 2144 4787 Christus
2242 4730 2377 4784 riar.
2412 4728 2527 4798 Ipsa
2556 4736 2640 4783 est
2679 4731 2821 4784 enim
2853 4745 2979 4785 vera
3002 4734 3106 4785 vita
3130 4775 3145 4801 ,
3185 4747 3307 4801 quae
3336 4732 3451 4785 sine
3483 4732 3591 4786 ullo
3622 4732 3841 4787 addita-

561 4818 603 4891 (I
636 4818 756 4876 Car.
785 4836 824 4887 I,
848 4820 969 4889 3‘),
996 4824 1084 4889 qui
1111 4828 1169 4876 et
1199 4821 1479 4877 brachium
1517 4822 1729 4878 Domini
1762 4822 1959 4878 dicitur
1985 4825 2138 4894 (Isai.

559 4928 613 4976 ν,
651 4909 731 4980 l).
769 4910 1123 4979 Accipiantur
1167 4923 1444 4984 postremo
1480 4930 1679 4971 nanus
1718 4916 1834 4981 Del.
1882 4916 2048 4971 Filius
2090 4929 2145 4973 et

557 5003 795 5070 Spiritus
820 5012 1062 5068 noctes.
1093 5005 1184 5074 qui
1220 5015 1278 5062 et
1312 5006 1552 5075 Spiritus
1578 5017 1796 5062 sanctus
1824 5021 2145 5078 cooperator

558 5107 641 5152 est
673 5094 847 5152 Patris
880 5104 938 5154 et
964 5095 1111 5167 Filii,
1148 5108 1354 5156 tantm!
1384 5108 1444 5153 ut
1472 5099 1524 5153 in
1553 5108 1749 5154 natura
1789 5100 2147 5155 incommuta-

560 5188 685 5244 bilis
715 5189 943 5247 Deitatis
966 5190 1117 5255 nulla
1143 5191 1315 5249 Koma
1343 5204 1609 5261 corporea
1640 5191 1907 5249 enuntiatur
1938 5192 1984 5262 (ι
2019 5192 2139 5249 Cor.

635 5376 661 5406 ι
694 5369 791 5441 Hie
817 5368 1021 5439 virgula
1050 5372 1313 5441 apposita,
1341 5383 1464 5441 qua
1494 5380 1613 5436 post
1636 5385 1827 5425 vocem
1850 5370 2150 5426 obedientia:

566 5440 853 5495 notabatur
881 5442 934 5494 ill
961 5440 1139 5503 editis.
1172 5440 1571 5497 lunum’seusni
1609 5441 1835 5509 planiori
1880 5445 2147 5496 redditum

566 5508 856 5568 credimus.
888 5514 973 5564 Ait
1011 5516 1152 5566 enim
1200 5515 1550 5578 Augustinus.
1582 5508 1643 5568 Si
1678 5515 1811 5565 enim
1843 5518 1991 5565 homo
2026 5512 2152 5565 mihi

570 5588 676 5637 lucc
695 5583 899 5653 jubere:
919 5582 1222 5651 forinsecus,
1248 5586 1495 5648 nttrttqttid
1518 5596 1567 5634 ut
1590 5588 1741 5637 etiam
1769 5588 1985 5650 furerem
2014 5584 2151 5651 quod

572 5655 776 5722 rubebat
809 5655 1079 5725 adjut'aret
1121 5657 1449 5709 intrmserus.
1497 5655 1575 5708 En
1613 5654 1908 5707 obedieuim
1936 5657 2150 5717 donum,

575 5739 681 5802 non
716 5737 846 5802 vero
873 5723 1171 5802 obedientic
1203 5741 1531 5802 pracvpium,
1556 5726 1701 5797 quod
1734 5728 1838 5779 alia
1872 5729 2154 5797 interpun-

580 5797 758 5850 ctinne
782 5794 1113 5863 signabatur.

648 5863 677 5905 δ
706 5867 933 5937 August.
966 5882 981 5921 :
1011 5868 1147 5924 unde
1181 5870 1346 5943 facias
1381 5887 1500 5927 eum
1537 5873 1703 5943 facere
1738 5869 1876 5942 quod
1916 5868 2153 5924 mandas.

2251 4831 2433 4876 mento
2460 4821 2676 4889 dicitur,
2721 4821 2872 4891 quasi
2906 4821 3049 4875 aliud
3076 4822 3146 4875 ibi
3183 4837 3285 4876 non
3318 4824 3386 4876 sit
3418 4823 3600 4883 vivere
3629 4864 3643 4885 .
3679 4840 3846 4888 quam

2250 4915 2371 4969 sine
2402 4915 2510 4967 ullo
2532 4912 2637 4968 line
2662 4955 2676 4973 .
2724 4922 2777 4968 et
2802 4914 2926 4969 sine
2953 4914 3056 4968 ulla
3088 4915 3303 4969 miseria
3345 4918 3547 4970 vivere.
3594 4917 3734 4983 Quia
3770 4920 3850 4970 lc:

2252 5016 2341 5060 tua
2380 5006 2642 5059 meditatio
2683 5022 2793 5060 mea
2827 5014 2921 5059 est.
2975 5006 3101 5061 Haec
3141 5007 3444 5075 meditatio,
3487 5010 3586 5061 nisi
3619 5022 3773 5063 esset
3805 5011 3855 5061 in

2256 5102 2359 5156 lide
2385 5116 2505 5171 qua:
2545 5116 2641 5169 per
2681 5099 3022 5155 dilectionem
3068 5111 3324 5169 operatur
3369 5098 3522 5170 (Gal.
3565 5118 3621 5171 v,
3656 5103 3750 5167 6),
3790 5105 3855 5155 ad

2252 5197 2415 5248 vitam
2463 5208 2573 5247 non
2615 5192 2921 5261 perveniret
2966 5201 3245 5247 aeternam.
3293 5192 3410 5248 Non
3458 5208 3590 5262 ergo
3643 5194 3859 5249 utiliter

2330 5371 2439 5426 c‘ln
2487 5371 2814 5435 Augustino,
2864 5368 3019 5423 virlus
3060 5380 3107 5424 et
3153 5370 3447 5438 sapientia;
3490 5370 3765 5439 particula
3817 5381 3863 5426 et

2256 5442 2393 5496 forte
2424 5444 2621 5494 exvidit
2653 5456 2679 5492 a
2713 5440 2987 5495 codicibus
3019 5440 3291 5507 Prtisperi.

2325 5510 2350 5548 ά
2383 5512 2440 5563 ln
2482 5512 2610 5565 i-«Iit.
2656 5511 2907 5581 Lugduni.
2948 5522 3000 5563 et
3043 5513 3269 5572 l.nvan..
3300 5511 3627 5581 formandum
3664 5523 3767 5579 est.
3802 5512 3864 5569 In

2258 5584 2422 5638 Duae.
2455 5595 2503 5635 ct
2537 5583 2727 5642 Col-vn.
2760 5582 3146 5651 reformandum
3190 5593 3282 5635 est.
3326 5584 3477 5646 Quod
3513 5586 3738 5652 propius
3771 5601 3869 5639 ac-

2257 5657 2449 5707 etalere
2483 5654 2692 5706 videtur
2737 5653 2799 5706 ad
2848 5653 2976 5705 illud
3028 5654 3320 5719 r\llgll~lll|l.
3370 5654 3501 5717 Quia
3541 5666 3621 5719 tu,
3659 5656 3868 5718 inquit.

2261 5724 2515 5797 formasti.
2544 5736 2593 5775 tu
2628 5728 2849 5797 reforma
2880 5738 2896 5776 :
2936 5734 2990 5774 ut
3022 5724 3191 5797 [inriti
3230 5742 3444 5791 corpore
3474 5724 3685 5781 Christi.
3716 5726 3871 5790 quod

2261 5794 2331 5850 ait
2368 5798 2659 5856 Apostolus.
2706 5794 3077 5859 llrfurmammi
3116 5796 3166 5846 in
3198 5797 3370 5849 novi'a
3397 5812 3422 5847 e
3460 5814 3638 5851 sensus
3667 5798 3869 5863 vestri,

2267 5868 2424 5923 ltum.
2456 5868 2625 5938 μειβ,
2657 5876 2709 5921 et
2740 5868 2803 5919 ad
2831 5868 3109 5943 sequentia
3142 5868 3200 5933 S.
3233 5864 3488 5937 Prosperi
3520 5867 3705 5923 verba.
