4028 6352
436 410 542 474 851

1680 409 1738 466 S.
1777 401 2118 465 PROSPERI
2154 405 2479 473 AQUITANI

3615 410 3731 473 ιδὗῖ

436 530 789 601 Evangelium
815 529 1202 599 pertinentem,
1228 539 1395 595 supra
1426 525 1838 580 fundamentum
1870 531 2030 577 teter-
2058 520 2107 578 Α
2134 518 2353 575 doctum
2383 536 2527 586 esse,
2542 522 2685 591 quod
2713 523 2974 592 genitum.
3009 524 3056 580 Λ
3075 539 3183 594 quo
3210 527 3353 582 enim
3381 528 3435 583 ei
3464 536 3547 583 est
3573 544 3729 601 esse,

440 642 591 690 num,
620 624 761 692 quod
785 631 874 677 est
898 619 1149 677 Christus
1181 620 1222 690 (I
1255 616 1375 674 Car.
1409 635 1490 689 ιιι,
1517 620 1639 687 ιι);
1669 626 1723 674 et
1746 626 1889 672 terra
1912 614 2031 669 inec

438 726 751 789 permanet,
784 730 905 784 quae
935 714 1021 767 tali
1058 712 1408 767 fundamento
1435 710 1778 768 coiistabilita
1816 723 1924 765 non
1950 708 2032 763 in-

437 811 669 864 clinatur
698 809 751 861 in
781 810 1037 860 szuculum
1060 806 1248 861 saeculi
1280 804 1453 876 (Psal.
1490 820 1604 868 cut,
1634 804 1735 875 5)..

510 902 692 977 (Veis.
724 901 842 971 9|.)
897 898 1239 954 Ordinatione
1279 910 1369 953 tua
1410 908 1694 969 perseverat
1724 897 1853 967 dies,
1901 911 2033 966 quo-

440 997 578 1051 niam
608 997 780 1050 omnia
804 996 1027 1049 serviunt
1057 994 1147 1046 ι.ὺὶ
1201 993 1392 1047 Omnia
1418 1035 1433 1058 ,
1460 992 1663 1047 scilicet
1684 1033 1699 1058 ,
1741 992 1811 1046 de
1839 992 2036 1062 quibus

440 1088 777 1157 loquebatur.
811 1098 863 1140 et
894 1102 1017 1157 qua:
1048 1087 1114 1139 ad
1143 1098 1407 1139 mteruum
1441 1086 1706 1155 pertinent
1730 1083 1897 1139 diem.

510 1181 689 1251 (Vers.
721 1178 839 1248 92.)
874 1178 994 1233 Nisi
1019 1178 1138 1246 quia
1166 1177 1250 1232 lex
1270 1186 1359 1231 tua
1386 1178 1644 1231 meditatio
1666 1194 1777 1232 mea
1796 1187 1892 1239 est,
1926 1179 2036 1246 {or-

441 1280 577 1329 sitan
616 1275 864 1345 perissem
905 1275 959 1327 in
996 1273 1284 1327 humilitate
1319 1289 1451 1327 mea.
1506 1272 1612 1327 Lex
1641 1272 1761 1336 ista,
1799 1271 1920 1325 lidci
1950 1277 2036 1325 est

448 1384 568 1437 qua:
600 1383 693 1436 per
725 1366 1072 1422 dilectiOncm
1102 1374 1361 1432 cperatnr
1381 1364 1526 1435 (Gal.
1556 1379 1611 1429 v,
1641 1363 1697 1434 6)
1723 1380 1738 1428 ;
1790 1364 1842 1417 in
1881 1362 2035 1430 cujus

446 1460 797 1514 inediunione
841 1473 1169 1530 permanens
1194 1501 1210 1525 ,
1243 1456 1501 1512 auxilium
1533 1456 1721 1526 gratiae
1760 1470 2036 1527 promere-

442 1563 547 1617 tur,
573 1562 630 1607 ut
658 1554 709 1607 in
745 1550 1154 1606 tribulationum
1187 1550 1495 1605 humilitate
1525 1565 1631 1604 non
1661 1557 1865 1619 pereat.

514 1648 694 1721 (Vers.
726 1647 841 1720 95.)
875 1646 940 1701 1η
967 1658 1213 1702 internum
1266 1664 1366 1701 non
1398 1646 1674 1701 obliviscar
1701 1644 2039 1718 justiﬁcatio-

442 1756 566 1795 num
613 1751 853 1794 tuarum:
884 1740 1122 1809 quoniam
1172 1740 1224 1793 in
1273 1739 1400 1810 ipsis
1442 1738 1708 1807 uiriﬁcasti
1744 1753 1842 1790 me.
1895 1734 2037 1791 Ecce

443 1834 588 1889 unde
618 1834 814 1888 factum
843 1842 929 1888 est
950 1878 963 1899 ,
1014 1844 1072 1886 ut
1102 1848 1206 1886 non
1242 1830 1443 1902 periret
1476 1833 1529 1886 in
1568 1830 1871 1886 humilitate
1897 1843 2036 1883 sua:

444 1926 694 1996 qumtiam
731 1927 872 1981 unde
902 1935 986 1982 est
1011 1925 1375 1995 justilicatus,
1417 1924 1541 1979 inde
1566 1934 1651 1977 est
1677 1923 1997 1978 vivilicatus.

468 2081 476 2091 .
518 2016 699 2087 (Vers.
731 2018 846 2087 94.)
875 2016 1018 2071 Tuus
1048 2034 1159 2070 sum
1190 2033 1303 2086 ego,
1334 2015 1531 2070 salvum
1554 2032 1633 2068 me
1651 2016 1753 2085 fac.
1790 2014 2038 2077 Domine;

446 2116 687 2179 quoniam
709 2112 1110 2183 justi/icatioues
1134 2124 1250 2164 tuas
1281 2111 1552 2181 exquisivi.
1590 2109 1705 2165 Non
1736 2109 2039 2163 voluntates

447 2219 597 2259 meas
625 2203 923 2274 exquisivi,
966 2204 1165 2273 quibus
1196 2203 1267 2257 lui
1298 2216 1486 2268 meus;
1515 2201 1610 2257 sed
1636 2200 2041 2272 justiﬁcationes

449 2302 586 2357 tuas,
619 2303 678 2349 ut
700 2309 877 2350 essent
905 2297 1017 2362 jam
1047 2302 1189 2348 tuus.

526 2386 705 2458 (Vers.
735 2386 851 2458 95.)
887 2386 973 2441 He
1001 2395 1423 2455 exspectaverunt
1453 2394 1740 2455 peccatores
1766 2427 1780 2451 ,
1830 2395 1886 2440 ut
1927 2401 2042 2457 per-

449 2479 625 2534 derent
665 2496 785 2547 me;
816 2480 1106 2534 testimonia
1139 2490 1227 2532 tua
1260 2479 1505 2534 intellexi.
1540 2488 1568 2516 ³
1605 2479 1719 2533 Νοιι
1755 2479 1840 2534 hic
1868 2491 2043 2536 morte

450 2573 699 2641 corporis
728 2575 903 2642 perire
932 2572 1227 2638 metuebat,
1248 2588 1369 2643 qua:
1398 2581 1513 2626 erat
1544 2588 1640 2642 pro
1661 2574 1887 2629 veritate
1915 2573 2043 2628 sub-

451 2665 648 2719 eunda.
702 2667 1101 2736 Exspectabam
1141 2683 1272 2738 ergo
1313 2679 1656 2737 peccatores,
1684 2680 1743 2724 ut
1786 2670 1865 2724 eis
1906 2683 2043 2724 con-

451 2759 679 2813 sentiret
726 2759 793 2813 ad
837 2761 1016 2814 mala:
1048 2770 1175 2817 tunc
1219 2762 1363 2816 enim
1414 2776 1535 2817 eum
1582 2762 1890 2831 perderent.
1932 2761 2042 2818 Sed

454 2850 577 2906 ideo
620 2868 725 2907 non
772 2853 1191 2922 praevaluerunt,
1222 2854 1345 2923 quia
1386 2855 1693 2909 testimonia
1748 2855 1843 2909 Dei
1881 2855 2045 2909 intel-

456 2944 607 3009 lexit,
633 2946 683 2999 id
708 2955 812 3012 est,
840 2949 960 3015 quia
989 2948 1270 3003 veritatem
1293 2946 1808 3014 conﬁtens,etiamsi
1831 2946 1856 2986 ι’
1878 2962 2043 3019 oppe-

455 3043 617 3100 teret,
648 3054 753 3093 non
784 3040 1004 3105 periret.

529 3130 711 3200 (Vers.
745 3130 862 3203 96.)
913 3130 1093 3192 Omnis
1138 3134 1589 3189 consummationis
1616 3134 1721 3188 uidi
1746 3134 1932 3204 ﬁnem,
1966 3134 2046 3189 la-

462 3230 569 3275 tum
598 3224 898 3277 mandatum
928 3236 1073 3280 tuum
1100 3224 1267 3280 valde.
1300 3225 1401 3293 Qui
1426 3226 1691 3281 intellexit
1715 3226 2040 3294 testimonia,

452 3320 509 3369 et
554 3313 705 3369 scivit
746 3315 850 3370 sibi
888 3332 1058 3385 usque
1090 3317 1157 3371 ad
1194 3326 1425 3371 mortem
1457 3334 1549 3385 pro
1577 3319 1805 3374 veritate
1832 3328 2047 3373 certan-

455 3401 584 3459 dum
613 3445 629 3472 ,
674 3421 779 3459 non
828 3407 1094 3476 ignoravit
1143 3422 1358 3463 omnem
1410 3411 1609 3462 exitum
1645 3412 1853 3479 piorum
1886 3425 2045 3476 quam

456 3493 647 3551 beatus
689 3497 810 3551 ﬁnis
850 3499 1162 3567 exceperit.
1209 3500 1517 3554 Mandatum
1552 3515 1730 3554 autem
1766 3501 1856 3555 Dei
1893 3503 2047 3556 valde

457 3587 656 3653 latum,
687 3589 925 3645 cbaritas
962 3591 1305 3661 intelligenda
1337 3600 1447 3658 est,
1487 3608 1590 3662 qua
1618 3594 1763 3663 diligi
1797 3596 1937 3649 Deus
1961 3596 2049 3664 jn-

456 3681 616 3736 betur
645 3692 697 3738 et
719 3683 1024 3754 prosimus,
1050 3699 1156 3755 quo
1177 3684 1306 3755 quid
1339 3700 1461 3740 esse
1492 3685 1650 3739 latius
1682 3696 1881 3755 potest,
1918 3703 2044 3743 cum

455 3774 530 3830 ibi
558 3775 790 3847 pendeat
817 3787 927 3832 tota
956 3778 1043 3834 lex
1073 3787 1129 3834 et
1157 3779 1439 3849 prophetae
1463 3779 1678 3852 (Matth.
1705 3797 1841 3847 xxn,
1872 3781 1985 3853 i0).

1168 3887 1340 3927 ΙΙΞΙ.

527 3957 707 4031 (Vers.
741 3960 858 4030 97.)
893 3962 1162 4027 Quomodo
1193 3963 1352 4016 dilexi
1381 3964 1543 4035 legem
1572 3974 1713 4018 luant
1735 4006 1748 4029 ,
1782 3964 2048 4022 Domine?

457 4056 561 4103 tota
574 4049 656 4103 die
667 4050 929 4105 meditatio
944 4068 1053 4105 mea
1066 4063 1160 4108 est.
1174 4052 1458 4125 4528ιο,
1478 4056 1669 4127 inquit,
1687 4058 1853 4111 dilexi
1871 4061 2043 4129 legem

455 4141 581 4196 fidei
636 4158 757 4213 qua:
802 4159 898 4213 per
942 4144 1287 4200 dilectionem
1328 4158 1585 4215 operatur
1628 4148 1767 4216 (Gal.
1798 4167 1847 4216 v,
1875 4152 1957 4221 6),
1990 4162 2048 4209 ut

455 4243 565 4290 tota
599 4236 711 4300 die,
738 4236 791 4290 id
815 4246 918 4307 est,
955 4239 1101 4292 omni
1138 4248 1402 4308 tempore,
1438 4240 1714 4294 meditatio
1742 4259 1859 4297 mea
1890 4246 1979 4298 sit.

528 4330 711 4399 (Vers.
740 4331 858 4400 98.)
908 4331 1078 4400 Super
1118 4333 1352 4387 inimicos
1396 4350 1534 4387 meos
1566 4352 1744 4407 sapere
1773 4356 1852 4394 me
1878 4342 2047 4411 fecisti

456 4424 701 4479 mandato
725 4436 834 4491 tuo,
864 4427 1105 4495 quoniam
1136 4427 1189 4480 in
1218 4439 1461 4481 teternum
1494 4427 1621 4480 mihi
1642 4428 1737 4483 est.
1789 4429 1942 4487 Finis
1970 4433 2046 4490 le-

454 4515 533 4585 gis
559 4513 790 4570 Christus
832 4527 912 4571 est
962 4519 1029 4571 ad
1059 4519 1320 4591 justitiam
1349 4520 1490 4572 onmi
1519 4519 1741 4575 credenti
1773 4524 1951 4596 (Rom.
1985 4543 2040 4597 κ,

2135 614 2204 670 ab
2226 615 2343 684 ipso
2366 623 2421 670 et
2449 614 2607 669 simul
2629 614 2845 670 doctum
2867 631 3009 671 esse.
3039 616 3117 673 Ex
3140 634 3369 688 persona
3395 635 3528 677 vero
3554 620 3735 679 homi-

2138 705 2247 772 nis,
2270 705 2364 762 ubi
2390 706 2617 761 formam
2660 708 2803 763 servi
2825 710 3031 778 accepit
3059 750 3075 775 ,
3113 709 3321 766 facilius
3343 712 3659 784 intelligitur
3690 732 3733 771 ιι
3766 695 3795 775 ξ

2136 802 2299 859 Patre
2318 802 2447 859 όίιιῑι
2463 802 2574 859 isse
2592 818 2714 874 qnze
2732 802 2889 858 dixit.
2917 803 2972 858 In
2996 819 3099 875 qua
3124 804 3293 861 forms
3323 823 3544 876 puerum
3578 820 3733 880 puta-

2137 904 2333 950 verunt
2355 895 2606 950 homines
2630 895 2850 967 majoris
2874 897 3052 951 tetatis
3071 897 3539 971 docendum(l.uc.
3556 904 3731 974 ψη,

2138 986 2293 1056 etc.).
2325 986 2432 1043 Sed
2464 987 2557 1043 ille
2586 1002 2748 1058 quem
2775 987 2936 1044 Pater
2961 988 3170 1058 docuit,
3201 991 3475 1047 ulterioris
3497 1006 3612 1050 erat
3641 998 3699 1053 in

2140 1081 2485 1151 telligentim,
2511 1097 2671 1151 quam
2699 1079 2977 1137 docentes.
3030 1082 3166 1147 Quia
3192 1086 3481 1139 testimonia
3507 1095 3595 1143 tua
3616 1105 3736 1144 me-

2140 1172 2322 1226 ditatio
2353 1189 2465 1227 mea
2488 1182 2583 1228 est.
2640 1172 2767 1229 Ideo
2794 1189 2958 1244 super
2983 1189 3173 1231 omnes
3199 1176 3459 1234 docentes
3483 1195 3541 1236 se
3566 1180 3735 1238 intel-

2141 1265 2365 1338 ngehat,
2390 1267 2516 1335 quia
2546 1268 2857 1323 testimonia
2888 1266 2981 1323 Dei
3006 1269 3392 1337 meditabatur,
3422 1289 3540 1331 uua:
3566 1276 3637 1331 de
3663 1290 3738 1332 se

2140 1357 2493 1427 praenuntiata
2528 1360 2643 1428 ipse
2674 1359 2870 1413 melius
2901 1372 3146 1425 noverat,
3170 1370 3227 1415 et
3250 1362 3527 1432 implebat.

2213 1450 2398 1525 (Vers.
2430 1451 2580 1520 100.)
2627 1451 2803 1523 Super
2845 1468 2989 1507 senes
3027 1453 3296 1521 intellexi,
3328 1456 3449 1524 quia
3485 1458 3741 1514 mandata

2142 1557 2232 1601 tua
2260 1547 2524 1614 exquisivi.
2580 1545 2832 1602 Mandata
2859 1557 2982 1614 tua,
3016 1563 3122 1603 non
3164 1548 3415 1604 mandata
3445 1549 3741 1608 hominum

2141 1641 2187 1710 (i
2219 1640 2352 1695 Tim.
2383 1656 2421 1707 ι,
2450 1640 2509 1711 7)
2540 1656 2557 1706 ;
2586 1642 2830 1695 mandata
2858 1651 2977 1709 tua,
3023 1658 3130 1697 non
3158 1643 3404 1698 mandata
3431 1646 3737 1711 seniorum,

2143 1732 2236 1803 qni
2267 1733 2509 1788 volentes
2538 1750 2658 1790 esse
2681 1734 2815 1805 legis
2841 1735 3123 1799 doctores,
3164 1752 3272 1791 non
3307 1738 3612 1811 intelligunt
3636 1756 3745 1797 no-

2145 1841 2250 1895 que
2275 1843 2393 1894 qua:
2416 1828 2621 1891 dicunt,
2658 1844 2832 1900 neque
2853 1829 2921 1884 de
2946 1829 3143 1899 quibus
3166 1829 3461 1888 allirmant.

2217 1918 2398 1987 (Vers.
2434 1916 2590 1989 iOI.)
2658 1919 2735 1973 Ab
2776 1922 2917 1975 omni
2961 1922 3044 1976 via
3095 1924 3235 1977 mala
3282 1924 3519 1993 prohibui
3577 1926 3747 1993 pedes

2142 2027 2281 2066 meos
2305 2055 2319 2078 ,
2371 2021 2427 2066 ut
2472 2014 2759 2067 custodiam
2790 2014 2941 2068 verba
2972 2027 3079 2071 tua.
3128 2016 3489 2073 Membrorum
3516 2030 3600 2075 est
3627 2036 3747 2077 vox

2143 2102 2269 2171 ista,
2300 2119 2402 2158 non
2445 2106 2674 2173 capitis:
2721 2121 2827 2160 non
2856 2109 3001 2163 enim
3053 2108 3166 2177 ipse
3208 2109 3459 2167 Salvator
3486 2114 3748 2180 corporis

2145 2199 2316 2252 nostri
2344 2197 2469 2251 ullis
2495 2200 2952 2268 concupiscentiis
2982 2201 3317 2268 pulsabatur,
3350 2212 3403 2255 ιιι
3432 2202 3481 2256 ei
3512 2218 3747 2260 necesse

2145 2299 2295 2345 esset
2324 2291 2491 2361 pedes
2521 2307 2649 2347 suos
2680 2308 2706 2345 a
2740 2294 2822 2346 via
2855 2296 3104 2365 malignae
3131 2296 3439 2363 cupiditatis
3463 2296 3745 2355 inhibere.

2145 2381 2375 2438 Nostros
2398 2399 2527 2453 ergo
2552 2395 2750 2449 motus,
2786 2394 3005 2440 nostros
3032 2386 3251 2443 cohibet
3272 2388 3559 2458 appetitus,
3592 2399 3651 2445 ut
3676 2389 3746 2446 in

2146 2491 2310 2545 prava
2344 2478 2541 2531 itinera
2571 2478 2748 2531 noxiis
2774 2476 3064 2533 desideriis
3096 2493 3204 2533 non
3232 2480 3529 2535 trahamur.

2219 2567 2402 2638 (Vers.
2435 2568 2590 2638 102.)
2631 2570 2670 2623 Α
2690 2570 2910 2641 judiciis
2937 2571 3037 2624 tuis
3064 2587 3162 2624 non
3188 2570 3459 2633 declinavi.
3493 2573 3748 2642 quoniam

2147 2669 2205 2714 tu
2231 2662 2389 2733 legem
2417 2663 2635 2733 posuisti
2664 2664 2807 2718 mihi.
2845 2663 3281 2731 l’erseveranter,
3308 2665 3499 2735 inquit,
3520 2665 3749 2734 judiciis

2149 2753 2259 2808 tuis
2288 2755 2519 2819 credidi,
2554 2756 2680 2825 quia
2728 2766 2783 2811 tu
2827 2756 2958 2811 mihi
3002 2758 3174 2827 legem
3215 2758 3266 2812 in
3296 2758 3458 2813 corde
3489 2759 3746 2824 posuisti,

2148 2856 2419 2916 tamquam
2447 2847 2617 2919 digito
2650 2858 2742 2904 tuo
2771 2850 3033 2915 scrinens;
3063 2862 3119 2905 ut
3146 2865 3291 2916 eam,
3319 2865 3427 2904 non
3463 2850 3747 2917 tamqua—

2148 2952 2339 2993 servus
2377 2940 2495 2995 sine
2534 2956 2722 2999 amore
2770 2951 3113 3010 metuerem,
3159 2941 3253 2999 sed
3285 2950 3561 3013 tamquam
3590 2941 3749 2998 (ilius

2148 3040 2300 3085 casto
2330 3032 2523 3086 timore
2548 3034 2851 3103 diligerem.

2222 3122 2579 3196 (Vers.103.)
2630 3126 2796 3192 Quam
2852 3127 3025 3182 dulcia
3079 3127 3315 3197 faucibus
3361 3129 3488 3182 meis
3530 3126 3750 3200 eloquia

2150 3224 2241 3268 tua
2263 3255 2279 3282 ,
2311 3232 2465 3289 super
2494 3218 2592 3272 mel
2620 3232 2667 3271 et
2698 3220 2873 3289 fanum
2900 3220 2978 3273 ori
3000 3236 3130 3274 meo.
3178 3220 3305 3275 Haec
3329 3232 3414 3275 εει
3440 3221 3530 3277 illa
3557 3223 3747 3279 suavi-

2153 3315 2233 3362 tas
2258 3323 2419 3376 quam
2456 3309 2713 3365 Dominus
2756 3312 2963 3377 donat,
3010 3324 3067 3365 ut
3113 3322 3258 3367 terra
3285 3324 3470 3368 nostra
3503 3315 3595 3370 det
3624 3314 3747 3371 fru—

2151 3410 2297 3456 ctum
2329 3416 2486 3457 suum
2522 3402 2541 3474 (
2568 3402 2762 3458 Psalm.
2796 3421 3016 3472 uxxrv,
3048 3405 3161 3476 i3).
3189 3414 3246 3461 et
3291 3418 3347 3461 ut
3380 3409 3579 3463 bonum
3610 3424 3749 3466 vere

2153 3492 2314 3556 bene.
2346 3495 2396 3548 id
2424 3506 2527 3561 εει,
2555 3510 2661 3549 non
2694 3497 2817 3551 ntali
2849 3499 3087 3553 carnalis
3116 3498 3416 3555 formidine
3439 3538 3457 3567 ,
3490 3500 3585 3556 sed
3611 3501 3748 3557 boni

2108 3652 2113 3657 _
2150 3585 2415 3654 spiritalis
2442 3587 2800 3643 delectatione
2831 3589 3111 3645 faciamus.

2222 3676 2385 3750 453
2412 3678 2591 3748 (Vers.
2622 3678 2773 3753 104.)
2798 3680 2842 3735 Α
2872 3682 3131 3737 mandatis
3158 3684 3259 3738 tuis
3286 3683 3538 3740 intellexi.
3568 3684 3748 3756 Spiri—

2153 3772 2336 3826 talium
2370 3773 2732 3827 membrorum
2776 3775 2981 3831 Christi
3022 3792 3124 3831 vox
3168 3780 3268 3832 ista
3314 3791 3417 3834 est.
3449 3779 3564 3835 lloc
3588 3781 3741 3837 enim

2150 3876 2298 3920 recte
2342 3864 2475 3919 dicit
2521 3880 2720 3941 corpus
2764 3864 2965 3921 Christi
3005 3869 3057 3924 in
3100 3870 3209 3933 eis,
3237 3870 3433 3941 quibus
3476 3872 3737 3929 innodat:

2151 3956 2511 4024 servantibus,
2543 3968 2767 4029 propter
2811 3960 2982 4029 ipsam
3018 3962 3320 4017 custodiam
3362 3964 3744 4022 mandatorum

2152 4051 2424 4117 prebetur
2446 4051 2665 4105 uberior
2690 4052 2938 4107 doctrina
2968 4053 3270 4124 sapientiae.
3301 4052 3585 4127 PrOpterea
3618 4056 3745 4111 odio

2149 4140 2305 4196 habui
2350 4159 2551 4197 omnem
2588 4146 2722 4198 viam
2760 4145 3067 4216 iniquitatis.
3103 4146 3335 4203 Necesse
3366 4159 3450 4204 est
3490 4150 3636 4204 enim
3680 4158 3745 4207 us

2151 4238 2326 4293 oderit
2351 4253 2569 4292 omnem
2613 4239 2951 4310 iniquitatem
2986 4256 3140 4296 amor
3170 4240 3417 4311 justitiae,
3448 4242 3540 4313 qui
3572 4252 3741 4315 auge-

2152 4340 2239 4385 tur
2266 4343 2321 4387 et
2353 4332 2748 4399 inﬂammatur;
2782 4334 3011 4406 ideoque
3046 4335 3388 4407 obtemperat
3432 4336 3568 4407 Deo,
3591 4350 3646 4394 et
3671 4336 3729 4394 in

2150 4425 2413 4480 mandatis
2434 4426 2555 4496 ejus
2589 4426 2860 4497 intelligit.

2874 4539 2998 4579 NON.

455 4603 537 4675 4),
590 4616 649 4660 ut
688 4607 1017 4677 juStilicetur
1052 4610 1219 4681 gratis
1250 4626 1344 4681 per
1371 4613 1601 4681 gratiam
1648 4615 1812 4683 ipsius
1860 4616 2039 4689 (liam.
2069 4654 2122 4714 Β
2220 4612 2397 4683 (Vers.
2434 4612 2587 4683 £05.)
2617 4612 2852 4668 Lucerna
2896 4615 3107 4682 pedibus
3152 4616 3278 4670 meis
3321 4614 3529 4669 uerbum
3567 4622 3737 4684 tuum,

459 4711 540 4761 nt,
568 4697 684 4769 24).
719 4700 771 4753 in
800 4716 960 4770 quem
991 4701 1195 4757 inimici
1228 4704 1385 4774 hujus
1414 4721 1520 4761 non
1548 4710 1917 4765 crediderunt.
1946 4713 2044 4769 llic

455 4800 635 4844 autem
663 4791 754 4861 qui
781 4791 1045 4859 justitiam
1081 4809 1192 4848 non
1220 4809 1370 4849 suam
1400 4800 1673 4868 qua-sivit,
1700 4802 1793 4857 sed
1825 4818 1948 4871 «pne
1975 4820 2042 4859 ex

454 4880 567 4936 Deo
594 4894 674 4937 est
699 4923 715 4948 ,
758 4900 917 4954 quem
948 4900 1108 4955 supra
1139 4886 1387 4944 inimicos
1420 4906 1545 4948 suos
1572 4909 1765 4965 sapere
1793 4894 1936 4950 Deus
1966 4894 2043 4951 le-

453 4974 545 5041 cit,
576 4976 746 5045 ipsum
772 4978 1083 5034 mandatum
1113 4981 1215 5036 sibi
1246 4985 1449 5040 invenit
1480 4986 1531 5041 in
1572 4999 1835 5044 mteruutn
1862 5005 1877 5042 :
1906 5004 2040 5059 quo-

452 5067 595 5120 niam
630 5083 737 5121 non
771 5070 1092 5139 temporalia
1126 5088 1223 5141 pro
1251 5091 1317 5131 eo
1346 5079 1566 5146 praemia
1594 5080 1921 5149 concupivit.
1956 5081 2035 5136 Di-

450 5158 665 5227 ligentis
695 5162 841 5217 enim
868 5168 1234 5220 remuneratio
1263 5178 1347 5220 est
1373 5168 1486 5235 ipse
1510 5170 1762 5229 dilecws.

520 5252 701 5325 (Vers.
720 5256 835 5328 99.)
851 5257 1020 5327 Super
1033 5274 1205 5311 omnes
1232 5257 1467 5312 docentes
1496 5275 1575 5313 me
1598 5262 1844 5316 intellexi.
1865 5264 2038 5332 Super

448 5360 641 5399 attines
680 5348 930 5405 doctores
951 5349 1242 5413 intellexit,
1265 5365 1423 5420 quem
1448 5350 1604 5407 Pater
1641 5352 1827 5409 docuit
1856 5356 2035 5424 (Joan.

449 5437 549 5507 vi).
574 5438 727 5506 Quod
755 5458 818 5497 ex
856 5457 1084 5511 persona
1121 5440 1286 5497 Verbi
1312 5442 1534 5498 difﬁcile
1565 5446 1896 5517 intelligitur,
1929 5450 2033 5507 nisi

449 5531 572 5599 quis
605 5545 890 5602 utcumque
914 5548 1108 5604 capere
1132 5534 1328 5601 valeat,
1354 5535 1404 5589 id
1428 5550 1569 5602 esse,
1598 5536 1789 5592 Filium
1814 5555 1842 5593 a
1878 5540 2037 5600 Patre

526 5708 551 5735 ι
590 5696 763 5771 Duae_._
785 5701 841 5748 et
863 5694 1053 5771 Colon.
1080 5736 1098 5763 ,
1146 5696 1271 5752 Non
1301 5699 1413 5753 hoc.
1465 5697 1654 5753 Melius
1692 5698 1941 5771 Lugduu.
1972 5709 2027 5757 et

448 5767 675 5830 Lovan.,
712 5764 833 5820 Non
864 5764 970 5819 hic.

523 5839 548 5877 δ
589 5838 662 5891 Ita
691 5840 854 5913 editio
884 5837 1260 5909 Lugdunensis
1278 5840 1491 5895 steteris
1510 5842 1800 5911 antiquior.
1830 5852 1882 5897 et
1912 5845 2030 5913 qni-

449 5908 574 5965 dent
618 5912 825 5967 meliori
857 5925 1018 5968 sensu
1044 5951 1059 5981 ,
1085 5924 1246 5979 quam
1275 5927 1336 5969 ea
1360 5908 1689 5983 posteriores
1712 5955 1726 5983 ,
1755 5908 2028 5983 oporteret;

2149 4706 2390 4775 Domine,
2415 4718 2465 4761 et
2511 4708 2684 4763 lumen
2727 4710 2922 4765 semitis
2958 4709 3103 4764 meis.
3136 4708 3370 4764 Verbum
3410 4710 3497 4765 hic
3537 4709 3741 4766 intelli-

2148 4794 2383 4869 gendum
2415 4809 2518 4867 est,
2554 4816 2663 4855 non
2696 4801 2827 4856 illud
2876 4802 3017 4871 quod
3051 4812 3134 4856 est
3165 4804 3373 4873 aequale
3397 4802 3663 4873 gignenti.
3686 4812 3741 4858 et

2146 4893 2288 4961 quod
2316 4901 2397 4947 est
2430 4908 2618 4948 verum
2646 4894 2848 4962 lumen,
2869 4894 3187 4950 illutniuans
3208 4910 3425 4950 onmem
3459 4894 3738 4951 hominem

2146 4981 2327 5052 (Joan.
2354 5000 2393 5051 ι,
2424 4982 2505 5056 8);
2536 4985 2629 5040 sed
2660 4987 2881 5042 verbum
2920 4986 3065 5055 quod
3116 4986 3322 5042 factum
3373 4996 3457 5042 est
3495 4987 3567 5039 ad
3618 5003 3740 5057 pro-

2146 5077 2356 5145 phetas,
2396 5078 2478 5132 vel
2536 5079 2677 5149 quod
2734 5080 3083 5147 praedicatum
3138 5094 3220 5136 εει
3265 5094 3360 5150 per
3417 5082 3744 5147 apostolos;

2146 5173 2367 5225 verbum
2401 5171 2605 5227 scilicet
2648 5170 2871 5237 Christi,
2903 5172 2971 5228 de
3002 5188 3108 5244 quo
3139 5172 3399 5241 scriptum
3435 5182 3541 5235 θηι,
3579 5169 3751 5228 Fide;

2143 5278 2209 5316 ea:
2244 5264 2444 5328 auditu,
2478 5263 2688 5317 auditus
2728 5276 2901 5319 autem
2941 5281 3030 5334 per
3074 5264 3283 5319 uerbum
3322 5262 3516 5319 Christi
3560 5265 3741 5333 (Rom.

2145 5372 2204 5420 ι.
2238 5359 2327 5425 i7)
2361 5374 2372 5410 :
2405 5372 2528 5412 nam
2562 5368 2615 5414 et
2655 5359 2877 5413 verbum
2915 5358 3288 5429 propheticum
3322 5360 3558 5414 lucernae
3586 5374 3740 5414 como

2148 5463 2345 5519 parans
2365 5450 2647 5519 apostolus
2677 5450 2893 5519 Petrus,
2921 5450 3207 5514 Habemus,
3243 5452 3438 5522 inquit,
3462 5452 3739 5507 certiorem

2146 5542 2502 5615 propheticum
2566 5560 2881 5610 sermonem,
2920 5547 3004 5599 cui
3049 5545 3348 5617 benefacitis
3397 5546 3731 5609 intendentes,

2137 5700 2602 5774 quodAugnstini
2650 5702 2813 5756 verba
2861 5701 2942 5755 sic
2969 5702 3328 5767 exprimunt:
3372 5699 3509 5765 Quia
3540 5700 3734 5756 scilicet

2141 5772 2220 5828 me
2244 5772 2337 5827 sibi
2368 5788 2467 5825 non
2493 5774 2888 5826 consentientem
2912 5774 3113 5827 etiamsi
3133 5774 3443 5839 occiderent,
3476 5780 3567 5826 tua
3588 5786 3732 5827 mar-

2140 5848 2278 5916 tyrio
2302 5846 2550 5899 conﬁtens
2578 5858 2678 5898 non
2704 5845 2944 5915 perirem.
