4028 6352
202 300 295 364 S53

918 284 1341 349 PSALMORUM
1379 288 1425 345 Α
1461 288 1503 346 C
1544 287 1637 346 AD
1673 287 1759 346 CL
1798 288 2181 350 EXPOSITIO.
2224 289 2420 351 PSAL.
2462 289 2700 353 εχνιιι.

3339 290 3446 351 858

207 420 320 474 velut
368 410 583 465 lucerna!
619 423 670 463 tu
701 422 917 463 ουετιιτο
959 410 1071 462 loco
1101 409 1180 478 (ll
1211 407 1353 462 Petr.
1377 423 1419 475 ι,
1451 406 1563 477 10).
1605 405 1759 475 Quod
1788 412 1836 468 Α
1865 419 2124 480 sectatur,
2155 411 2207 466 in
2237 419 2497 466 internum
2526 418 2800 466 mereatur
2827 407 3027 467 habere
3066 408 3210 482 quod
3252 408 3445 483 diligit.

207 512 361 574 itaque
410 506 492 557 ltic
532 506 626 564 ait,
659 501 890 556 Lucerna
938 503 1151 574 p/dlblﬂ
1192 504 1316 557 meis
1352 504 1558 557 verbum
1589 513 1754 569 tuum,

209 604 416 662 (tantine,
443 606 487 649 et
517 598 688 649 ltnnen
715 596 909 649 semitis
941 598 1086 658 meis,
1125 599 1343 652 verbum
1389 609 1467 652 est
1514 597 1655 667 quod
1705 595 1759 649 in

206 691 467 759 Scripturis
503 688 704 743 sanctis
743 692 992 742 omnibus
1036 692 1377 745 c0utinetur.
1410 688 1525 744 Non
1574 689 1759 758 itaque

204 805 355 837 artum
384 783 569 839 deltis.
595 782 688 835 sed
718 796 900 834 sermo
927 782 1167 835 dvitzttis.

267 876 424 947 (\‘ers.
457 871 611 946 106.)
636 870 819 925 Jurnvi
859 882 905 925 et
934 873 1089 926 statui
1133 874 1394 928 custodire
1424 874 1595 927 omnia
1618 874 1787 946 judi-‘

207 971 273 1023 cia
311 968 522 1040 justitiae
570 977 689 1021 tua'.
724 966 833 1020 Hoc
878 967 1167 1035 appellarit
1196 969 1575 1037 “iuramento,
1617 967 1764 1038 quod

208 1061 367 1117 statuit
410 1072 607 1128 pratter
661 1072 1061 1116 sacramentum
1100 1079 1112 1114 :
1148 1064 1271 1131 qttia
1306 1063 1381 1117 ita
1427 1064 1589 1118 debet
1643 1078 1766 1120 esse

209 1170 339 1209 meus
370 1154 463 1207 lixa
499 1154 556 1208 in
609 1153 977 1208 cu~tndiendis
1017 1153 1240 1223 judiciis
1274 1155 1506 1220 jttSliliIB
1558 1155 1679 1223 Dei,
1707 1164 1764 1212 ut

208 1245 269 1301 sit
289 1249 491 1298 otunino
522 1260 620 1308 pro
642 1243 667 1281 δ
693 1243 970 1311 juratione
990 1246 1133 1315 quod
1158 1248 1369 1300 statuit.

265 1337 426 1409 (Vi-rs.
458 1337 613 1403 107.)
642 1336 955 1390 Humiliatus
984 1353 1098 1389 sum
1125 1354 1283 1409 usque
1322 1337 1488 1400 valde,
1516 1336 1767 1405 Domine;

210 1430 377 1498 rivi/ica
404 1446 478 1481 me
500 1430 781 1481 secundum
798 1429 1001 1481 verbum
1022 1441 1183 1481 tuum.
1205 1430 1305 1482 l’ro
1331 1445 1396 1483 eo
1413 1431 1554 1500 quod
1574 1430 1770 1498 jnt‘avtl.

210 1532 256 1581 et
275 1523 442 1577 statuit
470 1521 755 1577 custodire
790 1520 991 1591 judicia
1016 1520 1239 1590 iustitia:
1280 1522 1399 1589 Dei,
1432 1524 1771 1592 persecutio-

210 1632 309 1671 nem
352 1617 637 1669 maximam
688 1628 876 1683 passus
917 1624 1029 1679 eSI;
1062 1624 1116 1667 et
1148 1630 1215 1669 ne
1247 1616 1297 1667 in
1330 1622 1477 1669 tanta
1517 1614 1771 1669 humilia-

213 1709 336 1764 tione
383 1708 666 1772 deﬁet-ret,
716 1703 977 1760 viviﬁcari
1052 1720 1133 1772 se,
1190 1706 1485 1761 secundum
1542 1710 1767 1761 verbum

2538 518 2769 558 εΑιιεειι.

1932 595 2113 664 (Vers.
2140 596 2292 665 115.)
2324 594 2540 668 Iniquos
2570 598 2689 651 odio
2721 597 2897 663 habui,
2921 605 2969 651 et
2998 599 3163 668 legem
3202 607 3343 651 tuam
3366 597 3421 651 di
3433 627 3453 641 -

1867 687 1989 743 lexi.
2014 689 2113 754 Qui
2162 691 2331 759 legem
2370 690 2462 743 Dei
2493 690 2687 760 diligit,
2720 694 2915 758 probat
2937 704 2996 744 se
3044 691 3096 744 in
3148 689 3456 744 hominibus

1864 782 2062 852 iniquis
2089 782 2142 836 id
2171 784 2317 851 quod
2346 794 2535 838 contra
2564 784 2740 854 legem
2784 794 2869 840 est
2904 784 3105 850 odisse,
3140 800 3245 839 non
3285 783 3459 839 lunul-

1866 890 1961 931 nes
1990 874 2165 945 (Sent.
2193 875 2314 946 25).

1937 969 2117 1040 (νει-δ.
2154 968 2304 1040 114.)
2329 968 2550 1043 Adjutor
2582 986 2721 1024 meus
2743 979 2796 1025 et
2831 981 3096 1041 susceptor
3123 989 3267 1027 meus
3296 989 3347 1027 es
3370 981 3460 1033 tu:

1866 1071 1915 1115 et
1936 1063 1988 1115 in
2017 1062 2222 1116 verbum
2245 1074 2389 1116 tuum
2408 1066 2785 1132 supersperavi.
2816 1061 3045 1133 Adjutor
3074 1075 3130 1119 et
3154 1076 3458 1134 susceptor,

1867 1154 1936 1209 ad
1966 1155 2103 1208 niala
2135 1155 2432 1210 evadcudzi.

1941 1245 2120 1315 (Vers.
2157 1245 2310 1316 1l3.)
2358 1246 2622 1301 Deelinate
2656 1264 2687 1301 a
2725 1264 2804 1302 me
2845 1248 3081 1321 maligni,
3106 1258 3155 1303 et
3194 1251 3462 1303 scrutabor

1871 1339 2118 1393 mandata
2162 1337 2256 1394 Dei
2297 1343 2415 1395 mei.
2452 1342 2696 1395 Mandata
2736 1342 2829 1397 Dei
2867 1345 3116 1405 scrutari,
3154 1343 3253 1396 nisi
3284 1344 3463 1401 quieta

1874 1446 2027 1486 meus
2054 1448 2158 1485 non
2198 1442 2391 1499 potest.
2429 1432 2496 1488 Ut
2546 1449 2678 1503 ergo
2708 1444 3029 1489 exerceatur
3067 1434 3168 1489 hoc
3204 1436 3461 1501 studium,

1873 1523 2140 1591 abigcnda
2173 1535 2299 1578 situt
2329 1534 2351 1562 ε
2382 1526 2557 1580 studia
2584 1526 2940 1594 malignorum
2970 1525 3145 1593 (Sent.
3175 1524 3289 1594 26).

1945 1614 2130 1682 (Vers.
2174 1614 2320 1685 ll6.)
2350 1616 2565 1687 Suscipe
2596 1633 2676 1669 me
2699 1622 2980 1672 secundum
3012 1618 3269 1688 eloquium
3300 1627 3462 1683 tuum,

1874 1714 1923 1758 et
1956 1708 2148 1773 vivum;
2173 1718 2217 1759 et
2248 1724 2349 1761 non
2378 1708 2667 1777 confundas
2704 1726 2782 1763 nte
2810 1710 2873 1762 ab
2912 1710 3295 1780 exspectatione
3331 1726 3465 1765 mea.

216 1799 587 1869 promissionis,
621 1800 867 1865 exposcit
898 1814 909 1847 :
944 1796 1065 1867 quia
1100 1797 1151 1851 in
1179 1805 1336 1851 ποι-ιθ
1366 1798 1767 1851 tribulationum
1800 1793 1848 1853 Β
1876 1796 2056 1852 Poscit
2088 1800 2257 1868 magis
2286 1802 2563 1869 magisque
2593 1801 2794 1869 suscipi
2823 1817 2851 1855 a
2882 1801 3108 1855 Domino
3146 1802 3189 1856 is
3226 1803 3315 1870 qui
3342 1816 3468 1870 spe-

215 1893 407 1947 luccrua
456 1899 545 1946 est
593 1890 845 1961 pedibus,
878 1902 933 1945 et
982 1891 1162 1945 lumen
1220 1889 1431 1946 semitis
1486 1894 1599 1960 ipsa
1648 1907 1771 1961 pro-

213 1986 392 2041 missio.

271 2075 433 2145 (Vers.
462 2073 618 2145 108.)
661 2072 970 2128 Voluntaria
1012 2075 1117 2128 oris
1167 2075 1265 2127 mei
1309 2078 1393 2144 {ac
1433 2074 1771 2146 beneplacita,

212 2169 423 2233 Domine,
445 2180 489 2223 et
517 2169 721 2239 judicia
751 2180 841 2222 tua
874 2170 998 2223 doce
1034 2184 1134 2221 me.
1175 2166 1481 2223 Voluntaria
1522 2170 1625 2223 oris
1655 2185 1775 2239 quae

212 2266 470 2333 approbari
513 2264 669 2333 petit,
704 2261 965 2316 sacrillcia
1013 2271 1139 2316 sunt
1190 2262 1379 2325 laudis,
1429 2263 1776 2317 confessione

216 2361 478 2422 citaritatis,
523 2375 629 2412 non
678 2357 876 2411 timore
925 2356 1265 2410 necessitatis
1307 2357 1508 2410 oblata.
1562 2355 1777 2409 Iudicia

212 2460 371 2506 autem
400 2452 484 2507 Dei
516 2451 700 2507 doceri
736 2465 796 2505 se
826 2449 997 2520 cupit,
1032 2465 1139 2505 non
1171 2452 1295 2520 quia
1328 2452 1563 2521 ignorat,
1595 2451 1689 2505 sed
1719 2459 1776 2504 ut

212 2544 431 2611 prullrial
440 2580 455 2597 .

281 2634 436 2707 ἔδει
473 2635 647 2708 (\‘crs.
694 2633 845 2706 109.)
882 2634 1068 2689 Anima
1104 2650 1217 2688 mea
1264 2636 1317 2687 in
1363 2633 1597 2687 ntanibus
1629 2643 1651 2671 ο
1680 2632 1778 2687 tuis

218 2743 428 2794 semper;
458 2743 501 2781 et
531 2730 679 2801 legem
722 2741 861 2782 tuam
894 2745 997 2781 non
1027 2743 1140 2782 sum
1190 2726 1398 2780 oblitus.
1429 2726 1504 2781 Ita
1553 2726 1775 2792 dictum,

223 2826 476 2889 tamquam
505 2822 564 2874 ad
592 2838 694 2875 nun
718 2820 1143 2876 obliiisccndatn
1172 2820 1341 2890 legem
1372 2820 1486 2887 Dei,
1519 2820 1777 2874 memoria

224 2909 333 2980 ejus
363 2912 492 2967 illius
519 2914 758 2966 manilius
788 2912 1095 2982 adjuvetur.

284 3003 449 3073 (vers.
478 3006 620 3073 110.)
660 3006 949 3061 Posuerunt
981 3018 1273 3073 peccatores
1304 3006 1539 3077 laqueum
1563 3007 1711 3074 mihi,
1730 3015 1779 3062 et

210 3113 241 3151 ι
262 3098 503 3153 mandatis
528 3101 629 3154 tuis
651 3116 750 3153 non
774 3101 957 3153 erravi.
985 3098 1135 3155 Unde
1164 3102 1285 3169 lioc,
1322 3100 1423 3154 nisi
1454 3100 1575 3170 quia
1599 3102 1776 3155 anima

211 3189 317 3259 ejus
347 3190 395 3244 in
422 3191 669 3246 manibus
701 3192 793 3247 Dei
825 3206 1041 3253 semper
1067 3193 1190 3246 est?

273 3280 443 3353 (ναῖς.
470 3283 621 3352 111.)
646 3280 673 3319 ἀ
701 3281 1072 3336 IlwrrdJatcm
1104 3283 1352 3348 acquisiui
1377 3283 1667 3337 testimonia
1699 3294 1786 3337 tua

209 3376 255 3428 in
272 3386 530 3441 retentum,
569 3377 692 3444 quia
724 3375 1001 3429 exsultatio
1028 3375 1198 3427 cordis
1230 3377 1327 3428 mei
1350 3384 1487 3429 sunt.
1513 3374 1577 3430 Ut
1612 3379 1782 3439 testis,

208 3464 385 3536 inquit,
437 3481 562 3521 tuus
612 3482 735 3523 esse
783 3479 1147 3536 cuperem,tu
1202 3467 1448 3529 donasti;
1497 3476 1554 3521 et
1604 3478 1660 3521 ut
1692 3483 1787 3535 pro

208 3559 415 3614 veritate
446 3561 585 3615 mori
637 3576 744 3614 non
792 3570 1117 3626 metuerem,
1147 3569 1250 3612 tua:
1288 3559 1648 3623 luvreditatis,
1682 3570 1787 3613 tua:

205 3662 274 3704 est
312 3653 496 3720 gratia:
528 3671 541 3705 :
569 3652 711 3723 quod
746 3652 874 3707 milii
903 3652 1104 3705 domitu
1155 3652 1208 3705 in
1241 3662 1503 3705 mtcrnnm
1530 3663 1635 3718 est,
1661 3651 1785 3721 quia

207 3757 300 3798 non
327 3759 401 3800 est
434 3747 489 3800 in
522 3762 592 3801 eo
635 3746 803 3816 gloria
854 3746 1169 3815 temporalis
1206 3764 1218 3799 :
1251 3756 1475 3816 propter
1507 3744 1648 3816 quod
1680 3745 1786 3800 etsi

205 3847 416 3904 corpore
444 3837 684 3894 afﬂictus
711 3855 851 3906 sum,
882 3848 1062 3896 tamen
1097 3841 1262 3895 corde
1305 3840 1510 3895 laetatus
1537 3856 1676 3895 sum.

265 3929 439 4001 (Vcrs.
476 3933 502 3987 1
522 3934 587 3989 19.
618 3931 909 4003 )lnrliuavi
934 3950 1023 3988 cor
1050 3951 1218 3989 meum
1246 3933 1315 3987 ad
1345 3934 1610 4003 faciendas
1625 3933 1791 4007 justi-

204 4021 450 4089 ﬁcationes
482 4036 605 4080 tuas
636 4029 688 4081 in
710 4036 981 4092 a'ternum,
1012 4038 1224 4097 propter
1241 4026 1651 4080 retributionem.
1683 4026 1786 4093 Qui

206 4116 337 4180 uicit,
387 4118 656 4173 Inclinavi
702 4136 790 4173 cor
832 4135 1021 4186 meum,
1048 4121 1163 4189 ipse
1201 4118 1311 4189 jam
1352 4119 1596 4182 dixerat,
1627 4117 1789 4173 Incli-

203 4224 262 4264 tta
310 4227 397 4266 cor
444 4228 619 4267 meum
674 4213 725 4265 in
768 4212 1061 4266 testimonia
1114 4223 1203 4265 tua
1258 4209 1425 4283 (Sup.
1459 4227 1506 4264 υ.
1540 4208 1670 4279 36):
1732 4218 1790 4264 ut

205 4302 581 4377 intelligamus,
629 4305 789 4360 simul
846 4305 948 4359 line
990 4319 1134 4368 esse,
1198 4314 1252 4360 ct
1302 4304 1472 4358 divini
1521 4303 1785 4369 muneris,

200 4406 247 4449 et
269 4399 502 4467 propria:
536 4398 858 4453 voluntatis.
892 4397 1072 4453 Faciat
1118 4407 1298 4452 autem
1340 4398 1442 4450 liuc
1471 4406 1679 4469 propter
1706 4413 1788 4451 re-

202 4488 517 4548 tributionem
547 4506 569 4546 :
608 4500 668 4546 ut
716 4490 842 4561 quia
878 4488 1296 4560 jusdlicationes
1346 4488 1442 4545 Dei
1492 4488 1787 4545 dilectione

1876 1901 1959 1944 rat
1993 1891 2250 1957 intentus,
2285 1889 2303 1929 ί
2332 1902 2390 1946 ut
2422 1901 2532 1946 tum
2567 1892 2810 1956 demum,
2837 1909 2956 1949 cum
2989 1894 3073 1947 illa
3096 1894 3323 1962 adeptus
3353 1893 3471 1949 lue-

1878 1981 1974 2046 rit,
2006 1997 2065 2037 se
2114 1984 2250 2037 sciat
2297 1999 2417 2038 csse
2448 1984 2715 2039 victurum
2758 2003 2773 2038 :
2810 1987 2934 2056 quia
2981 1987 3271 2055 praisentia
3304 1986 3464 2042 morti

1878 2085 2003 2131 sunt
2032 2078 2288 2132 similiora
2322 2094 2485 2147 quam
2510 2080 2653 2132 vitaz.

1951 2167 2135 2237 (Vers.
2173 2168 2320 2239 117.)
2352 2170 2557 2240 Adjuva
2585 2186 2683 2235 me,
2706 2178 2754 2223 et
2782 2170 2954 2225 salvus
2977 2186 3088 2241 ero,
3112 2178 3158 2224 et
3188 2172 3473 2225 meditabor

1879 2262 1932 2314 in
1965 2263 2425 2329 iustiﬁcationibus
2444 2265 2544 2316 tuis
2564 2279 2777 2333 semper.
2807 2262 2873 2319 Ut
2898 2268 3095 2328 vivam,
3123 2276 3179 2319 ttt
3209 2279 3313 2318 nnti
3342 2278 3475 2319 cou-

1880 2351 2099 2418 luudar,
2131 2362 2189 2407 ut
2227 2355 2277 2407 in
2314 2355 2416 2407 tuis
2438 2354 2917 2423 jttstilicatiouibus
2947 2371 3160 2426 semper
3188 2372 3470 2426 exercear,

1882 2446 2087 2517 Adjuva
2118 2463 2214 2511 tne,
2240 2445 2402 2519 455
2433 2450 2625 2515 inquit,
2656 2460 2705 2503 et
2730 2450 2901 2502 salvus
2931 2466 3059 2515 ero;
3097 2451 3222 2520 quia
3254 2450 3320 2505 ad
3352 2465 3477 2520 pro-

1884 2543 2169 2596 tnissioues
2200 2554 2336 2602 tuas,
2377 2543 2477 2594 nisi
2511 2552 2603 2595 tuo
2630 2544 2830 2595 auxilio
2869 2558 2975 2597 non
3024 2544 3255 2600 venitur.

1957 2632 2140 2704 (Vers.
2168 2634 2269 2689 118
2299 2631 2317 2702 )
2347 2635 2430 2687 Ad
2461 2633 2682 2686 nihilum
2709 2634 2974 2687 deduxisti
3003 2651 3178 2688 omnes
3209 2635 3474 2690 disceden-

1885 2734 1958 2777 tes
2002 2742 2033 2776 a
2052 2725 2517 2797 jttstiﬁt-ationibtts
2562 2726 2681 2789 tuis,
2707 2727 2953 2795 quoniant
2998 2728 3194 2799 injusta
3232 2728 3474 2801 cogitatio

1883 2835 2080 2872 eorum.
2113 2818 2301 2873 Omnia
2324 2834 2511 2890 opera,
2536 2821 2617 2874 vel
2651 2820 2814 2883 bona,
2846 2820 2929 2874 vel
2958 2823 3115 2887 mala,
3145 2837 3176 2877 a
3198 2824 3479 2892 Cogitatio-

1886 2926 1954 2965 ne
1981 2911 2416 2979 procedunt.Qui
2447 2928 2577 2981 ergo
2605 2912 2770 2967 corde
2795 2912 3010 2983 iniquus
3034 2924 3139 2976 est,
3158 2914 3223 2969 ad
3250 2916 3476 2971 nihilum

1884 3003 2190 3069 deducitur,
2221 3006 2311 3072 qui
2340 3019 2370 3058 a
2406 3005 2496 3061 Dei
2524 3005 3007 3075 justtlicatimtibus
3037 3007 3234 3077 injusta
3270 3007 3478 3079 cogita-

1886 3096 2033 3151 tiOue
2057 3097 2306 3152 discedit.

1963 3189 2143 3259 (Vers.
2184 3188 2331 3260 119)
2370 3187 2799 3245 Pra'variratores
2845 3191 3134 3246 existimavi
3154 3208 3330 3247 omnes
3360 3210 3482 3264 pec-

1888 3294 2088 3337 catores
2112 3294 2280 3346 terrm,
2306 3282 2422 3336 ideo
2448 3284 2607 3337 dilexi
2629 3284 2923 3337 testimonia
2963 3296 3074 3337 tua.
3104 3285 3235 3340 Cum
3268 3300 3474 3354 pra'va-

1889 3379 2091 3432 ricator
2122 3378 2221 3429 dici
2252 3391 2356 3430 non
2393 3377 2581 3445 possit,
2614 3378 2714 3430 nisi
2748 3378 2835 3445 qui
2869 3378 3001 3447 legis
3031 3378 3280 3431 mandata
3308 3392 3486 3434 trans.

1888 3468 2130 3538 greditur
2158 3469 2333 3529 (Rom.
2382 3468 2616 3535 ".13).
2659 3469 2921 3538 quaeritur
2965 3470 3237 3534 quomodo
3293 3485 3485 3526 omnes

1891 3569 2203 3629 peccatores
2230 3568 2388 3612 terra:
2416 3558 2861 3627 praevaricatores
2889 3560 3123 3613 debeant
3151 3560 3474 3624 existimari,

1890 3665 2118 3721 quorum
2179 3652 2377 3703 multos
2432 3659 2644 3703 constat
2697 3651 2816 3704 sine
2856 3650 2972 3717 lege
3022 3653 3371 3718 peccatores?
3418 3652 3485 3707 Et

1893 3744 2185 3809 invenitur,
2229 3758 2418 3797 omnes
2468 3741 2685 3811 quidem
2752 3754 2960 3807 gentes,
2991 3758 3186 3811 prmter
3229 3746 3483 3814 pupulum

1891 3834 2077 3900 Israel,
2103 3844 2253 3890 extra
2280 3834 2451 3904 legent
2478 3835 2672 3899 luis~e;
2703 3834 2795 3888 sed
2827 3850 3041 3889 omnem
3092 3835 3361 3891 hominem
3408 3848 3487 3893 te-

1893 3928 2011 3982 neri
2064 3927 2182 3997 lege
2221 3936 2447 3994 naturre,
2477 3927 2703 3995 utquod
2745 3928 2849 3995 pati
2894 3944 3000 3982 non
3035 3930 3171 3993 vult,
3203 3928 3341 3982 sciat
3390 3929 3481 3983 alii

1895 4034 2001 4075 non
2046 4032 2168 4073 esse
2216 4017 2542 4072 faciendum.
2576 4018 2838 4085 Quamvis
2881 4034 3011 4089 ergo
3050 4022 3221 4073 multo
3250 4020 3480 4089 amplius

1896 4112 2277 4183 prmvaricator
2306 4112 2396 4174 sit,
2422 4111 2513 4180 qui
2547 4126 2653 4163 nou
2685 4112 2861 4164 stilum
2888 4111 3169 4170 naturalis.
3195 4111 3289 4165 St-d
3320 4113 3485 4165 etiam

1894 4204 2092 4259 divina:
2153 4214 2518 4272 transgressor
2566 4212 2647 4257 est
2693 4202 2850 4272 legis,
2896 4204 3077 4257 nullus
3128 4215 3329 4268 tamen,
3380 4203 3485 4257 nisi

1896 4299 2324 4369 transgressione
2368 4306 2615 4366 peccator
2644 4306 2729 4352 est
2762 4314 2775 4350 :
2808 4297 2931 4366 quia
2975 4298 3137 4352 etiam
3181 4312 3342 4364 quem
3376 4311 3481 4350 non

1893 4394 2221 4449 eundemnat
2296 4391 2493 4456 littera,
2550 4389 2725 4459 arguit
2776 4390 3129 4446 conscientia.
3197 4391 3342 4447 Inter
3392 4389 3492 4445 bos

1895 4488 2056 4544 etiam
2084 4484 2288 4557 parvuli
2309 4499 2558 4556 congrue
2578 4483 2931 4553 deputantur,
2958 4494 3178 4555 propter
3215 4481 3491 4554 originalis

265 4727 291 4758 ι
330 4721 491 4786 Apud
553 4718 929 4789 Augustinum,
977 4722 1371 4791 juromentum;
1400 4716 1530 4774 editi
1582 4715 1779 4785 nostri,
1808 4718 1863 4780 D
1888 4714 2061 4791 cruorit
2084 4711 2381 4791 Augustino
2410 4711 2662 4791 lit-ienipso
2683 4712 2824 4791 loco.
2858 4710 3138 4791 (\lmmulli3
3160 4712 3479 4791 “credituri

197 4791 424 4846 foramen
434 4804 504 4846 ὀ.

196 4832 215 4867 δ
261 4860 288 4899 δ
318 4863 747 4916 I-lmeudaumus
771 4874 834 4916 ex
868 4858 1189 4930 Augustino.
1211 4861 1312 4913 loci
1339 4874 1501 4914 sensu
1529 4869 1779 4927 cogente,

197 4943 309 4986 cum
336 4932 499 4998 mliti,
524 4949 592 4988 es
616 4947 803 4988 errore
825 4931 943 4988 sine
963 4932 1129 4988 dubio
1154 4932 1477 4998 scribarum,
1495 4931 1782 5001 haberent,

196 5020 282 5070 pro
308 5007 539 5059 ratione.

196 5094 205 5107 ο
265 5086 287 5113 ι’
324 5078 401 5131 Ita
445 5088 665 5132 Veteres
708 5075 973 5131 editiones
1014 5084 1135 5135 post
1163 5074 1541 5141 Augustinum,
1567 5073 1656 5141 qui
1686 5073 1787 5127 ob-

192 5157 370 5200 servat
402 5148 553 5217 quod
583 5165 596 5200 :
626 5145 884 5201 Nonnulli
935 5144 1136 5200 codices
1178 5147 1389 5210 habent,
1423 5145 1503 5217 in,
1537 5145 1785 5199 manibus

195 5219 359 5289 nit-is;
382 5216 480 5272 sed
510 5219 703 5289 plures.
736 5219 787 5271 in
822 5221 952 5281 tuis;
984 5227 1027 5270 et
1070 5223 1166 5289 hoc
1200 5219 1407 5287 quidem
1442 5216 1664 5289 planum
1693 5224 1787 5270 est.

194 5283 472 5343 Justorum
491 5283 627 5343 enim
656 5291 840 5342 (minue
867 5290 918 5341 in
946 5305 1099 5342 manu
1127 5283 1222 5341 Dei
1244 5298 1360 5342 sunt
1391 5304 1409 5341 :
1431 5288 1483 5341 in
1509 5288 1657 5348 cuius
1682 5304 1791 5340 ma-

193 5374 258 5411 nu
297 5378 420 5414 sunt
455 5372 506 5415 et
536 5377 627 5415 nos
668 5370 712 5413 et
755 5376 1013 5415 sermones
1043 5359 1220 5414 nostri.
1255 5361 1591 5414 Posteriores
1620 5369 1794 5413 mnta-

196 5440 338 5509 rimt,
366 5432 424 5484 in
457 5434 607 5509 meis.
641 5432 744 5485 Sed
772 5446 960 5487 versus
993 5433 1239 5500 proxime
1269 5430 1548 5501 sequentis
1577 5430 1794 5500 exposi-

198 5506 340 5557 tione
366 5506 748 5557 revincuntur.

260 5570 290 5611 ⁴
320 5575 401 5629 Ita
464 5576 649 5642 leguit
700 5574 966 5629 editiones
1012 5573 1386 5637 Prosperiante
1438 5574 1673 5639 antiqnm
1724 5570 1791 5625 ad

192 5657 360 5699 unam
410 5662 638 5712 «nim-s;
686 5648 1015 5702 recentiori-9
1057 5646 1408 5712 scripserant,
1458 5643 1795 5698 lltvreditttte.

193 5712 373 5776 Porto
422 5718 600 5787 magis
638 5719 766 5783 quia
814 5720 891 5772 sic
921 5718 1130 5772 canitur
1164 5716 1418 5787 quotidie
1462 5732 1527 5771 ex
1570 5713 1799 5787 vulgata

192 5798 419 5861 nostra,
453 5786 617 5861 quam
647 5789 790 5862 quod
837 5804 946 5846 vos
980 5789 1095 5844 haec
1128 5786 1447 5845 Hiereditate
1487 5786 1655 5860 magis
1687 5786 1804 5863 pla-

1887 4786 2205 4848 interpretati
2226 4794 2365 4837 sunt.
2413 4782 2601 4836 Melius
2627 4799 2753 4853 ergo
2777 4785 2976 4837 duobus
2996 4784 3160 4838 verbis
3190 4786 3488 4837 insinuatur

1887 4858 2086 4927 integer
2115 4872 2315 4918 sensus,
2338 4854 2444 4908 sive
2493 4854 3076 4927 dicatur,gllicreditate
3117 4857 3351 4922 possedi,
3384 4858 3487 4906 sive

1889 4925 2111 4985 dicatur.
2153 4927 2478 4980 [hereditate
2535 4925 2815 4995 acquisivi,
2850 4943 2952 4980 non
2995 4927 3360 4990 Itwretlittttetn,
3401 4927 3490 4976 sed

1892 4998 2210 5053 hereditate.

1969 5079 1991 5106 ο
2024 5069 2078 5121 In
2123 5066 2409 5122 sententiis
2439 5082 2507 5123 ex
2555 5066 2857 5139 Augustino
2884 5067 3032 5133 prius
3056 5074 3159 5130 est,
3191 5066 3488 5139 religiosum

1893 5150 2187 5196 exercentur
2234 5140 2487 5206 studium,
2514 5151 2624 5192 tum
2649 5136 2666 5139 ⁷
2686 5156 2833 5204 vero,
2858 5138 3110 5208 abigendo
3155 5145 3272 5208 sunt
3302 5136 3491 5208 jurgit

1897 5213 2259 5281 malignorum.
2299 5210 2435 5263 Nam
2459 5205 2549 5277 (ait
2580 5212 2908 5280 Augustinus
2945 5205 3065 5281 hic)
3096 5205 3312 5275 maligni
3344 5222 3494 5259 exer-

1898 5280 2100 5337 cent’ud
2121 5281 2355 5343 facienda
2389 5283 2657 5347 mandatu,
2688 5298 2719 5334 a
2751 5280 3046 5334 scrutandis
3068 5287 3486 5337 antemavocmtt,

1899 5372 1999 5410 non
2046 5356 2216 5407 solum
2253 5368 2369 5406 cuin
2410 5362 2787 5423 persequuntur
2841 5362 2928 5403 aut
2980 5350 3185 5423 litigare
3233 5348 3493 5401 nobiscum

1899 5426 2095 5487 volunt,
2120 5441 2293 5477 verum
2315 5426 2467 5478 etiam
2489 5419 2602 5478 cum
2634 5425 2981 5491 obsequuntur
3001 5430 3047 5473 et
3080 5419 3355 5477 Itoncrnut.
3386 5434 3490 5471 t-tc.

1977 5493 1996 5533 ί
2058 5496 2389 5565 Augustinus
2428 5495 2556 5547 dicit
2605 5510 2619 5548 :
2666 5493 2843 5547 Poscit
2888 5508 2958 5565 se
3014 5491 3179 5565 magis
3232 5507 3349 5561 mag
3370 5506 3493 5558 sque

1902 5567 2118 5639 suscipi,
2145 5562 2193 5619 Et
2240 5567 2500 5639 ndiillml
2528 5575 2734 5639 propter
2760 5563 2897 5629 quod
2938 5572 3041 5639 tant
3074 5562 3234 5639 multa
3282 5565 3494 5613 molesta

1905 5631 2086 5693 tolerat
2116 5638 2331 5709 perduci
2358 5653 2376 5709 ζ
2401 5631 2567 5691 verius
2587 5633 2660 5687 ibi
2685 5649 2738 5709 se
2757 5648 2913 5698 quam
2938 5633 2990 5686 in
3010 5634 3121 5689 istis
3150 5631 3493 5691 humanarum

1907 5726 2080 5768 rerum
2102 5704 2315 5767 somniis
2342 5707 2507 5781 ﬁlms
2540 5719 2649 5763 esse
2679 5704 2955 5763 victurum.
