4028 6352
177 449 265 516 861

906 446 1332 506 ΡδΑιιιοιιυιι
1370 446 1417 504 Α
1453 446 1495 504 C
1533 446 1626 504 AD
1661 444 1749 503 CL
1786 444 2171 509 EXPOSITIO.
2210 449 2408 509 PSAL.
2449 444 2679 510 CXVlll.

3332 458 3442 519 36%

174 574 419 633 tribuunt,
451 570 696 624 dicentes
722 566 774 619 in
799 564 903 619 alio
931 566 1157 632 psalmo,
1186 563 1306 617 Nisi
1332 564 1467 629 quod
1500 562 1749 615 Dominus
1778 569 1827 624 A
1855 581 2069 633 semper
2100 567 2367 633 patientia:
2392 579 2445 623 et
2472 571 2885 636 perseverantim
2918 586 3028 626 sum
3060 574 3445 631 laudataurto—

172 681 271 726 erat
315 669 365 721 in
409 668 577 733 nobis,
638 664 852 733 forsitan
900 663 1035 715 t-it'os
1078 661 1406 733 deglutissent
1443 676 1532 712 nos
1574 658 1747 728 (l’sal.

173 777 343 827 cssttt,
365 759 445 832 Ξ).

239 856 413 927 (Vers.
450 853 601 920 158.)
632 851 753 907 Vidi
780 860 805 888 ι
835 866 935 904 non
976 858 1232 903 servantes
1262 856 1487 918 pactum,
1535 856 1579 900 et
1616 845 1754 899 tabe-

178 949 381 1004 scebam.
406 947 507 1013 Qui
540 946 781 1014 suntqui
832 959 1044 1009 pac‘um
1096 958 1202 995 non
1231 950 1602 1003 servaverunt,
1647 939 1756 993 nisi

173 1041 251 1111 qui
302 1038 673 1093 tribulationes
708 1035 996 1088 multorum
1050 1036 1487 1101 persequentium
1538 1048 1641 1086 non
1676 1031 1755 1085 le-

177 1144 361 1197 rentes,
408 1146 439 1183 a
482 1129 576 1185 Dei
611 1128 938 1183 testimoniis
970 1125 1418 1179 declinaverunt?
1454 1124 1563 1178 lloc
1601 1138 1752 1193 ergo,

176 1224 491 1292 inquit,cum
518 1224 776 1283 viderem.
806 1220 1164 1283 tabesceham,
1200 1218 1392 1271 dolens
1433 1232 1525 1271 eos
1552 1233 1579 1268 a
1610 1225 1753 1271 tanta

176 1320 326 1391 gloria
358 1318 645 1371 decidisse.
696 1316 832 1380 Quia
882 1313 1085 1382 eloquia
1126 1323 1213 1365 tua
1245 1328 1347 1365 non
1385 1310 1753 1364 custodierunt.

178 1412 321 1484 ‘62
353 1410 469 1465 lloc
499 1420 617 1464 erat
643 1419 859 1478 pactum
889 1405 917 1443 δ
947 1422 1050 1459 non
1080 1419 1456 1474 perseverare,
1494 1403 1755 1471 promissa

180 1504 259 1559 Dei
289 1504 537 1571 perdere.

238 1596 409 1667 (Vers.
442 1593 594 1662 l59.)
634 1591 761 1647 Vide
780 1593 1024 1663 quoniam
1053 1593 1295 1643 mandata
1317 1600 1405 1643 tua
1432 1590 1609 1643 dilexi.
1641 1587 1757 1654 Ipsa

180 1687 541 1743 estlruetuosa
595 1686 903 1745 tolerantia,
966 1700 1086 1753 qua:
1136 1682 1399 1736 sa-vitiam
1434 1695 1762 1748 persequen-

182 1780 294 1832 tittm
320 1778 616 1831 dilectione
637 1775 857 1844 suscipit
885 1775 1282 1827 mandatorum.
1320 1772 1554 1836 Domine,
1587 1772 1642 1823 in
1672 1782 1760 1823 tua

182 1870 516 1924 misericordia
542 1868 736 1937 vivi/ica
765 1884 861 1921 me.
904 1866 1068 1935 tlujus
1108 1865 1482 1919 miserit-ordia
1530 1863 1761 1917 obtinuit

185 1964 417 2032 palmam,
446 1963 565 2030 ejus
595 1960 959 2014 ntiseriCOrdia
993 1960 1164 2027 poscit
1205 1969 1259 2012 et
1291 1959 1473 2011 tilum.

245 2052 413 2123 (Vers.
450 2053 599 2120 160.)
637 2052 952 2121 Principium
999 2051 1263 2103 verborum
1292 2060 1497 2103 tuorum
1548 2050 1758 2115 ueritas,

184 2148 231 2201 in
253 2161 489 2201 aternum
524 2146 913 2218 omniajudicia
948 2146 1170 2217 justitite
1210 2154 1329 2197 tua.
1364 2143 1568 2198 Jndicia
1596 2142 1760 2213 justi-

187 2241 263 2295 t'ue
292 2241 374 2295 Dei
397 2250 545 2304 sunt,
570 2240 766 2307 quibus
812 2237 1193 2305 pronuntiatur
1247 2240 1300 2291 in
1346 2248 1609 2292 aeternum
1656 2238 1759 2290 vita

190 2331 339 2403 justo,
372 2348 525 2404 parua
554 2332 738 2400 impio.

900 2440 1035 2481 SCUL

257 2516 422 2590 (Vers.
459 2516 606 2585 161.)
642 2516 907 2586 Principes
931 2518 1180 2584 persecuti
1209 2522 1327 2568 sunt
1348 2533 1426 2569 me
1451 2517 1634 2583 gratis,
1660 2524 1708 2569 et
1732 2532 1764 2568 α

194 2612 342 2665 verbis
368 2612 466 2665 tuis
485 2612 780 2678 formidavit
809 2626 896 2663 cor
925 2627 1106 2663 meum.
1144 2610 1367 2663 'l'erieui
1395 2624 1548 2678 reges
1581 2610 1767 2662 Eccle-

202 2701 327 2755 siam
360 2700 552 2755 Christi
580 2702 747 2771 gratis
785 2702 1053 2769 persecuti
1086 2710 1229 2763 sunt,
1265 2702 1385 2770 quia
1413 2702 1610 2753 nullam
1640 2717 1767 2755 cau-

200 2808 309 2848 sam
332 2796 703 2865 persecutionis
730 2795 1066 2857 habuerunt;
1098 2810 1217 2845 rnm
1248 2809 1341 2846 eos
1372 2793 1666 2846 Christiani
1712 2794 1763 2846 in

206 2886 343 2939 nullo
369 2888 632 2947 lmderent.
665 2900 719 2941 et
752 2888 852 2950 ipsi
877 2882 1201 2939 Christianis
1250 2887 1588 2951 negationem
1621 2886 1766 2937 veri-

206 2978 319 3032 tatis
346 2986 658 3045 extorqueie
687 2994 789 3031 non
826 2986 1068 3048 possent.
1101 2976 1416 3031 Habuerunt
1440 2992 1569 3045 ergo
1604 2976 1764 3029 verba

199 3070 431 3134 minacia,
469 3071 762 3124 intulerunt
804 3084 948 3122 s;eva
980 3068 1277 3137 supplicia:
1312 3068 1406 3121 sed
1442 3083 1527 3120 me
1556 3078 1641 3120 tua
1676 3084 1769 3133 po-

198 3166 293 3216 tius
319 3165 474 3218 verba
508 3173 838 3229 terruerunt,
892 3160 1068 3215 Nultfe
1118 3161 1293 3213 timere
1335 3176 1419 3213 eos
1462 3161 1550 3231 qui
1584 3176 1767 3228 corpus

196 3256 435 3321 accidunt,
470 3264 514 3310 et
547 3266 725 3320 postea
753 3272 857 3307 non
901 3252 1089 3306 habent
1120 3254 1243 3322 quid
1274 3253 1502 3322 faciant;
1534 3252 1623 3304 sed
1652 3270 1769 3307 eunt

1858 674 1968 711 rem
2001 677 2011 709 :
2047 661 2168 728 quia
2202 678 2320 714 cum
2358 674 2567 731 tempus
2599 677 2739 717 esset
2778 679 2835 719 ιιι
2877 666 3139 734 judicium
3184 672 3447 736 inciperet

1854 766 1884 804 a
1912 753 2073 803 domn
2108 754 2196 805 llei
2229 753 2269 822 (1
2306 753 2447 807 Petr.
2473 771 2549 821 ιν,
2584 756 2692 828 17),
2730 758 2779 809 in
2830 760 3080 814 omnibus
3132 767 3447 819 tcntatiOni-

1856 844 1956 898 bus
1987 854 2149 911 atque
2176 848 2465 913 pressuris,
2498 845 2523 883 ⁸
2552 865 2658 902 ιιυιι
2694 849 3028 916 inﬁrmitate,
3077 853 3176 907 sed
3228 854 3442 911 Coronis

1857 948 2154 1005 martyrum
2200 938 2422 1005 gloriam
2447 950 2549 993 est.

1927 1028 2088 1101 563
2134 1031 2313 1097 (Vi-rs.
2354 1030 2497 1100 l65.)
2530 1031 2644 1087 Pax
2669 1034 2831 1087 multa
2880 1037 3211 1108 diligentibus
3258 1028 3449 1117 Legem

1858 1129 1998 1173 tuum
2018 1164 2031 1183 ,
2070 1134 2115 1174 et
2149 1139 2247 1173 non
2276 1134 2347 1174 ist
2371 1124 2440 1175 eis
2465 1124 2783 1178 scandalum.
2814 1126 2927 1195 Ipsa
2964 1129 3072 1182 Lex
3103 1124 3445 1200 diligentibus

1860 1230 1920 1269 se
1950 1214 2259 1269 scandalum
2297 1234 2400 1268 non
2434 1216 2559 1270 cst?
2610 1232 2675 1268 an
2718 1218 3065 1287 diligentibus
3091 1237 3207 1276 eam
3244 1224 3448 1278 pullum

1859 1318 1943 1361 cst
1971 1308 2346 1375 undecumque
2406 1308 2762 1363 scandalum?
2813 1313 2916 1365 Sed
2970 1324 3256 1379 utrumque
3304 1327 3451 1369 recte

1862 1399 2202 1469 intelligitur.
2236 1402 2334 1468 Qui
2365 1402 2509 1455 enim
2540 1404 2707 1471 diligit
2744 1403 2836 1457 Dei
2860 1402 3077 1472 Legem,
3118 1408 3278 1460 etiam
3302 1407 3450 1475 quod

1862 1493 1915 1547 in
1943 1510 2003 1547 ea
2036 1510 2141 1547 non
2175 1496 2424 1565 intelligit
2456 1498 2706 1560 honorat,
2741 1507 2796 1551 et
2827 1500 2876 1551 in
2903 1499 3265 1567 profunditate
3290 1516 3451 1569 quam

1862 1603 1972 1640 non
2007 1599 2274 1657 penetrat,
2306 1604 2557 1658 magnum
2602 1590 2803 1658 aliquid
2836 1605 2898 1643 ac
2951 1594 3234 1662 mysticum
3285 1594 3454 1647 latere

1864 1698 1971 1736 non
2000 1683 2231 1736 dubitat.
2288 1683 2347 1736 Et
2383 1684 2509 1738 item
2561 1686 2650 1753 qui
2681 1683 2775 1737 Dei
2807 1684 3002 1752 Legem
3035 1687 3227 1755 diligit,
3259 1687 3303 1739 si
3334 1701 3455 1740 eam

1865 1789 1973 1828 non
2004 1790 2067 1827 ex
2096 1773 2442 1829 mutabilibus
2476 1775 2756 1829 hominum
2800 1777 3037 1830 moribus
3091 1778 3300 1845 pendit,
3346 1779 3457 1831 nul-

1869 1866 1978 1920 luat
2002 1866 2319 1920 scandalum
2371 1867 2597 1935 patitur;
2648 1868 2767 1934 quia
2798 1866 3012 1921 etiamsi
3055 1868 3211 1922 bona:
3250 1866 3458 1938 profes-

1792 1974 1839 2035 Β
1867 1961 2035 2013 sioois
2060 1960 2308 2013 homines
2339 1962 2673 2030 propositum
2701 1976 2854 2014 suum
2885 1962 3159 2026 deserant,
3190 1960 3350 2031 Legis
3384 1969 3458 2014 ta-

1869 2068 1991 2105 men
2019 2051 2226 2119 jlhllllil
2261 2064 2591 2120 petseterat.

1939 2144 2121 2216 (Vers.
2157 2142 2305 2215 166.)
2353 2142 2724 2215 Exspectabam
2754 2146 2985 2200 salutare
3025 2156 3191 2212 tuum,
3218 2145 3459 2211 Domine,

1865 2248 1911 2294 et
1951 2239 2199 2291 mandata
2257 2250 2343 2290 tua
2372 2237 2550 2292 dilexi.
2606 2240 2807 2293 Omnes
2836 2240 3055 2309 quidem
3108 2240 3301 2303 sancti,
3333 2248 3461 2293 ante

1866 2331 2299 2385 lncarnatiouem
2350 2330 2575 2396 Christi,
2638 2331 2878 2400 ejusdem
2940 2347 3155 2400 semper
3182 2339 3461 2399 exspecta-

1868 2433 2067 2478 verunt
2109 2425 2565 2488 redemptionem.
2622 2424 2726 2479 Sed
2785 2434 2962 2492 potest
3011 2424 3129 2478 hate.
3179 2422 3462 2493 pr0p|tctia

1867 2519 2028 2571 etiam
2066 2531 2253 2570 comm
2311 2516 2601 2569 cottVetiire
2651 2532 2900 2581 persona:
2930 2518 3040 2585 qui,
3072 2531 3136 2569 ex
3175 2530 3282 2583 quo
3310 2529 3463 2568 reve-

1868 2610 1970 2663 lata
1996 2612 2169 2677 gratia
2218 2608 2566 2675 Evangelium
2605 2608 2950 2677 prmtiicattir,
2990 2608 3274 2676 diligentes
3310 2622 3463 2661 man-

1869 2701 1990 2755 data
2020 2700 2243 2764 Christi,
2291 2700 2581 2752 adventum
2641 2700 2759 2768 ejus
2798 2709 3113 2767 esSpectant
3153 2716 3167 2753 :
3226 2708 3286 2754 ut
3336 2713 3464 2754 cum

1869 2790 2117 2845 Christus
2159 2792 2492 2860 apparuerit,
2544 2791 2652 2845 vita
2696 2802 2910 2855 nostra,
2949 2802 3075 2846 tunc
3117 2801 3172 2846 et
3217 2806 3317 2846 nos
3337 2806 3463 2846 cum

1871 2883 1989 2952 ipso
2019 2898 2377 2950 appareamns
2407 2883 2457 2934 in
2487 2882 2655 2951 gloria
2689 2879 2909 2950 (Coloss.
2939 2898 3019 2947 ιιι,
3048 2882 3126 2951 tl).

1944 2972 2122 3043 (Vere.
2155 2972 2300 3041 l67.)
2334 2971 2615 3027 Custodivit
2653 2974 2828 3025 anima
2877 2991 2989 3027 mra
3031 2975 3323 3029 testimonia
3354 2986 3465 3042 tua,

1872 3077 1918 3122 et
1948 3070 2127 3123 dilexit
2156 3085 2216 3123 ea
2246 3067 2413 3120 valde.
2446 3066 2831 3122 Custodiuntur
2862 3068 2955 3122 Dei
2988 3071 3317 3134 testimonia,
3340 3069 3468 3124 dum

1874 3176 1977 3213 non
2023 3170 2307 3229 negantur.
2362 3160 2469 3214 Sed
2502 3160 2626 3229 quia
2675 3176 2771 3227 pro
2821 3162 3150 3215 testimoniis
3181 3162 3271 3217 Dei
3303 3164 3469 3217 etiam

1874 3253 2101 3306 flammis
2116 3250 2453 3306 concremari
2475 3253 2593 3306 sine
2619 3252 2883 3305 cltarilale
2901 3270 3005 3305 non
3036 3253 3258 3323 prodest
3281 3252 3327 3323 (I
3349 3252 3470 3307 Car.

196 3347 348 3400 timete
398 3351 486 3417 qui
520 3347 668 3399 habet
700 3355 998 3415 potestatem
1026 3354 1072 3397 et
1102 3360 1290 3413 corpus
1313 3352 1360 3395 et
1388 3344 1616 3396 animant
1654 3360 1770 3415 per-
1798 3355 1843 3417 ρ
1876 3362 1990 3406 xm.
2024 3347 2100 3414 3).
2133 3346 2252 3399 ideo
2282 3343 2509 3409 addidit,
2544 3354 2590 3396 et
2619 3344 2800 3399 dilexit
2830 3364 2889 3398 ea
2920 3348 3090 3401 valde.

196 3438 304 3493 dere
332 3441 379 3491 iu
407 3441 691 3511 gehennam
718 3436 934 3510 (Jlattlt.
969 3453 1021 3503 ι,
1054 3436 1168 3504 28).
1194 3436 1277 3489 Ab
1308 3436 1389 3490 Itis
1419 3451 1552 3506 ergo
1598 3438 1773 3491 verbis

197 3528 493 3585 formidavit
519 3547 616 3584 cor
647 3544 823 3583 meum
846 3545 861 3594 ;
888 3540 941 3583 et
972 3542 1198 3598 sperans
1244 3528 1296 3582 in
1344 3539 1604 3583 aeternum
1636 3545 1774 3597 prte-

198 3624 370 3691 tuium,
395 3624 699 3687 contempsi
726 3621 1022 3689 temporale
1049 3621 1391 3689 supplicium.

258 3716 426 3786 (Vers.
467 3716 620 3787 162.)
653 3714 936 3769 Exsultabo
964 3731 1053 3785 rgo
1084 3730 1239 3783 super
1278 3715 1480 3785 eloquia
1503 3725 1610 3777 tua,
1644 3716 1776 3768 sicut

196 3811 273 3878 qui
292 3812 476 3865 invenit
506 3810 677 3882 spolia
719 3810 899 3862 multa.
935 3808 1037 3862 Per
1069 3810 1180 3877 ipsa
1208 3809 1375 3862 verba
1421 3808 1549 3863 vicit
1578 3809 1775 3878 quibus

198 3899 509 3958 formidavit.
541 3900 712 3956 Victis
742 3900 883 3955 enim
914 3900 1083 3969 spolia
1117 3899 1474 3953 detrahuntur
1499 3918 1511 3953 :
1532 3913 1586 3953 et
1611 3902 1773 3953 multa

202 3996 351 4061 spolia
376 4004 534 4063 capta
568 4001 714 4059 sunt,
745 3992 957 4060 quando
983 3992 1146 4046 etiam
1180 4007 1271 4059 per
1292 4008 1349 4047 se
1380 3993 1632 4047 custodes
1664 3992 1775 4060 plu-

201 4085 306 4139 rimi
333 4088 592 4142 admirati
624 4085 937 4156 patientiam
969 4097 1288 4157 martyrum,
1313 4085 1366 4139 in
1394 4101 1517 4141 eum
1546 4086 1597 4141 in
1616 4101 1773 4156 quem

201 4180 478 4235 sa'virrant
504 4179 874 4234 crediderunt.

261 4270 429 4342 (Vers.
480 4274 627 4339 l63.)
661 4271 978 4343 lnjustitium
1008 4273 1126 4325 odio
1170 4272 1347 4339 habui,
1380 4284 1423 4326 et
1453 4274 1778 4328 abominatus

206 4380 323 4431 sunt,
352 4366 517 4437 legem
537 4376 709 4419 autem
732 4377 872 4419 tuam
889 4366 1066 4419 dilexi.
1101 4367 1229 4427 Lex.
1263 4368 1472 4437 eloquia
1500 4377 1625 4420 sunt
1660 4366 1774 4430 Dei,

202 4472 304 4525 qme
329 4462 406 4514 sic
440 4460 642 4521 timuit,
680 4470 737 4513 ut
768 4469 1008 4523 amaret;
1038 4476 1375 4531 consequens
1401 4464 1544 4515 enim
1575 4472 1689 4516 erat
1722 4472 1777 4516 ut

201 4546 427 4617 diligeret
470 4550 762 4619 justitiam,
822 4550 913 4619 qui
958 4550 1147 4603 oderat
1186 4554 1527 4618 pravitatem.
1593 4552 1778 4607 Timor

202 4653 312 4710 ergo
334 4642 424 4697 ille
454 4644 749 4697 verborum
787 4643 877 4695 Dei
905 4660 932 4695 a
964 4643 1160 4712 quibus
1188 4644 1518 4709 formidavit,
1551 4660 1654 4700 non
1681 4647 1779 4700 luit

1951 3438 2308 3511 (Vers.16:'.)
2361 3437 2625 3493 Custodivi
2683 3439 2926 3492 mandata
2974 3452 3063 3493 tua
3106 3448 3154 3494 et
3184 3440 3474 3495 testimonia

1880 3547 1988 3594 tua.
2018 3534 2139 3602 quia
2168 3549 2340 3586 attines
2371 3548 2464 3585 vta:
2493 3549 2619 3586 mete
2660 3533 2713 3586 in
2743 3541 3015 3602 conspectu
3068 3542 3175 3594 tuo,
3224 3530 3471 3587 Domine.

1879 3627 2223 3695 Plerumque,
2274 3625 2398 3677 dum
2452 3625 2702 3678 mandata
2740 3625 2830 3678 llei
2886 3625 3290 3689 custodiuntur,
3336 3626 3474 3679 liunt

1879 3720 2078 3775 inimici
2105 3723 2193 3789 qui
2242 3718 2429 3772 eadem
2486 3718 2738 3773 mandata
2768 3728 3153 3782 contemnunt,
3184 3726 3239 3771 et
3283 3731 3474 3772 neces-

1880 3815 2081 3869 sariqu
2114 3822 2199 3867 est
2227 3822 2284 3867 ut
2313 3823 2436 3867 tunc
2466 3826 2564 3881 pro
2612 3811 2936 3865 testimoniis
2980 3811 3076 3865 Dei
3118 3811 3331 3866 fortiter
3363 3820 3473 3865 ste-

1884 3914 1990 3958 tur.
2018 3904 2171 3972 Quod
2203 3904 2287 3959 hie
2324 3904 2445 3959 ideo
2474 3903 2667 3958 fecisse
2699 3918 2756 3957 se
2786 3902 2943 3968 dicit,
2982 3902 3104 3972 quia
3153 3917 3343 3957 omnes
3372 3901 3473 3959 vita

1882 3998 2069 4064 ejusin
2103 3995 2315 4049 Domini
2346 4002 2637 4064 conspectu
2668 3994 2912 4059 fuerunt;
2940 4003 3211 4063 tamquam
3242 3994 3471 4061 diceret,

1882 4089 1937 4145 Si
1968 4089 2256 4143 avertisses
2280 4104 2308 4140 a
2335 4104 2421 4143 me
2444 4088 2633 4142 faciem
2666 4099 2830 4154 ttlattt,
2880 4088 3132 4151 Domine,
3183 4086 3475 4143 conturbao

1884 4192 1969 4236 tus
1995 4181 2238 4249 luissem,
2276 4197 2374 4236 nec
2400 4192 2487 4236 tua
2518 4180 2789 4245 tnandata,
2822 4195 2920 4235 nec
2964 4180 3267 4236 testimOuia
3290 4188 3475 4236 custo-

1881 4284 2114 4348 dissem;
2144 4298 2284 4338 nunc
2311 4293 2491 4338 autem
2528 4282 2647 4336 ideo
2673 4292 2902 4351 utraque
2934 4280 3173 4349 servavi,
3208 4281 3333 4352 quia
3355 4281 3475 4335 vias

1883 4391 2031 4432 meas
2063 4386 2385 4436 conspectus
2420 4376 2494 4429 tui
2527 4375 2733 4430 lumine
2764 4374 3032 4429 direxiSti.

2539 4484 2665 4523 τΔυ.

1957 4560 2140 4632 (Vers.
2176 4560 2329 4629 169.)
2355 4560 2745 4628 Appmpinquet
2786 4560 2953 4612 oratio
2981 4575 3094 4613 mea
3122 4560 3177 4614 in
3201 4568 3475 4629 conspectu

1886 4667 1994 4720 tuo,
2022 4653 2260 4718 Domine,
2294 4653 2578 4707 secundum
2624 4651 2883 4721 eloquium
2933 4662 3075 4705 tuum
3106 4653 3174 4706 da
3220 4656 3345 4707 mihi
3396 4654 3478 4707 in-

200 4746 224 4783 a
270 4734 535 4791 eharitate
574 4735 929 4803 dissentiens,
992 4736 1086 4791 sed
1140 4748 1387 4793 metuens
1428 4740 1494 4792 ab
1540 4755 1605 4794 eo
1634 4742 1774 4811 quod
1807 4754 1861 4815 ι)
1890 4748 2163 4802 (allectum.
2194 4744 2607 4814 Appropinquat
2636 4743 2811 4797 oratio
2856 4760 2976 4813 qua:
3034 4746 3313 4814 recipitur,
3342 4759 3479 4813 quo-

200 4836 300 4877 ama
310 4825 398 4879 bal.
430 4838 451 4865 ε
485 4827 670 4882 avelli.

260 4918 435 4986 (Vers.
477 4922 634 4991 164.)
672 4920 876 4989 Septies
899 4921 950 4974 in
977 4923 1058 4975 die
1083 4923 1286 4976 laudent
1330 4924 1441 4979 dixi
1487 4926 1598 4996 tibi,
1627 4944 1779 4995 super

198 5012 628 5086 judiciajustitia:
670 5023 794 5068 tute.
827 5016 982 5080 Quod
1011 5017 1085 5068 ait
1108 5018 1312 5087 septies,
1346 5017 1609 5088 signifieat
1637 5036 1779 5075 sem-

202 5120 299 5169 per.
352 5107 471 5162 lloc
522 5108 666 5162 enim
711 5124 935 5163 numero
958 5124 1148 5163 omnes
1195 5111 1530 5179 explicantur
1556 5112 1692 5178 dies,
1729 5126 1782 5168 et

203 5204 425 5268 tempora
459 5202 720 5255 universa
775 5201 1087 5255 volvuntur.
1150 5201 1389 5256 Ecclesia
1447 5219 1575 5275 ergo
1622 5206 1783 5260 nullis

202 5292 661 5357 persccutiouibus
689 5303 963 5363 superata,
992 5293 1045 5347 in
1083 5294 1185 5349 isto
1236 5296 1638 5352 tribulationum
1670 5300 1776 5367 die,

265 5522 289 5551 ⁸
313 5515 373 5570 S.
405 5512 740 5583 Augustinus
780 5513 851 5567 ita
897 5513 1121 5582 legerat,
1165 5513 1282 5567 Vidi
1329 5516 1636 5571 insensatos.
1667 5518 1775 5571 Sed

198 5583 433 5637 observat
465 5588 608 5652 quod
640 5586 731 5637 alii
754 5586 953 5637 codices
980 5586 1191 5652 habent,
1226 5586 1346 5639 l'idi
1378 5604 1480 5640 non
1524 5600 1777 5643 servantes

198 5669 412 5719 premnt;
444 5668 495 5708 et
529 5655 622 5707 ltoc
663 5654 837 5724 plures
865 5657 1067 5709 habent.

260 5726 283 5762 ³
319 5726 414 5780 Fui
433 5739 580 5780 la-se
601 5744 704 5779 mm
731 5742 953 5781 seruare.

265 5807 285 5833 ε
319 5800 461 5850 Editi
490 5799 717 5861 ~impht-i
745 5800 909 5850 verbo
944 5798 1080 5851 velli.
1140 5799 1359 5863 Μαιδιἰηί
1413 5812 1779 5869 apposueram

201 5870 336 5920 a'elli
394 5869 565 5922 Duae.
603 5884 649 5921 et
687 5869 875 5921 Cttlmt.
918 5870 1153 5928 “apicii.
1206 5884 1383 5923 autem
1447 5875 1564 5925 sine
1612 5876 1777 5925 tlttltto

202 5950 334 6006 Quod
367 5957 468 6010 pro
493 5944 741 6005 exemplo
772 5947 1096 6009 Augustinus
1140 5951 1413 6013 pOsuerat,
1465 5960 1537 5997 sic
1587 5947 1775 6013 pudica

523 6034 796 6097 PsraOL.
846 6034 948 6096 LI.

1889 4841 2033 4894 niam
2064 4837 2337 4909 Propeest
2367 4834 2618 4890 Dominus
2650 4834 2728 4888 Itis
2769 4838 2857 4905 qui
2891 4836 3135 4889 tribulato
3177 4846 3294 4890 sunt
3321 4837 3476 4889 corde

1887 4930 2059 5001 (Psal.
2099 4945 2285 4994 χχχιιι,
2322 4929 2439 4997 ta);
2493 4939 2544 4982 et
2568 4928 2653 4981 dat
2679 4928 3006 4981 intellectum
3036 4928 3327 4981 secundum
3355 4940 3478 4991 pro-

1887 5024 2109 5078 missum
2172 5037 2350 5085 suum,
2383 5021 2471 5091 qui
2516 5022 2610 5087 ait,
2644 5019 2973 5074 Intellectum
3003 5019 3137 5072 dabo
3179 5019 3265 5070 ubi
3298 5016 3477 5089 (Psal.

1887 5132 2038 5179 sui,
2073 5115 2149 5182 8).

1962 5207 2137 5275 (Vers.
2174 5203 2321 5275 170.)
2348 5204 2512 5258 Intret
2537 5206 2817 5277 postulatio
2856 5220 2967 5257 mea
2993 5205 3046 5255 in
3067 5212 3339 5271 conspectu
3365 5212 3474 5267 tuo,

1890 5299 2134 5363 Domine;
2161 5296 2443 5351 secundum
2474 5298 2731 5367 eloquiunt
2760 5306 2901 5349 tuum
2923 5294 3057 5363 eripe
3082 5309 3178 5347 me.
3204 5292 3480 5364 Repetivit

1885 5520 2075 5659 ;.mju:c
2099 5521 2266 5572 cirum
2290 5531 2334 5574 et
2357 5522 2519 5586 timet,
2546 5538 2607 5574 ne
2625 5520 2800 5573 abillo
2828 5519 3129 5588 deseratur;
3156 5530 3205 5576 et
3232 5536 3392 5591 amat,
3424 5536 3482 5579 ut

1911 5602 2111 5645 runtur.

1911 5602 2111 5645 runtur.

1958 5659 2082 5736 filia
2114 5662 2242 5715 editi
2265 5662 2433 5715 nostri
2460 5678 2669 5736 omnes.
2687 5661 2791 5736 Qui
2826 5662 2952 5715 licet
2982 5678 3197 5718 sensum
3240 5666 3474 5736 aliquem

1886 5731 2203 5795 exhibeant,
2238 5744 2415 5805 tam-tt
2444 5748 2547 5805 non
2578 5732 2881 5785 dubitamus
2915 5736 3106 5787 melius
3146 5738 3245 5805 legi
3282 5731 3345 5788 ιη’
3368 5741 3477 5788 Λιι-

1884 5818 1951 5871 gtt
1985 5806 2061 5856 tin
2088 5827 2097 5849 ι
2129 5809 2264 5868 ipso,
2306 5804 2425 5855 Non
2454 5803 2733 5873 inﬁrmata.
2790 5805 2877 5857 sed
2926 5808 3128 5859 coronis
3185 5803 3474 5876 martyrum

1886 5876 2174 5944 glori/imm
2198 5886 2289 5930 est.
2326 5876 2433 5927 Nec
2460 5876 2679 5927 tld'licde
2711 5877 2802 5928 fuit
2838 5893 3021 5931 vocent
3052 5878 3313 5944 inﬁrmata
3358 5894 3477 5932 tnu-

1887 5949 1989 5999 tari
2015 5962 2048 5999 a
2077 5946 2251 6000 scriba
2281 5949 2334 6000 in
2363 5948 2523 5999 altam
2554 5948 2866 6015 inﬁrmitate.

2908 6043 2987 6104 12
