4028 6352
590 413 692 471 εστ

1827 406 1886 463 S.
1925 398 2261 461 PROSPERI
2300 394 2630 471 AQUITANI

3714 408 3798 470 868

590 528 768 591 tribus,
798 526 847 580 id
869 532 973 591 est,
1001 523 1181 593 populi
1205 538 1302 595 per
1330 536 1453 576 suas
1484 520 1716 575 familias
1745 519 2045 574 distributi.
2071 518 2179 573 Sed
2210 525 2252 579 Α
2287 517 2373 573 illa
2418 517 2722 573 Jerusalem
2752 534 2869 585 quae
2890 515 3190 572 :rdillcatnr
3216 524 3275 572 ut
3302 512 3481 574 civitas
3500 519 3519 593 (
3540 519 3666 578 Psal.
3693 541 3797 595 cstt,

587 622 657 677 de
694 630 806 676 toto
839 634 964 687 pars
997 616 1343 687 intelligenda
1374 623 1498 679 est,
1539 616 1661 684 quia
1706 615 1759 667 iit
1798 612 1945 667 omni
1987 626 2186 682 genere

588 714 866 769 hominum
897 713 986 766 alii
1012 713 1166 780 justi,
1202 711 1291 764 alii
1326 711 1674 765 inveniuntur
1703 709 1916 776 injttsti;
1946 722 2045 761 nec
2070 722 2185 760 om-

587 821 684 860 nes
715 815 804 857 aut
833 813 1209 873 persecutores
1238 812 1383 863 sunt,
1412 811 1504 855 ant
1530 800 1781 868 discipuli
1811 798 2072 859 veritatis.
2102 797 2183 854 Ad

587 896 931 951 concordiam
958 896 1136 961 itaque
1158 893 1398 948 cceleSIis
1415 892 1493 946 let
1509 891 1711 946 nsalem
1736 906 1841 945 non
1865 890 2181 953 ascendunt,

586 989 691 1042 nisi
720 990 878 1041 tribus
901 987 1133 1055 Domini,
1158 986 1355 1057 quibus
1383 984 1751 1039 testimonium
1782 981 1915 1036 ﬁdes
1942 980 2187 1051 perhibet

586 1082 728 1151 quod
763 1084 872 1134 sint
900 1079 1063 1134 Israel
1084 1121 1099 1142 .
1135 1080 1186 1133 id
1217 1085 1322 1145 est,
1354 1077 1542 1131 videns
1575 1077 1765 1137 Deum,
1797 1084 1854 1130 et
1876 1077 1991 1129 sine
2018 1074 2187 1127 simu-

586 1174 799 1229 latinttis
841 1174 966 1226 dolo
1004 1174 1205 1227 donum
1248 1171 1436 1239 gratia:
1484 1168 1858 1237 pra-ferentes.
1907 1167 1999 1220 Ille
2040 1167 2182 1219 enim

586 1282 712 1321 vere
742 1266 1011 1334 ascendit,
1045 1266 1135 1333 qui
1163 1266 1455 1318 conlitetur
1486 1279 1590 1317 non
1627 1263 1824 1331 proprii
1854 1260 2056 1329 operis,
2089 1259 2185 1313 sed

584 1361 748 1413 divini
780 1375 900 1413 esse
939 1358 1181 1413 nttmeris
1214 1356 1354 1423 quod
1390 1354 1633 1410 ascendit
1679 1355 1853 1421 (Sent.
1887 1354 2002 1421 3|).

659 1451 840 1524 (νει-ε.
869 1450 950 1521 5.)
995 1450 1129 1518 Quia
1156 1450 1266 1503 illic
1290 1450 1531 1503 sederunt
1558 1446 1700 1500 mles
1722 1447 1772 1498 in
1793 1445 2020 1515 judicio,
2042 1443 2185 1497 sedes

585 1561 741 1613 super
767 1547 975 1597 domum
1010 1544 1195 1597 Dat-id.
1244 1541 1603 1596 Sublitniores
1642 1540 1843 1608 quique
1872 1547 2182 1591 sanctorum

586 1637 766 1690 throni
818 1646 947 1688 sunt
996 1635 1125 1699 Dei,
1176 1635 1316 1689 sicut
1357 1633 1619 1700 scriptum
1664 1640 1746 1685 est
1786 1647 1799 1681 :
1844 1630 2029 1683 Anima
2050 1628 2185 1699 justi

586 1730 797 1783 thronus
820 1729 1082 1799 sapientia:
1105 1738 1197 1780 cst.
1232 1727 1296 1780 lit
1316 1725 1444 1779 dicit
1468 1724 1730 1791 apostolis
1750 1724 1865 1777 suis
1886 1723 2179 1774 Dominus:

586 1822 843 1877 Sedebitis
874 1838 1026 1891 super
1068 1821 1337 1873 duodecim
1370 1820 1545 1882 sedes,
1584 1817 1885 1887 judicantcs
1912 1816 2182 1868 duodecim

2290 613 2323 667 5
2348 614 2389 681 ),
2421 628 2524 665 non
2575 622 2777 665 tantum
2818 612 2870 666 in
2915 620 3223 665 sanctorum
3265 612 3558 677 angelorum
3600 616 3799 674 sublimi.

2292 705 2536 769 tate,sed
2566 707 2727 759 etiam
2760 705 2811 757 in
2844 704 3010 757 totius
3036 703 3288 759 Ecclesiae
3310 705 3800 779 glttrilicatiottc,qua:

2290 799 2341 853 iit
2371 797 2586 854 Christo
2618 797 2861 864 fundata,
2884 813 3048 853 unum
3071 809 3154 853 est
3179 814 3298 854 cum
3315 801 3553 869 supernis
3574 804 3802 870 potestati-

2289 890 2389 945 bus
2421 891 2515 944 Dei
2550 892 2823 960 templum.

2361 982 2381 1055 (
2414 982 2563 1035 Vers.
2593 981 2693 1051 ‘2.)
2739 982 2868 1035 Ecce
2908 984 3038 1036 sicut
3075 984 3212 1037 oculi
3246 999 3495 1037 servorum
3534 986 3582 1040 in
3614 989 3802 1044 manibus

2288 1076 2611 1130 dominorum
2640 1094 2871 1131 suorum.
2922 1076 2986 1129 Et
3013 1079 3143 1131 sicut
3170 1079 3303 1131 oculi
3321 1078 3515 1134 ancilla:
3540 1080 3587 1133 in
3616 1084 3801 1139 manibus

2287 1168 2510 1223 domina:
2545 1185 2684 1231 sua’,‘
2711 1170 2782 1221 ita
2811 1171 2948 1222 oculi
2972 1171 3134 1223 nostri
3157 1172 3227 1223 ad
3275 1168 3541 1225 Dominum
3570 1171 3708 1227 Deum
3732 1192 3803 1227 uo.

2285 1272 2467 1324 strum,
2503 1262 2663 1313 donec
2690 1262 2987 1314 misereatur
3015 1261 3180 1315 nobis.
3214 1262 3343 1330 Quae
3368 1263 3620 1319 humilitas
3645 1266 3804 1335 qualis-

2286 1369 2351 1406 ve
2399 1353 2664 1421 sitltjeciu
2694 1353 2949 1406 scandala
2980 1354 3254 1419 ostendit,
3279 1369 3401 1408 cum
3435 1357 3567 1409 inter
3595 1357 3801 1411 tetttatio-

2288 1460 2415 1499 num
2471 1446 2749 1499 molestias
2791 1456 2848 1499 et
2894 1445 3259 1500 eruditionnm
3311 1447 3485 1515 plagas
3530 1449 3802 1515 gettirntium

2286 1536 2474 1592 oculos
2501 1537 2566 1591 ad
2613 1538 2780 1591 Deum
2807 1538 2937 1591 dicit
2964 1552 3085 1591 εμεθ
3115 1553 3407 1593 conversos
3432 1580 3446 1603 ,
3484 1538 3642 1593 donec
3680 1542 3805 1595 Inlae-

2287 1639 2473 1683 reatur
2510 1640 2565 1683 et
2596 1640 2806 1697 parcat,
2834 1645 2862 1683 a
2896 1631 3049 1697 cujus
3082 1629 3286 1699 judicio
3314 1630 3453 1685 venit
3477 1631 3706 1699 quidquid
3744 1632 3805 1684 in-

2286 1720 2415 1775 ferri
2458 1732 2550 1774 aut
2588 1721 2837 1792 jubetur,
2870 1732 2964 1776 aut
2986 1722 3230 1776 'sinitur.
3271 1723 3403 1790 Quia
3440 1722 3570 1776 sicut
3611 1722 3731 1777 servi
3766 1733 3808 1777 et

2285 1814 2491 1867 ancillae
2524 1813 2575 1865 in
2621 1824 2885 1881 potestate
2913 1824 3041 1867 sunt
3068 1814 3412 1868 dominorum
3441 1830 3643 1867 suorum
3682 1826 3806 1882 atque

585 1912 747 1963 tribus
780 1911 945 1963 Israel
983 1909 1194 1978 (.llattlt.
1228 1924 1342 1974 xu,
1370 1909 1485 1977 ‘28).
1521 1908 1653 1961 'l'nta
1689 1923 1822 1974 ergo
1850 1907 2042 1960 dooms
2071 1904 2176 1958 Da-
2210 1897 2255 1955 Β
2283 1907 2658 1971 dominarum;
2692 1909 2762 1960 ita
2804 1906 2975 1959 Saneti
3021 1907 3239 1959 modum
3294 1906 3685 1976 castigtionutn
3713 1920 3807 1959 sua-

584 2003 697 2069 vid,
735 2003 784 2056 id
817 2010 919 2068 est,
953 2012 1062 2054 tota
1092 2000 1356 2063 Ecclesia,
1388 2015 1507 2067 qua:
1536 2000 1587 2051 itt
1616 1998 1834 2050 Christo
1863 2010 2047 2051 semen
2081 1996 2182 2048 Da-

583 2094 692 2157 vid,
727 2104 781 2146 et
811 2108 997 2146 semen
1029 2091 1340 2154 Abraham,
1376 2091 1553 2143 veniet
1585 2090 1635 2142 in
1660 2089 1945 2157 judic'um,
1972 2104 2093 2142 cunt
2126 2095 2183 2142 et

582 2185 685 2255 ipsi
714 2186 800 2255 qui
830 2184 1094 2239 sedebuut
1137 2185 1297 2237 sedes
1340 2192 1497 2236 erunt
1547 2180 1673 2248 Dei,
1718 2192 1772 2232 et
1811 2195 1906 2247 per
1950 2194 2179 2233 examen

580 2278 935 2344 iudicantium
965 2290 1155 2330 omnes
1176 2276 1469 2328 dilectores
1500 2272 1591 2326 Dei
1622 2279 1678 2327 ct
1714 2270 1943 2342 proximi
1972 2274 2027 2325 ιιι
2063 2271 2182 2325 uni-

586 2380 747 2424 tatem
777 2377 1125 2423 assutncntnr
1155 2366 1401 2434 Corporis
1430 2365 1655 2420 Christi.

655 2463 833 2534 (Vers.
866 2459 948 2533 6.)
995 2462 1189 2531 Rogato
1218 2475 1334 2529 qua:
1372 2458 1441 2511 ad
1471 2474 1650 2529 pacem
1680 2466 1801 2510 sunt
1821 2501 1835 2525 ,
1867 2455 2175 2524 Jerusalem,

586 2566 631 2609 ct
662 2554 986 2607 abundantia
1013 2550 1345 2624 diligentibus
1375 2560 1440 2603 te.
1472 2550 1551 2604 Ad
1582 2549 1723 2617 ipsas
1755 2549 1915 2603 sedes
1941 2549 2035 2603 Dei
2059 2565 2182 2617 pro-

582 2646 829 2715 pheticus
860 2659 1040 2699 sermo
1068 2643 1346 2712 dirigitur,
1378 2652 1430 2696 et
1458 2644 1532 2694 ait
1573 2659 1585 2694 :
1621 2641 1726 2696 Vos
1765 2642 1853 2710 qui
1891 2642 2179 2708 iudicaturi

582 2739 742 2802 estis,
774 2753 869 2807 per
891 2752 1026 2806 quos
1057 2736 1146 2790 lict
1176 2736 1629 2791 conscientiarum
1664 2736 2033 2803 interregatio,
2065 2734 2183 2805 qui-

582 2845 687 2898 que
713 2831 846 2883 estis
875 2832 987 2898 ipsa
1018 2827 1316 2883 Jerusalem
1340 2869 1355 2890 ,
1388 2828 1685 2883 discernite
1724 2842 1753 2879 a
1790 2827 2039 2893 superbis
2076 2827 2179 2880 ltu-

584 2922 763 2985 ntiles,
791 2922 857 2974 ab
889 2920 1193 2989 implacidis
1222 2932 1472 2988 separate
1514 2930 1733 2987 pacatos
1762 2935 1778 2973 :
1825 2927 1879 2972 et
1904 2918 2037 2972 [iant
2059 2920 2180 2973 uni-

583 3026 669 3070 tas
697 3025 753 3070 et
782 3016 1109 3069 abundantia
1139 3014 1473 3083 diligentiam
1505 3023 1581 3068 te.
1605 3013 1739 3079 Quia
1764 3012 1855 3082 qui
1880 3023 2056 3067 tecum
2088 3012 2183 3065 lta-

584 3111 715 3164 bent
743 3122 956 3175 pacem,
990 3107 1095 3160 tuis
1131 3107 1182 3159 in
1215 3115 1476 3160 aeternum
1513 3105 1714 3158 divitiis
1738 3104 2107 3159 abundabunt.

655 3200 836 3272 (Vt-rs.
868 3199 947 3268 7.)
991 3196 1115 3251 Fiat
1146 3214 1249 3267 pax
1277 3199 1328 3251 in
1356 3198 1539 3250 virtute
1569 3207 1677 3261 tua,
1711 3209 1757 3250 ct
1787 3195 2102 3250 abundantia
2127 3204 2181 3252 in

2284 2016 2401 2054 rum
2438 2015 2504 2052 ex
2537 2000 2628 2053 Dei
2660 2001 2924 2054 sententia
2956 2000 3193 2069 pendere
3224 2013 3512 2054 noverunt.

2355 2092 2537 2161 (Vers.
2566 2094 2621 2158 5,
2652 2092 2735 2163 4.)
2755 2093 2998 2146 Miserere
3019 2094 3201 2159 nostri,
3234 2091 3471 2154 Domine,
3493 2093 3705 2147 miserere
3741 2108 3812 2144 tto-

2284 2187 2518 2242 stri.Vos
2549 2186 2849 2255 vapulantis
2875 2197 2973 2245 ομι,
2993 2196 3048 2240 et
3073 2187 3219 2240 intcll
3240 2188 3478 2256 gentiam
3511 2188 3637 2240 inter
3669 2184 3812 2252 ﬂagel-

2284 2278 2331 2331 la
2360 2278 2681 2346 postulantis
2710 2300 2719 2333 ;
2754 2282 2875 2347 quia
2908 2277 3083 2331 Omnis
3115 2278 3229 2331 hinc
3275 2278 3387 2331 vita
3416 2280 3563 2346 plena
3606 2276 3811 2330 lentatio—

2283 2387 2411 2425 nunt
2434 2381 2536 2430 est.
2572 2372 2727 2439 plena
2753 2372 3046 2440 plagarum.
3083 2370 3214 2435 Quia
3236 2372 3456 2422 mulum
3484 2368 3649 2437 repleti
3669 2381 3810 2420 sumus

2284 2464 2624 2537 despectiour.
2660 2464 2725 2519 Et
2754 2464 2969 2517 multum
3002 2465 3189 2532 repleta
3219 2472 3291 2516 est
3326 2464 3500 2518 anima
3527 2471 3683 2515 nostra
3704 2476 3719 2524 ,'
3740 2476 3813 2526 op-

2284 2558 2545 2628 probrium
2578 2558 2979 2620 abundantibus,
3013 2568 3056 2609 et
3086 2558 3348 2623 despectio
3376 2556 3618 2624 superbis.
3656 2554 3815 2609 Omnes

2290 2651 2378 2720 qui
2409 2650 2703 2703 secundum
2732 2650 3004 2703 Christum
3032 2666 3115 2719 pte
3149 2650 3343 2704 volunt.
3387 2651 3596 2714 vivere,
3639 2658 3816 2702 necesse

2283 2753 2364 2797 est
2388 2752 2443 2795 nt
2470 2742 2538 2795 ab
2570 2742 2749 2811 impiis
2778 2751 2833 2795 ct
2874 2740 3232 2796 dissimilibus
3279 2746 3554 2811 patiantur
3579 2737 3816 2810 opprobria

2284 2834 2349 2906 (ll
2380 2833 2511 2887 Tim.
2543 2850 2623 2898 ιιι,
2650 2834 2761 2905 l2).
2806 2844 2859 2887 et
2896 2835 3267 2904 despiciantur
3323 2847 3591 2904 tamquam
3628 2832 3755 2889 stulti
3777 2837 3817 2884 et

2284 2926 2478 2987 insani,
2532 2927 2623 2996 qui
2660 2929 2947 2994 prmsentia
2989 2927 3127 2981 bona
3158 2926 3184 2965 δ
3212 2929 3471 2997 perdant,
3494 2940 3548 2983 et
3580 2924 3818 2983 invisibilia

2282 3018 2387 3073 sibi
2412 3035 2474 3071 ac
2504 3017 2679 3071 futura
2711 3020 3043 3087 pretuittant.
3066 3017 3170 3074 S:d
3213 3020 3333 3074 Ita-c
3363 3020 3631 3090 despectio
3653 3028 3699 3072 et
3721 3014 3819 3070 irri-

2281 3114 2363 3167 sio
2386 3114 2438 3166 in
2465 3113 2608 3180 ipsos
2631 3113 3053 3180 retorquebitur,
3108 3128 3229 3168 cum
3253 3122 3309 3168 et
3335 3112 3648 3169 abundantia
3668 3122 3819 3166 eorum

2282 3204 2334 3259 in
2363 3214 2681 3275 egestatem,
2712 3203 2876 3276 47o
2903 3214 2957 3260 et
2990 3205 3242 3276 superbia
3268 3206 3553 3261 transierit
3592 3206 3638 3259 in
3665 3199 3819 3259 conlu-

581 3294 805 3349 turribus
830 3294 953 3347 tuis.
974 3292 1151 3346 Virtus
1174 3302 1329 3355 tua,o
1352 3290 1621 3355 Ecclesia,
1646 3305 1678 3343 ο
1699 3289 2019 3355 Jerusalem,
2045 3291 2173 3344 clia-
2204 3270 2251 3333 (ἶ
2283 3270 2490 3351 sionem
2522 3296 2698 3369 (Sent.

578 3388 709 3440 ritas
732 3394 952 3453 est,qua
983 3394 1034 3439 et
1057 3383 1208 3437 dives
1222 3394 1272 3436 et
1298 3382 1453 3436 l‘ortis
1477 3398 1556 3436 es.
1578 3382 1634 3436 ln
1661 3382 1762 3435 hoc
1790 3382 1878 3435 ﬁat
1906 3398 2004 3450 pax
2040 3382 2175 3437 lilio-

578 3492 698 3530 rum
727 3486 965 3539 tuorum,
998 3476 1100 3531 hoc
1126 3474 1360 3529 abundet
1395 3485 1608 3527 tuarum
1632 3474 1859 3527 turriunt
1887 3473 2171 3540 celsitudo,

575 3578 636 3621 ut
668 3569 807 3623 unde
836 3569 947 3635 ipsa
971 3583 1160 3637 magna
1185 3581 1261 3633 es,
1290 3566 1416 3621 inde
1439 3566 1512 3619 tui
1537 3564 1825 3633 participes
1853 3576 2169 3634 augeantur.

646 3661 829 3732 (Vers.
851 3662 905 3727 8,
925 3660 1005 3733 9.)
1037 3659 1254 3732 Propter
1277 3660 1463 3729 fratres
1489 3673 1623 3711 uicos
1648 3666 1695 3710 et
1720 3657 1982 3729 proximos
2007 3673 2168 3723 utros,

576 3752 818 3822 loquebar
833 3767 1009 3824 parem
1028 3752 1092 3805 de
1110 3763 1173 3805 te.
1190 3749 1354 3822 469
1380 3750 1604 3817 PrOpIcr
1622 3750 1830 3803 domum
1850 3748 2060 3803 Domini
2079 3750 2171 3803 Dei

576 3845 755 3909 nostri,
789 3844 1003 3914 quaesivi
1050 3845 1177 3897 bona
1208 3847 1317 3896 tibi.
1355 3843 1685 3898 Praedicator
1717 3844 1864 3912 pacis
1896 3853 2021 3910 tum,
2060 3858 2165 3898 non

574 3947 798 4007 propter
826 3956 932 4003 me,
980 3938 1073 3992 sed
1103 3951 1322 4008 propter
1352 3936 1548 3991 fratres
1602 3952 1753 3991 meos
1798 3937 2009 3992 exstiti.
2056 3936 2168 3992 Nec

577 4048 758 4087 meum
792 4034 1077 4095 honorem,
1110 4030 1205 4084 sed
1231 4031 1456 4084 aliorum
1482 4032 1705 4099 quaesivi
1738 4032 1967 4086 salutem
1995 4047 2011 4096 ;
2058 4048 2162 4085 non

575 4136 638 4179 ut
669 4139 786 4177 mea
810 4132 1082 4178 cresceret
1112 4122 1283 4191 gloria
1305 4163 1319 4186 ,
1352 4122 1445 4175 sed
1478 4132 1534 4175 ut
1575 4134 1660 4175 tua
1706 4122 2024 4177 tlilataretur
2058 4122 2163 4177 lite-

575 4216 795 4270 reditas.
828 4216 959 4270 Nam
993 4218 1108 4285 ipse
1134 4214 1274 4285 apud
1306 4224 1357 4270 te
1384 4216 1677 4283 tninucrer,
1703 4218 1745 4270 si
1778 4233 1884 4272 non
1907 4216 2164 4288 profecti.

575 4308 678 4363 bus
706 4308 1032 4364 laborarem.

1088 4444 1398 4502 PSALMUS
1441 4442 1655 4500 CXX".

642 4584 820 4642 (Vers.
859 4582 937 4652 l.)
966 4583 1045 4636 Ad
1072 4590 1119 4636 te
1147 4582 1305 4635 levavi
1333 4582 1507 4636 oculos
1530 4597 1668 4635 meos
1688 4625 1702 4650 ,
1740 4582 1830 4653 qui
1870 4582 2067 4636 habitas
2098 4584 2151 4637 in

2783 3388 3094 3446 PSALMUS
3124 3389 3363 3445 CXXIII.

2349 3479 2529 3550 (Vers.
2569 3482 2619 3546 1,
2651 3480 2735 3549 2.)
2776 3480 2895 3534 Nisi
2924 3483 3061 3548 quod
3093 3481 3348 3536 Dominus
3375 3490 3485 3535 erat
3520 3481 3574 3533 in
3594 3478 3737 3537 nobis.
3762 3472 3825 3526 di-

2276 3582 2356 3625 cat
2380 3588 2514 3626 nttnc
2539 3571 2727 3638 Israel,
2760 3571 2809 3625 Ν
2816 3574 2875 3625 isi
2892 3577 3028 3643 quod
3057 3572 3309 3627 Dominus
3336 3588 3446 3627 erat
3469 3575 3520 3626 in
3548 3571 3699 3624 nobis.
3720 3566 3824 3619 Cor-

2275 3679 2372 3731 pus
2400 3663 2777 3731 Cltristi,qnnd
2805 3677 2888 3717 εει
2917 3664 3161 3719 Ecclesia
3187 3664 3414 3736 (Ep/tes.
3445 3681 3497 3727 ν,
3520 3664 3633 3732 25),
3658 3663 3717 3714 ita
3740 3658 3824 3712 dis-

2274 3756 2531 3810 tributum
2554 3764 2656 3821 est,
2675 3769 2732 3809 ut
2757 3757 2859 3811 alia
2888 3757 3126 3812 membra
3157 3758 3274 3827 ejus
3299 3760 3542 3827 pericula
3570 3752 3824 3811 tribulatio-

2272 3862 2399 3900 nuin
2436 3849 2545 3915 jam
2586 3847 2895 3916 evaserint,
2948 3848 3053 3901 alia
3114 3849 3303 3903 iisdem
3361 3851 3542 3905 adhuc
3594 3846 3824 3902 laboribus

2270 3946 2589 3991 atterantnr.
2623 3936 2727 3993 Sed
2757 3939 2881 4008 quia
2914 3950 2966 3992 et
2996 3939 3422 4007 prmeedentium
3450 3950 3505 3994 et
3527 3940 3825 4005 subsequen-

2269 4031 2398 4084 tinm
2429 4044 2743 4085 sanctorum
2778 4045 2915 4085 unus
2939 4040 3022 4085 est
3055 4032 3340 4095 liberator,
3381 4050 3489 4088 una
3520 4044 3596 4087 est
3625 4027 3828 4085 omnium

2267 4122 2577 4188 exsultatio,
2603 4134 2657 4176 et
2690 4122 2903 4177 illorum
2931 4123 3019 4191 qui
3048 4122 3161 4192 jam
3212 4123 3449 4179 adversa
3481 4125 3747 4182 vicerunt,
3785 4122 3826 4171 et

2264 4214 2455 4269 horum
2481 4215 2570 4284 qui
2596 4226 2817 4284 sperant
2856 4228 2915 4269 se
2949 4216 3307 4283 prasentibus
3343 4218 3603 4284 periculis
3630 4215 3829 4268 liberan-

2264 4306 2362 4361 dos
2390 4324 2406 4373 ;
2436 4318 2511 4370 et,
2541 4308 2901 4375 promissione
2928 4306 2983 4361 1)-
3008 4306 3020 4360 ἰ
3048 4308 3255 4362 ﬁrmam
3284 4310 3455 4365 dante
3480 4308 3825 4366 constantiam,

2264 4414 2373 4454 uno
2405 4413 2627 4455 utuntur
2668 4405 2899 4465 cantico,
2942 4403 3068 4469 quia
3113 4418 3219 4455 uno
3268 4404 3594 4457 muniuntur
3635 4396 3827 4460 auxilio,

2258 4491 2540 4547 dicentes:
2578 4492 2697 4547 Nisi
2722 4493 2861 4559 quod
2899 4492 3151 4547 Dominus
3181 4505 3289 4547 crat
3326 4496 3381 4548 in
3409 4497 3586 4563 nobis,
3612 4503 3809 4564 persecu

2257 4584 2460 4638 tionutn
2518 4599 2617 4638 nos
2656 4584 2963 4653 magnitudo
3009 4596 3360 4654 superasset;
3406 4588 3504 4643 sed
3535 4588 3625 4642 illo
3651 4581 3835 4656 pratia

2257 4676 2420 4731 dente
2447 4676 2703 4731 cordibus
2735 4677 2957 4743 nostris,
3005 4676 3097 4730 illo
3126 4676 3288 4733 dante
3331 4680 3709 4744 tolerantiam,
3750 4675 3825 4729 illo

2262 4778 2680 4805 nnncaunmnnln
2709 4769 2987 4805 vinlnrinsn
3042 4769 3331 4805 Isnlsitqnlin
3370 4773 3423 4805 in
3455 4773 3613 4805 ηΛΙιὶρ
3643 4784 3663 4805 ε
3685 4770 3829 4805 cimnl

568 4676 728 4732 caelis.
792 4676 941 4730 Mens
987 4674 1276 4743 proﬁciens
1312 4683 1367 4728 et
1395 4673 1730 4738 ascendens,
1779 4689 1903 4744 qua:
1937 4689 2150 4728 sursum
2179 4651 2232 4713 D
2257 4676 2420 4731 dente
2447 4676 2703 4731 cordibus
2735 4677 2957 4743 nostris,
3005 4676 3097 4730 illo
3126 4676 3288 4733 dante
3331 4680 3709 4744 tolerantiam,
3750 4675 3825 4729 illo

570 4781 695 4823 sunt
732 4769 891 4838 sapit,
926 4782 1030 4827 non
1050 4782 1171 4836 qua:
1198 4781 1361 4835 super
1383 4775 1581 4820 terram
1613 4765 1825 4838 (Calas.
1859 4781 1941 4827 ut,
1969 4766 2073 4835 2);
2101 4776 2154 4821 et

468 4884 471 4887 δ
567 4863 690 4917 ideo
720 4861 902 4931 dirigit
951 4858 1132 4913 cordis
1172 4859 1343 4913 aciem
1393 4874 1500 4927 quo
1538 4859 1821 4927 pervenire
1860 4858 2154 4925 desiderat,

490 4994 505 5013 ,ν
566 4971 672 5009 non
702 4951 982 5021 corporeis
1019 4950 1297 5020 gressibus
1323 4993 1337 5017 ,
1381 4949 1474 5003 sed
1518 4951 1913 5017 proficientium
1961 4966 2154 5006 ascen-

472 5036 483 5094 -ξ
566 5046 717 5099 sione
748 5044 1024 5098 virtutum.
1060 5040 1327 5095 llibitatio
1347 5050 1527 5094 autem
1556 5041 1670 5109 Dei,
1699 5058 1803 5095 non
1835 5043 1938 5097 hoc
1956 5045 2153 5099 coelum

570 5139 972 5207 intelligendum
1004 5144 1086 5191 est
1118 5134 1261 5203 quod
1305 5134 1549 5213 videtur,
1596 5143 1650 5189 et
1691 5136 1759 5189 de
1790 5151 1896 5204 quo
1935 5136 2153 5204 dicitur,

567 5230 757 5283 Colunt
784 5240 831 5282 et
857 5239 993 5283 terra
1020 5226 1304 5281 transibunt
1328 5224 1543 5295 (Matth.
1575 5241 1722 5292 XXIV,
1765 5226 1881 5297 55);
1920 5228 2014 5281 sed
2040 5237 2065 5264 “
2088 5228 2156 5286 de

642 5398 668 5425 ι
700 5387 860 5441 Forte
907 5389 1170 5444 redundat
1193 5388 1503 5457 prmpositio
1529 5387 1611 5450 de,
1644 5402 1764 5456 qua:
1810 5385 2038 5442 habetur
2096 5391 2148 5446 in

566 5459 818 5514 omnibus
847 5460 1027 5513 editis.

640 5531 665 5567 ιι
702 5531 1057 5583 Ι⁴Ζιηριιι1ιῐῐιι13
1104 5546 1170 5585 ex
1216 5530 1355 5583 libro
1408 5527 1832 5591 Sententiarum,
1879 5533 2144 5586 sententia

567 5599 658 5661 52.
690 5601 778 5654 ubi
812 5602 1000 5667 legitur
1022 5604 1160 5667 qttod
1198 5602 1249 5655 in
1279 5612 1426 5655 testu
1484 5601 1777 5667 posuimus.
1826 5601 1959 5653 Editi
2004 5605 2145 5658 enim

568 5688 756 5727 omnes
795 5673 895 5724 hoc
935 5672 1119 5737 pSaImi
1164 5673 1281 5725 loco
1329 5674 1544 5733 habent,
1573 5672 1661 5741 qui
1701 5673 1973 5739 pru'sentia
2016 5674 2147 5729 bona

569 5753 791 5806 snwrnnt,
823 5757 982 5795 sensu
1010 5743 1286 5798 evidenter
1318 5745 1563 5810 opposito
1609 5741 1858 5795 Auvtoris
1891 5745 2145 5799 intentio-

571 5818 643 5867 ni.
677 5816 783 5867 Nisi
810 5813 946 5868 forte
978 5814 1196 5882 legeris:
1219 5815 1306 5883 qui
1332 5830 1432 5867 non
1462 5816 1732 5879 prtesentia
1757 5814 1885 5867 bona
1906 5826 2140 5883 sperant,

570 5896 615 5947 tt
646 5884 921 5951 (Mitibilia
944 5885 1038 5943 sibi
1067 5899 1129 5942 ac
1163 5887 1344 5947 futura
1369 5886 1694 5951 promittunt.
1724 5883 1868 5941 Editi
1898 5886 2042 5941 enim
2078 5888 2131 5945 le

2262 4778 2680 4823 consummante
2709 4769 3011 4835 victoriam,
3042 4769 3333 4827 habitantis
3369 4773 3424 4827 in
3454 4773 3615 4829 nobis
3643 4784 3663 4812 ε
3684 4770 3829 4826 simus

2265 4860 2466 4931 glorh,
2510 4876 2615 4913 non
2652 4859 2886 4915 hostium
2921 4860 3121 4929 pratda.

2338 4951 2522 5024 (Vers.
2554 4949 2707 5022 2-4.)
2734 4950 2863 5005 Cum
2898 4953 3217 5023 insurgerent
3241 4953 3483 5011 homines
3512 4957 3567 5010 in
3594 4971 3703 5011 nos.
3744 4952 3833 5020 for-

2263 5046 2399 5099 sitan
2426 5044 2563 5097 riros
2588 5044 2923 5115 deglntissent
2954 5061 3067 5097 nos.
3097 5044 3231 5099 Tota
3261 5062 3395 5117 ergo
3427 5047 3665 5102 lidelium
3689 5046 3831 5102 salus.

2265 5145 2376 5189 tota
2409 5136 2729 5203 patientium
2760 5134 3017 5188 fortitudo
3040 5134 3104 5189 ad
3136 5136 3321 5201 Deum,
3349 5141 3446 5207 qui
3483 5141 3537 5194 in
3568 5136 3837 5193 sanetisest

2264 5227 2533 5283 mirabilis
2561 5225 2714 5299 (Psal
2734 5242 2901 5293 vatt,
2928 5227 3045 5299 56),
3076 5229 3355 5283 referenda
3380 5242 3500 5296 est;
3525 5234 3649 5301 quia
3677 5228 3769 5285 nisi
3796 5222 3849 5277 ιη

2256 5399 2389 5461 gunt
2415 5391 2501 5447 hic
2530 5393 2865 5467 promittunt,
2887 5410 2992 5449 non
3019 5398 3341 5463 promittant.
3374 5399 3666 5467 Augustini
3689 5398 3839 5455 locus»

2255 5480 2415 5531 quem
2452 5479 2561 5529 pra:
2582 5469 2753 5518 oculis
2784 5466 3036 5521 habuisse
3082 5471 3293 5522 videtur
3323 5466 3559 5524 sant-ins
3594 5471 3839 5533 Prosper.

2255 5535 2378 5608 talus
2403 5543 2487 5608 est
2516 5552 2527 5608 ς
2577 5534 2870 5590 lrridmtur
2906 5539 2984 5591 illi
3030 5542 3118 5608 qui
3157 5542 3463 5605 felicitatem
3494 5555 3677 5595 vocant
3707 5551 3843 5608 quam

2252 5605 2417 5679 oculis
2444 5607 2613 5679 ridere
2640 5624 2739 5660 non
2768 5620 3004 5677 possunt,
3039 5605 3085 5664 et
3115 5612 3302 5664 dicitur
3342 5614 3447 5673 εἰ,
3482 5613 3627 5679 Quid
3667 5605 3843 5666 credis.

2248 5677 2477 5753 insane?
2518 5676 2665 5753 Vides
2694 5676 2827 5753 quod
2857 5684 3022 5733 credis
3047 5681 3071 5733 .’
3097 5722 3110 5735 .
3134 5722 3146 5736 .
3176 5727 3185 5735 .
3237 5681 3373 5734 Erro
3419 5676 3521 5753 eqo
3557 5682 3699 5752 quod
3744 5692 3847 5732 amo

2248 5747 2415 5813 rideo,
2446 5748 2609 5817 fruor.
2643 5751 2686 5800 Ι)
2718 5752 2952 5816 spiceris,
2998 5755 3117 5819 quia
3156 5769 3331 5819 speras
3356 5747 3505 5812 quod
3557 5747 3665 5809 non
3703 5753 3849 5817 sides.

2250 5829 2301 5874 et
2326 5819 2544 5896 despicit
2571 5832 2619 5875 te
2644 5820 2731 5896 ille
2750 5824 2839 5893 qui
2865 5825 3013 5896 quasi
3036 5831 3169 5877 tenet
3192 5824 3328 5896 quod
3352 5826 3524 5885 videt.

2329 5898 2351 5929 ε
2385 5889 2665 5961 Fortasse,
2694 5889 2845 5961 [iuius
2877 5889 3068 5961 'gloria.
