4028 6352
168 384 262 446 869

950 375 1373 435 ΡεΑωιοιωΜ
1412 376 1454 431 Δ
1495 373 1536 430 C
1575 373 1668 430 AD
1703 372 1792 428 CL
1834 369 2220 425 EXPOSITIO.
2265 368 2463 426 PSAL.
2503 367 2716 425 CXXV.

3313 366 3420 424 570

168 503 257 559 illis
292 496 546 555 Dominus
580 505 749 562 esset,
794 492 968 549 furori
1002 493 1292 565 impiorum
1323 489 1583 560 fragilitas
1624 488 1722 541 lm-
1746 487 1802 548 Α
1827 480 1922 536 sed
1955 479 2007 533 in
2035 479 2137 534 ista
2167 479 2374 535 caelesti
2403 487 2459 534 et
2487 487 2687 534 aeterna
2715 492 2837 550 qua:
2874 477 3172 534 aedificator
3195 485 3256 533 ut
3280 477 3419 532 civi-

168 607 304 651 mana
345 587 717 646 succumberet
764 584 940 660 (Sent.
989 583 1104 656 δε).
1165 585 1316 639 Dicat
1359 597 1490 652 ergo
1531 579 1720 645 lsrael,

172 684 298 741 dicat
320 681 544 754 populus
571 679 906 748 redemptus,
947 679 1178 749 populus
1217 682 1586 746 regeneratus,
1629 689 1723 741 po-

169 777 305 848 pulus
325 772 644 844 adoptivus,
677 769 800 826 Nisi
837 771 958 844 quia
1002 768 1254 824 Dominus
1297 778 1403 823 erat
1447 768 1500 822 itt
1539 765 1720 830 nobis,

168 885 268 923 cum
293 867 606 937 insurgerent
635 865 866 920 homines
884 863 1156 918 adversum
1184 878 1296 929 nos,
1329 860 1552 930 forsitan
1583 859 1722 912 rivos

169 961 470 1033 drglutisscnt
512 973 629 1012 nos.
663 956 778 1011 \‘ivi
821 962 1001 1010 autem
1043 951 1442 1024 deglutinntur,
1479 950 1570 1021 qui
1600 964 1722 1019 per-

174 1051 421 1108 secutione
445 1048 721 1120 superati,
749 1048 803 1102 in
847 1049 1161 1103 societatem
1205 1053 1486 1100 transeunt
1528 1041 1723 1113 impio-

178 1153 390 1209 rum,et
436 1157 623 1196 amore
672 1141 884 1212 exigua:
925 1140 1086 1203 vitae,
1130 1139 1182 1194 in
1204 1136 1529 1208 profundum
1560 1141 1724 1190 ruunt

171 1234 331 1289 mortis
356 1243 597 1288 aeternae.
621 1228 748 1285 Cum
775 1232 1023 1286 irascetur
1043 1234 1187 1302 [uror
1211 1245 1389 1283 eorum
1411 1243 1565 1300 super
1591 1241 1686 1280 nos
1703 1263 1719 1290 ,

169 1328 353 1398 forsitan
390 1327 534 1382 rivos
577 1325 955 1381 absorbuissent
996 1341 1108 1379 nos.
1153 1323 1267 1377 Vivi
1311 1323 1674 1377 absorbentur
1702 1360 1719 1386 ,

169 1421 243 1491 qui
268 1419 413 1474 (idem
446 1419 665 1488 quidem
693 1434 844 1474 suam
885 1420 936 1472 in
965 1417 1296 1472 conscientia
1335 1431 1432 1469 sua
1462 1415 1718 1478 retinent,

170 1519 244 1575 sed
268 1529 399 1573 metu
433 1528 608 1583 preme
645 1512 995 1582 acquiescnnt
1046 1511 1314 1567 idolorum
1344 1509 1595 1564 culturae.
1630 1507 1723 1562 Vi-

169 1621 276 1667 vuut
299 1611 476 1680 itaque
511 1618 761 1665 tenentes
793 1606 992 1671 fidem;
1026 1605 1120 1661 sed
1153 1608 1280 1660 dum
1321 1613 1510 1660 contra
1557 1601 1721 1658 {idem

169 1703 356 1768 iaciunt,
384 1702 677 1755 adorantes
717 1697 864 1770 quod
906 1697 1042 1753 nihil
1072 1711 1194 1753 esse
1248 1706 1534 1760 noverunt,
1580 1694 1755 1750 oeci--

170 1796 338 1873 duntur
357 1806 408 1851 et
434 1802 683 1864 pereunt.

1827 585 1907 630 tas
1935 574 2110 647 (Psal.
2141 589 2308 640 cxxu,
2349 574 2431 641 5).
2482 572 2687 628 Montes
2733 577 2789 626 in
2836 573 3052 626 circuitu
3075 573 3231 641 ejus:
3264 586 3416 625 mou-

1825 671 1959 724 tium
2009 668 2228 724 nomine
2275 668 2648 737 significantur
2697 667 3078 737 prmdieatorcs
3131 665 3412 730 veritatis,

1824 762 1941 819 sive
2001 761 2219 831 angeli,
2278 760 2398 816 sive
2464 760 2727 830 apostoli,
2771 761 2886 816 sive
2952 757 3273 830 prophetas,
3322 757 3420 828 qui

1827 854 2176 924 splendorem
2207 852 2475 915 veritatis.
2502 869 2662 922 quem
2710 852 2780 908 de
2813 851 3067 920 supernis
3111 851 3410 921 accipiunt,

1824 921 1880 1005 in
1911 947 2161 1004 inferiora
2188 921 2613 1002 diﬂ'unduntaEt
2650 946 2898 1001 Dominus
2917 945 2970 999 in
2999 943 3221 998 circuitu
3251 944 3414 1014 plebis
3475 921 3495 1012 ί

1825 1057 1972 1108 sure;
2001 1039 2262 1110 quidquid
2301 1053 2434 1108 ergo
2455 1049 2538 1092 est
2576 1038 2710 1092 lueis
2738 1039 2790 1091 in
2822 1035 3130 1102 montibus,
3172 1036 3288 1106 ipse
3327 1043 3416 1090 est

1824 1138 1914 1209 qui
1968 1136 2256 1207 splendere
2296 1143 2508 1188 montes
2537 1131 2701 1198 facit;
2751 1141 2806 1186 et
2842 1131 3097 1201 quidquid
3130 1145 3228 1200 per
3254 1129 3417 1185 mini-

1825 1239 1969 1285 stros
1988 1227 2173 1283 auxilii
2222 1227 2398 1290 venit,
2429 1225 2574 1279 illius
2615 1232 2700 1278 est
2741 1223 2830 1291 qui
2861 1233 3101 1294 operatur
3141 1222 3316 1275 omnia
3354 1220 3412 1274 in

1766 1314 1774 1330 ’
1823 1323 2058 1378 omnibus
2122 1321 2180 1391 (Ι
2227 1318 2346 1375 Cor.
2402 1333 2508 1379 χιι.
2546 1317 2643 1388 6).
2690 1312 2775 1368 Ea:
2821 1315 2916 1368 Itoc
2973 1329 3106 1367 nunc
3152 1323 3200 1367 et
3253 1328 3415 1384 usque

1823 1419 1879 1471 in
1929 1417 2214 1478 sa’culum,‘
2257 1423 2315 1468 ut
2368 1428 2399 1467 a
2461 1411 2849 1481 temporalibus
2905 1407 3298 1463 transferantur
3341 1408 3413 1463 ad

1826 1518 2050 1563 aeterna.

1900 1601 2079 1669 (Vcrs.
2111 1598 2192 1666 '5.)
2219 1598 2354 1666 Quia
2380 1613 2482 1650 non
2515 1594 2888 1666 derelinquitur
2915 1593 3057 1665 uirga
3087 1600 3413 1662 peccatorum

1824 1711 1976 1762 super
2001 1703 2192 1750 sortem
2221 1696 2510 1754 iustorum:
2533 1702 2588 1745 ut
2615 1708 2716 1745 non
2745 1690 3025 1744 extendant
3048 1689 3179 1757 justi
3203 1687 3274 1740 ad
3303 1687 3412 1741 ini-

1823 1793 2065 1858 quitatem
2089 1805 2267 1841 manus
2297 1803 2436 1840 suas.
2465 1786 2624 1854 Saepe
2655 1785 2706 1838 itt
2741 1786 2843 1838 ltoc
2871 1782 3071 1837 smculo
3101 1790 3412 1850 peccatores

224 1885 383 1954 (νει-ε.
429 1884 515 1955 5.)
562 1884 862 1938 Torrentem
908 1883 1232 1955 pertransivit
1282 1882 1455 1936 anima
1499 1889 1719 1948 nostra,
1755 1877 1800 1935 Β
1830 1884 2154 1936 tnundanant
2208 1879 2499 1949 potentiam
2549 1886 2986 1946 coosequuntur;
3032 1887 3153 1926 cum
3203 1881 3260 1927 ct
3307 1871 3413 1942 ipsi

169 1979 350 2048 forsitan
379 1976 704 2049 pertransivit
730 1975 902 2028 anima
951 1985 1128 2028 nostra
1189 1991 1374 2036 aquam
1424 1973 1722 2026 intolerabi-

169 2072 267 2124 lem.
289 2069 380 2125 Vel
407 2078 434 2106 ⁸
463 2070 575 2124 sine
603 2067 906 2122 substantia.
939 2065 1246 2135 Magnitudo
1286 2065 1516 2135 periculi
1574 2064 1718 2134 quod

169 2161 214 2214 lii
245 2161 421 2228 quibus
461 2161 722 2214 Dominus
750 2159 924 2212 inerat
947 2166 1272 2227 evaserunt,
1324 2157 1450 2214 facit
1497 2157 1718 2212 eosdem

168 2254 242 2321 qui
268 2252 462 2307 liberali
487 2263 614 2306 sunt
638 2249 822 2306 mirari
839 2249 983 2321 quod
1003 2261 1142 2304 tanta
1162 2250 1405 2320 oppressi
1427 2250 1720 2304 tentatione

170 2358 258 2398 non
286 2343 490 2399 fuerint.
525 2344 654 2398 ideo
671 2345 822 2399 enim
847 2343 1072 2398 verbum
1100 2342 1450 2397 dubitationis
1479 2343 1717 2410 ponitur,

168 2445 220 2489 ut
251 2436 296 2491 id
321 2447 620 2505 superatum
651 2437 1073 2498 demonstretur,
1099 2435 1246 2504 quod
1298 2435 1528 2489 humana
1577 2433 1719 2488 vinci

168 2528 400 2586 facultate
425 2545 525 2584 non
549 2532 740 2598 potuit.
775 2529 880 2584 Per
905 2529 1012 2584 vim
1043 2539 1223 2582 autem
1255 2543 1516 2596 aquarum
1555 2527 1717 2600 471

168 2623 460 2692 significavit
498 2624 812 2692 populorum
839 2621 1102 2677 furorem.
1153 2623 1214 2677 Et
1264 2623 1389 2677 ideo
1437 2623 1536 2675 ista
1582 2637 1718 2691 aqua

166 2714 270 2768 sine
296 2714 562 2768 substantia
603 2715 827 2779 dicitur,
874 2715 996 2785 quia
1037 2726 1315 2782 peccatum
1370 2716 1568 2768 nullius
1595 2715 1723 2768 sub-

172 2804 372 2858 stantia:
396 2816 490 2868 est,
519 2815 572 2859 et
608 2808 690 2877 qui
716 2806 886 2878 diligit
934 2805 1292 2875 iniquitatem,
1341 2805 1449 2859 odit
1495 2808 1721 2859 animam

174 2911 314 2950 suam
341 2896 498 2962 (Psal.
529 2915 578 2965 s,
603 2899 679 2967 t),
711 2913 778 2952 eo
819 2899 1034 2967 plenam
1057 2897 1200 2967 quod
1224 2915 1330 2952 non
1353 2897 1477 2962 erit,
1501 2910 1555 2952 et
1578 2898 1722 2967 quod

170 2995 394 3057 egentem
419 2989 549 3042 facit.

229 3078 391 3151 (Verax.
419 3081 498 3146 ti.)
527 3080 835 3136 Benedictus
868 3080 1114 3135 Dominus
1135 3122 1151 3144 ,
1181 3081 1269 3150 qui
1297 3097 1400 3135 non
1443 3081 1582 3134 dedit
1629 3097 1721 3134 nos

167 3173 213 3226 in
229 3175 525 3228 certationem
557 3175 576 3246 (
602 3175 686 3230 vel
715 3175 771 3228 in
799 3175 1108 3246 captionem)
1138 3176 1376 3229 dentibus
1402 3191 1598 3229 eorum.
1633 3174 1724 3230 Fi-

168 3265 286 3320 delis
306 3269 504 3331 anima,
536 3282 644 3322 non
693 3271 746 3321 in
775 3268 891 3322 suis
911 3267 1135 3332 viribus,
1164 3267 1258 3321 sed
1288 3269 1338 3321 in
1367 3269 1457 3322 llei
1485 3269 1723 3323 exsultat
1746 3261 1792 3325 C

169 3358 364 3415 auxilio.
402 3360 524 3417 ldeo
551 3362 698 3416 enim
735 3361 1049 3416 venantium
1079 3361 1255 3416 evasit
1293 3363 1546 3428 insidias,
1595 3363 1723 3433 quia

169 3450 397 3507 Dominus
425 3452 552 3510 fecit
579 3453 733 3508 irrita
764 3455 942 3508 omnia
964 3470 1163 3524 genera
1187 3455 1519 3524 captionum.

226 3544 391 3614 (Vera.
424 3547 506 3618 7.)
534 3547 720 3601 Anima
745 3558 921 3601 nostra
959 3549 1091 3602 sicut
1127 3563 1301 3614 passer
1346 3558 1520 3614 erepta
1563 3558 1636 3602 est
1664 3549 1726 3604 de

168 3640 321 3709 laqueo
335 3643 656 3696 venantium.
677 3641 926 3713 Laqueus
955 3641 1039 3696 vel
1067 3642 1364 3712 muscipula
1395 3641 1725 3706 venantium,

167 3747 293 3790 amor
321 3744 402 3791 est
430 3737 593 3791 istius
630 3741 776 3802 vitae,
804 3735 960 3806 cujus
1001 3736 1156 3791 dolos
1200 3751 1468 3804 passeres,
1532 3737 1583 3790 id
1619 3745 1723 3806 cst,

168 3823 368 3882 humiles
396 3829 606 3898 quique
657 3827 921 3894 ﬁdelium,
958 3828 1208 3896 prmsidio
1249 3843 1500 3897 superna:
1548 3837 1727 3893 prote-

167 3920 334 3973 cuouis
355 3920 648 3991 ell'ugiunt.
681 3918 917 3990 Laqueus
945 3921 1193 3972 contritus
1214 3929 1309 3982 est,
1328 3931 1374 3971 et
1406 3936 1497 3972 nos
1527 3918 1728 3972 liberati

170 4027 336 4068 sumus.
364 4013 611 4070 Prteterit
632 4014 766 4067 enim
797 4015 966 4084 ﬁgura
1009 4011 1165 4084 Itujus
1191 4012 1369 4065 mundi
1397 4014 1412 4078 (
1437 4011 1453 4065 Ι
1480 4009 1602 4066 Cor.
1633 4026 1727 4073 vtl,

169 4104 277 4174 3|);
301 4115 353 4161 et
369 4121 564 4162 Otttnes
589 4114 940 4176 prmsenttuut
974 4105 1274 4158 vanitatuttt
1299 4103 1570 4158 illecebras:
1597 4118 1730 4156 ctstt-

172 4204 404 4266 terentur,
438 4214 571 4255 cum
620 4197 832 4252 liberati
876 4211 1148 4266 passeres,
1218 4196 1271 4251 id
1315 4205 1421 4260 est,
1470 4195 1731 4255 humiles.

170 4305 192 4343 a
217 4295 532 4349 contritione
569 4291 953 4362 temporalium
1002 4291 1185 4347 dicent
1215 4294 1549 4345 exsultantes
1570 4301 1733 4358 atque

171 4386 452 4453 gaudentes.
1226 4377 1232 4380 ”

227 4479 394 4545 (Vers.
435 4477 526 4550 8.)
556 4477 887 4551 Adjutorittm
921 4487 1151 4531 nostrum
1177 4476 1233 4529 in
1268 4473 1473 4528 nomine
1497 4471 1732 4540 Domini,

171 4572 241 4638 qui
265 4573 377 4640 fecit
401 4572 596 4628 caelum
623 4581 671 4625 et
701 4582 910 4625 terram.
941 4569 1132 4625 Merito
1151 4583 1282 4638 ergo
1304 4582 1410 4622 non
1446 4565 1734 4635 suntcapti

1823 1977 1925 2030 sint
1959 1976 2150 2044 iniqui,
2178 1974 2512 2044 publicarunt
2543 1980 2722 2025 tamen
2757 1970 2936 2037 legum
2980 1977 3105 2020 sunt
3136 1965 3364 2020 ministri
3392 1981 3407 2019 :

1821 2067 1986 2141 472
2005 2083 2228 2138 quorum
2255 2075 2490 2134 potestas
2511 2063 2671 2118 etiam
2700 2061 2948 2116 lidelibus
2969 2058 3279 2112 boonranda
3304 2065 3409 2121 est,

1825 2172 2046 2229 prcptcr
2069 2157 2352 2212 utilitatem
2377 2155 2653 2224 dispositu:
2675 2151 2995 2219 disciplinn‘.
3045 2148 3150 2203 Sed
3192 2146 3236 2201 si
3276 2145 3408 2200 inid

1825 2261 2196 2324 prorumpant,
2232 2259 2288 2303 ut
2312 2250 2490 2315 jllleS
2518 2248 2632 2301 veri
2667 2245 2757 2299 Dei
2785 2244 2930 2297 cultu
2965 2253 3228 2296 conentur
3252 2254 3410 2293 avere

1823 2357 1940 2402 tere
1969 2388 1984 2411 ,
2017 2345 2157 2399 nulla
2184 2344 2262 2398 cis
2289 2342 2597 2397 obedientia
2619 2380 2634 2402 ,
2669 2338 2812 2390 nulla
2838 2335 2918 2390 eis
2961 2333 3246 2404 pratlrcnda
3280 2347 3412 2384 con-

1823 2441 2027 2495 sensio.
2055 2438 2190 2502 Quia
2219 2452 2320 2488 non
2349 2431 2665 2500 derelinquet
2691 2429 2940 2482 Domintts
2961 2430 3153 2496 t'irgrtm
3180 2433 3412 2489 peccato.

1822 2550 1934 2587 rum
1952 2545 2104 2601 super
2117 2539 2300 2582 sortem
2315 2529 2574 2598 justorum
2593 2539 2612 2588 ;
2629 2536 2856 2591 quorum
2882 2520 3126 2585 sorsipsc
3151 2516 3406 2579 Dcusest,

1822 2626 1912 2696 qui
1939 2625 2100 2693 justis
2127 2622 2240 2675 suis
2277 2634 2395 2673 eam
2417 2613 2871 2685 perseverantiam
2903 2609 3082 2674 dabit,
3109 2619 3167 2661 ttt
3187 2607 3344 2674 imper
3362 2605 3410 2660 ia

1825 2716 2172 2771 saevientium
2203 2729 2309 2766 non
2337 2720 2576 2762 metuant
2603 2706 2915 2773 impiorum,
2947 2715 2999 2756 et
3022 2704 3090 2754 ab
3107 2700 3250 2753 omni
3283 2713 3412 2765 0pc-

1823 2826 1884 2866 re
1915 2809 2112 2878 iniquus
2139 2805 2365 2860 uetionis
2385 2801 2711 2856 abstineant.
2744 2796 2816 2849 Ita
2845 2811 2974 2862 ergo
3004 2806 3058 2848 et
3095 2813 3122 2846 ει
3165 2792 3413 2862 plebibus

1826 2903 2094 2973 principes
2118 2941 2132 2962 ,
2158 2910 2210 2952 ct
2236 2914 2265 2951 a
2297 2899 2470 2950 servis
2492 2891 2696 2945 domini
2725 2899 2850 2944 sunt
2895 2887 3098 2942 ferendi
3130 2903 3144 2951 ;
3202 2897 3259 2937 ut
3302 2883 3406 2939 sub

1825 2991 2218 3048 exercitatione
2283 2986 2584 3041 tolerantia:
2643 2981 3012 3035 sustineantur
3065 2977 3410 3046 temporalia,

1827 3095 2118 3158 sperentur
2165 3095 2394 3138 aeterna.
2448 3083 2622 3148 Auget
2653 3079 2798 3132 cnim
2859 3075 3107 3128 meritum
3158 3071 3411 3136 \irtutis,

1827 3180 2086 3250 quidquid
2123 3177 2454 3244 propositum
2485 3190 2588 3224 non
2618 3169 2782 3222 violat
2810 3165 3087 3234 religionis
3111 3159 3416 3234 (δειλώ-ί).

1897 3272 2083 3343 (Vers.
2124 3267 2207 3339 4.)
2241 3266 2484 3336 Benefac.
2520 3262 2769 3324 Domine,
2813 3261 2956 3312 bonis
2992 3267 3040 3311 et
3067 3259 3216 3309 rectis
3239 3258 3413 3308 Corde.

1831 3363 1983 3418 ﬂecti
2017 3372 2141 3416 sunt
2164 3361 2330 3414 corde
2362 3360 2450 3426 qui
2488 3357 2554 3409 tle
2590 3353 2873 3422 prmceptis
2917 3351 3009 3404 Dei
3053 3362 3104 3403 ct
3143 3348 3412 3402 constitu-

1832 3455 2070 3510 tionibus
2097 3469 2200 3505 non
2233 3458 2555 3520 queruntur,
2589 3462 2688 3500 nec
2717 3445 2976 3498 varietate
3003 3457 3180 3494 rerum
3209 3452 3418 3501 tempo-

1831 3548 2025 3600 rztlitttn
2071 3545 2459 3610 depravantur,
2505 3540 2626 3606 quia
2670 3537 2873 3604 justum
2905 3543 2988 3587 cst
3042 3529 3420 3600 il‘Q'lﬂllitttilcr

1832 3638 1961 3692 [ω’ιὶ
1991 3635 2128 3705 quod
2155 3634 2500 3702 judicaturus
2529 3629 2694 3681 voluit
2732 3626 2954 3678 tolerari
2987 3622 3157 3691 (Sent.
3191 3619 3307 3688 37)).

1903 3728 2084 3798 (iam.
2130 3726 2215 3790 5.)
2259 3723 2585 3776 Decliuantt's
2614 3730 2786 3771 autent
2833 3717 2888 3768 in
2935 3711 3417 3783 obligationctnad-

1833 3823 1984 3877 ducet
2017 3819 2266 3872 Dominus
2296 3831 2407 3868 cum
2457 3814 2782 3884 opstantibus
2815 3810 3149 3879 iniquitatem.
3200 3805 3417 3870 Impias,

1833 3914 2030 3984 inquit,
2060 3913 2338 3980 querelas,
2368 3925 2396 3959 ει
2429 3905 2550 3960 fidei
2585 3903 2757 3958 limite
2787 3902 3084 3960 devias-tes,
3111 3909 3163 3952 et
3196 3897 3247 3951 in
3295 3896 3418 3949 imi-

1835 4011 2091 4066 tationem
2139 4005 2439 4056 multorum.
2484 3999 2749 4054 scelerum
2779 3999 3161 4057 'transeuntcs,
3189 3989 3426 4045 adducet

1838 4101 2095 4154 Dominus
2113 4096 2450 4163 adjudteium
2482 4088 2872 4155 retributionis,
2899 4086 3119 4154 paribus
3142 4084 3423 4138 const-icno

1837 4193 2032 4247 tiarutn
2066 4189 2301 4244 vinculis
2324 4189 2593 4255 obligatos
2619 4201 2633 4246 ς
2667 4193 2724 4234 ut
2753 4197 2912 4250 quem
2945 4195 3050 4232 non
3077 4176 3428 4230 crediderunt

1833 4285 2090 4356 judicent,
2122 4279 2469 4350 experiantur
2501 4277 2754 4329 ultorem.
2789 4271 2904 4326 Pax
2928 4287 3082 4338 super
3117 4267 3302 4322 Israel.
3335 4267 3427 4322 Je-

1837 4377 2072 4432 rusalem
2101 4376 2489 4441 interpretatur
2519 4367 2666 4422 Visio
2688 4365 2836 4436 pacis
2863 4381 2877 4427 ;
2909 4375 2962 4417 et
2996 4361 3193 4424 Israel,
3229 4359 3426 4414 \‘idcns

1838 4469 2032 4524 Deum.
2059 4466 2158 4532 Qui
2186 4478 2318 4534 ergo
2345 4461 2494 4516 videt
2524 4459 2718 4518 Deum,
2764 4470 2950 4522 pacem
2995 4453 3172 4519 videt,
3222 4459 3274 4503 et
3322 4464 3424 4518 pax

1841 4578 2003 4632 super
2028 4561 2204 4631 ipsum
2233 4568 2338 4620 cst,
2370 4555 2457 4608 cui
2487 4554 2632 4608 Deus
2657 4566 2789 4616 sem,
2811 4564 2870 4603 cr
2900 4547 3096 4616 placet,
3120 4554 3175 4599 et
3198 4545 3250 4596 itt
3282 4541 3430 4596 nullo

171 4677 196 4717 ι
234 4669 576 4723 venatoribus
623 4665 782 4720 istius
832 4663 1051 4729 mundi,
1085 4663 1174 4731 qui
1216 4661 1542 4730 atljutorium
1589 4671 1740 4729 (μη-
1763 4645 1816 4704 ι)
1844 4657 1913 4710 ab
1938 4655 2108 4725 ipsius
2135 4651 2420 4707 voluntate
2451 4647 2748 4702 discordat.
2825 4647 2831 4652 '

172 4755 352 4817 tierunt
393 4763 450 4818 in
504 4759 728 4817 nomine
774 4755 1008 4822 Domini,
1063 4755 1154 4827 qui
1193 4755 1389 4810 calum
1441 4762 1496 4807 et
1535 4760 1736 4806 terram

169 4855 364 4912 creavit.

645 4948 768 5005 PSA
778 4946 959 5003 LMUS
1000 4942 1239 5002 CXXIV.

232 5045 386 5111 (νει-ε
410 5048 466 5115 I,
496 5045 584 5114 2.)
617 5043 717 5110 Qui
742 5041 1007 5112 conﬁdunt
1037 5042 1090 5094 in
1129 5036 1352 5091 Domtna
1375 5079 1389 5102 ,
1423 5034 1554 5088 sicut
1597 5048 1742 5087 mons

174 5138 304 5208 Sion,
335 5158 440 5196 non
494 5137 890 5194 commovebitur
932 5135 985 5188 in
1033 5141 1297 5196 reternum,
1321 5127 1410 5200 qui
1456 5126 1650 5180 habitat
1685 5125 1742 5179 in

167 5230 459 5291 Jerusalem.
495 5233 642 5289 Inter
660 5231 844 5288 mundi
877 5227 1125 5286 scandala
1179 5234 1234 5280 et
1262 5237 1440 5278 rerum
1472 5228 1743 5284 tempora-

169 5326 277 5382 lium
293 5331 598 5384 varietates
628 5340 735 5380 non
764 5321 1044 5377 discedere
1067 5333 1100 5373 a
1123 5316 1376 5380 Domino,
1407 5311 1503 5368 sed
1529 5311 1582 5366 in
1609 5309 1740 5366 eba-

169 5421 308 5478 ritate
338 5422 460 5493 ejus
488 5436 557 5476 ac
586 5418 817 5489 proximi
843 5413 1095 5471 stabilem
1122 5420 1469 5482 permanere,
1499 5414 1606 5458 tam
1634 5401 1744 5458 cla-

167 5531 268 5570 rum
320 5527 492 5588 atque
547 5511 782 5569 sublime
819 5516 940 5569 est,
997 5514 1058 5561 ut
1108 5503 1200 5570 qui
1252 5503 1307 5554 in
1341 5499 1442 5553 hac
1490 5496 1744 5550 ﬁrmitate

167 5586 485 5672 consistunt,
515 5603 717 5660 montis
744 5600 877 5655 Sion
909 5598 1080 5652 instar
1100 5594 1404 5649 obtineant.
1451 5588 1559 5658 Ipsi
1597 5586 1738 5640 enim

165 5696 260 5758 ﬁde
286 5710 342 5756 et
370 5713 472 5772 spe
501 5695 750 5752 habitant
776 5692 830 5748 in
852 5687 1176 5753 Jerusalem,
1215 5699 1321 5739 non
1351 5683 1454 5737 hac
1499 5688 1738 5746 terrena,

2359 4737 2672 4796 PSALllUS
2700 4733 2910 4790 CXXV.

1914 4838 2122 4913 (Vcrs.
2153 4831 2255 4906 1.)
2310 4830 2438 4885 Cum
2489 4838 2732 4883 averteret
2781 4826 3032 4880 Dominus
3083 4820 3434 4892 captivitatem

1846 4909 1996 4998 Sion,
2024 4931 2148 4998 {acti
2168 4941 2344 4982 sumus
2366 4924 2494 4978 sicut
2518 4919 2788 4975 consolati.
2821 4914 3173 4983 Pmplteticus
3198 4909 3435 4977 psalmus

1845 5027 1912 5081 ad
1939 5020 2308 5078 ascensionem
2339 5015 2573 5083 pertinet
2598 5011 2887 5078 graduum,
2919 5007 3113 5074 quibus
3146 5001 3282 5054 bene
3312 5012 3436 5051 cur-

1848 5119 2081 5175 rentium
2117 5113 2315 5170 crescit
2360 5107 2657 5179 profectus.
2722 5102 2834 5160 Sub
2867 5096 3227 5168 appellatione
3274 5089 3435 5144 unius

1848 5211 1996 5267 urbis
2022 5218 2077 5263 et
2102 5205 2286 5277 pepuli
2312 5245 2328 5270 ,
2357 5218 2420 5258 ea
2462 5215 2582 5270 quae
2631 5197 2700 5252 de
2728 5197 2978 5249 universa
3027 5188 3263 5242 Ecclesia
3309 5192 3436 5236 sunt

1846 5274 2197 5370 intelligenda
2251 5293 2535 5364 signiﬁcat.
2588 5288 2718 5345 Sion
2748 5285 2946 5356 quippe
2983 5280 3036 5332 in
3084 5286 3199 5330 toto
3230 5274 3434 5327 mundo

1851 5403 1935 5451 est
1962 5367 2271 5447 sanetorum
2292 5385 2531 5440 omnium
2554 5392 2772 5450 corpus,
2796 5373 3052 5431 eicivitas
3072 5384 3102 5422 τι
3125 5367 3439 5435 captivitate

1849 5483 2164 5556 Babylonis,
2194 5495 2314 5550 qua:
2339 5476 2581 5535 cunlusio
2631 5472 3042 5539 interpretatur,
3091 5461 3303 5513 educta.
3354 5457 3436 5510 Alt

1846 5551 2138 5648 ipsovenim
2171 5573 2341 5627 Adam
2371 5581 2538 5623 totum
2566 5579 2738 5635 genus
2770 5555 3272 5622 humanumjnguui
3306 5551 3434 5602 sub—

1844 5640 1907 5730 iit
1942 5669 2215 5728 servitutis
2246 5664 2435 5737 (Eccli.
2464 5677 2553 5723 χι,
2585 5660 2674 5725 l),
2710 5670 2803 5723 per
2835 5663 2997 5722 quem
3032 5645 3214 5703 omnia
3252 5640 3436 5705 inundi

230 5917 253 5946 ³
280 5908 372 5967 Sic
392 5904 613 5974 legebat
633 5903 683 5956 in
721 5894 1029 5968 Augustino,
1055 5891 1146 5962 qui
1170 5889 1309 5944 hanc
1330 5887 1612 5941 lectionem
1648 5877 1871 5950 exponit
1890 5890 1996 5947 quo
2041 5870 2201 5929 modo
2230 5869 2287 5926 S.
2320 5866 2546 5932 Prosper
2573 5858 2658 5913 hic
2688 5854 2742 5910 in
2769 5855 2902 5911 tino.
