4028 6352
487 258 595 315 375

1729 246 1788 302 S.
1829 237 2166 299 PROSPERI
2206 234 2532 306 AQUITANI

3643 233 3737 292 576

487 375 604 428 sire
634 366 686 425 in
710 369 993 438 juventute
1021 379 1139 432 sua,
1170 362 1286 417 sive
1312 358 1367 415 in
1396 367 1555 413 aetate
1600 356 1829 422 majore,
1862 353 1975 407 sive
2020 365 2072 403 in
2100 355 2153 411 Α
2181 349 2378 402 nomine
2406 346 2650 401 Domini:
2675 358 2779 399 non
2804 344 2855 398 in
2878 358 3000 410 suo,
3031 342 3124 398 sed
3155 342 3205 397 in
3235 341 3378 396 illius
3407 342 3555 411 cujus
3582 348 3733 414 grati.

488 467 769 518 senectute
812 457 984 512 ultimi
1010 455 1120 525 jam
1151 450 1359 515 saeculi,
1388 447 1550 503 nullis
1594 442 2069 516 oppressionibus,

486 556 655 610 nullis
685 561 769 609 est
790 554 934 607 victa
961 547 1271 619 suppliciis;
1299 544 1383 600 cui
1415 559 1508 612 per
1536 541 1819 612 passiones
1843 552 1897 592 et
1927 552 2073 591 inor-

482 658 566 705 tes
593 661 809 703 suorum
840 657 1053 698 COl'OﬂiO
1079 654 1298 708 semper
1328 637 1692 705 triumphique
1718 640 2030 688 creverunt.

557 738 741 812 (Vers.
773 736 830 799 2,
868 733 949 805 5.)
978 732 1178 787 Etenim
1227 746 1328 784 non
1375 735 1652 799 potuerunt
1701 723 1848 777 mihi.
1899 720 2073 789 Super

481 836 692 888 dorsum
718 849 890 887 meum
937 828 1321 902 fabricaverunt
1359 832 1680 896 peccatores,
1730 816 2071 889 prolongave-

481 938 604 980 runt
628 926 948 997 iniquitatem
976 938 1144 977 suam.
1174 918 1366 973 Omnis
1392 916 1651 969 malorum
1686 911 1912 966 intentio
1943 923 2072 963 con-

481 1026 566 1075 tra
592 1020 785 1086 bonos,
818 1019 934 1072 lia-e
962 1023 1063 1081 est,
1096 1021 1156 1067 ut
1178 1025 1272 1065 eos
1300 1008 1510 1064 similes
1551 1006 1634 1060 sui
1678 1004 1897 1068 faciant,
1932 1012 1987 1054 et
2015 1001 2068 1055 in

483 1126 807 1168 consensum
840 1107 1134 1179 iniquitatis
1182 1118 1296 1158 sua:
1321 1116 1350 1155 a
1383 1100 1487 1154 fide
1512 1116 1575 1154 ac
1596 1098 1860 1167 probitate
1888 1093 2070 1148 tradu-

484 1213 626 1262 cant.
658 1203 812 1272 Quod
832 1217 953 1257 eum
987 1198 1237 1254 obtinere
1265 1210 1370 1251 non
1405 1200 1647 1263 possunt,
1673 1187 1985 1260 opprobriis
2015 1196 2071 1241 et

485 1296 953 1355 criminationibus
1002 1296 1265 1361 impetum
1315 1287 1676 1343 innocentium
1726 1284 1905 1346 vitam,
1939 1296 2070 1336 eon-

480 1397 755 1445 struentes
782 1402 945 1455 super
966 1385 1185 1438 dorsum
1206 1398 1392 1435 eorum
1412 1380 1716 1447 congeriem
1753 1376 2064 1428 hilsitatum.

481 1480 616 1549 Quia
649 1476 1006 1548 perfecturum
1039 1475 1273 1528 lidelium
1301 1482 1406 1537 est,
1438 1472 1599 1525 etiam
1634 1472 1787 1533 tales,
1832 1482 1883 1521 et
1930 1469 2067 1535 inju-

481 1582 690 1628 storum
720 1572 964 1624 odiorum
991 1584 1155 1622 onera
1182 1565 1472 1626 sustinere,
1511 1564 1720 1617 etiamsi
1748 1564 2066 1631 prolongeut

479 1665 821 1734 iniquitatem
865 1677 1038 1726 suam,
1086 1668 1140 1713 et
1183 1658 1328 1712 nulla
1375 1656 1710 1711 correctione
1752 1668 2063 1708 mutentur:

2177 451 2332 495 erant
2383 439 2524 510 quod
2574 446 2744 497 erant.
2777 448 2827 491 et
2877 437 3030 507 cujus
3077 437 3494 506 pollicitationes
3524 436 3666 491 bouis
3688 449 3734 495 et

2176 534 2423 590 fidelibus
2444 532 2831 604 promittebant
2858 532 2901 585 δ.

2661 685 2881 741 ΡΞᾹΙΛΙ
2894 684 2975 740 US
3017 682 3254 740 CXXIX.

2245 825 2264 894 (
2292 824 2444 879 Vers.
2491 824 2541 877 l.
2574 821 2593 892 )
2649 821 2725 876 De
2759 821 3028 891 profundis
3055 821 3270 873 clamavi
3294 819 3365 873 ad
3399 827 3467 887 te,
3497 818 3733 885 Domine;

2174 914 2415 983 Domine,
2444 915 2634 969 exaudi
2661 931 2831 968 vocem
2862 930 3044 968 nteant.
3075 912 3174 981 Qiii
3208 911 3614 981 profunditatem
3634 932 3733 968 ma-

2172 1009 2346 1064 lorum
2376 1012 2495 1062 vita:
2528 1009 2685 1076 liujus
2735 1008 3006 1075 intelligit,
3039 1018 3094 1058 et
3132 1021 3159 1058 a
3194 1007 3424 1060 terrenis
3448 1006 3557 1058 erui
3584 1008 3728 1075 copit,

2173 1102 2283 1172 jam
2307 1103 2374 1157 de
2407 1102 2487 1156 liis
2517 1114 2596 1156 est
2628 1101 2716 1171 qui
2744 1100 3203 1154 adascensionuiit
3234 1099 3508 1168 peitiuent
3533 1105 3728 1167 gradus,

2172 1205 2225 1249 et
2254 1196 2339 1265 qui
2369 1209 2604 1262 superno
2634 1191 2836 1247 auxilio
2864 1194 3084 1261 cupiunt
3110 1190 3376 1258 adjuvari,
3431 1200 3488 1243 ut
3514 1206 3603 1259 per
3640 1194 3730 1242 vir-

2172 1297 2343 1342 tutum
2389 1288 2676 1358 proiecms.
2717 1288 2784 1339 ab
2830 1287 2948 1341 imis
2995 1286 3058 1339 ait
3110 1300 3318 1338 summa
3365 1283 3727 1339 conscendant.

2171 1383 2523 1438 Clainanduiit
2552 1400 2681 1452 ergo
2704 1393 2784 1435 (εει
2810 1396 2942 1435 voce
2966 1381 3216 1433 desiderii
3250 1381 3514 1446 sperantis
3546 1381 3605 1431 ad
3639 1379 3728 1432 Dn-

2172 1477 2397 1534 tninunt,
2429 1485 2484 1527 ut
2532 1491 2634 1527 non
2668 1475 2735 1527 de
2767 1491 2871 1527 uno
2910 1482 3140 1538 tantum,
3187 1473 3283 1526 sed
3316 1473 3384 1526 de
3414 1474 3592 1525 multis
3614 1487 3727 1539 pio-

2171 1566 2346 1620 futtilis
2404 1569 2755 1618 liiitnanarmu
2816 1564 3152 1616 miseriarum
3211 1574 3364 1616 eruat
3427 1562 3725 1615 laborantes.

2170 1659 2300 1726 Quia
2334 1658 2492 1711 etiam
2524 1656 2614 1727 qui
2658 1656 2810 1709 valde
2861 1656 3226 1722 proici-erunt,
3272 1652 3468 1705 habent
3504 1669 3657 1722 usque
3685 1654 3726 1704 iu

479 1772 603 1829 qua:
642 1755 940 1826 pertinacia
983 1752 1245 1805 malorum
1278 1751 1434 1818 longe
1471 1748 1539 1802 ab
1575 1747 1950 1801 innocentibus
1979 1762 2064 1799 sc-
2095 1742 2142 1802 Β
2179 1755 2337 1806 tliien:
2370 1752 2437 1805 de
2467 1752 2661 1819 quibus
2689 1750 2907 1819 cupiant
2945 1749 3199 1802 liberari:
3233 1759 3255 1783 ε
3291 1747 3391 1799 etsi
3444 1762 3728 1813 magnorum

485 1858 725 1920 paratur,
774 1854 829 1903 et
858 1845 947 1916 qui
987 1857 1069 1901 est
1112 1851 1325 1911 rectus,
1378 1843 1525 1896 nulla
1566 1856 1754 1895 eorum
1809 1839 2067 1894 societate

486 1942 763 2008 polluitur.

557 2028 738 2100 (Vers.
764 2029 845 2098 4.)
890 2028 1143 2081 Dominus
1161 2030 1338 2099 justus
1367 2026 1594 2079 concidet
1638 2027 1856 2079 cervices
1885 2039 2064 2091 pecca-

479 2130 674 2175 torum.
736 2120 997 2175 Getierale
1049 2119 1265 2189 quidem
1315 2134 1510 2171 nomen
1547 2126 1629 2170 est
1680 2127 2062 2184 petft‘alOl‘Ulll,

479 2214 624 2284 quod
650 2229 748 2268 nec
768 2215 938 2266 sancti
965 2213 1180 2277 quidem
1204 2231 1229 2262 a
1260 2226 1318 2264 se
1341 2213 1652 2263 exiSiimant
1677 2210 1935 2261 alienum.
1960 2208 2063 2262 Sed

482 2308 631 2362 aliud
660 2318 741 2362 est
768 2307 908 2376 quod
939 2306 1175 2375 quotidie
1209 2303 1467 2369 aul‘eitur,
1507 2305 1647 2355 aliud
1680 2304 1820 2371 quod
1852 2317 2066 2368 semper

480 2411 736 2471 augetur.
772 2399 924 2455 Unde
975 2417 1037 2453 ex
1093 2402 1205 2469 ipsa
1258 2397 1475 2451 ultionis
1518 2397 1733 2463 Specie,
1765 2398 1951 2463 quales
1982 2396 2067 2449 liic

480 2504 797 2566 peccatores
824 2504 1341 2554 Cottttnetnnrentur,
1375 2490 1697 2551 ostenditur,
1730 2506 1848 2541 cuni
1887 2486 2065 2540 Duilli-

481 2600 581 2641 nus
613 2601 715 2638 non
746 2598 935 2637 manus
968 2594 1329 2651 peecttiirum,
1360 2581 1451 2632 sed
1481 2584 1722 2634 cervices
1748 2592 2065 2631 C(lllCiSlll‘llS

479 2678 846 2732 denuntiatur.
879 2676 980 2730 Per
1006 2677 1245 2730 cervices
1288 2676 1429 2728 enim
1476 2674 1723 2738 Superbia
1766 2670 2064 2741 signiﬁcata

479 2781 565 2824 est
592 2787 777 2825 eorum
803 2771 891 2839 qui
929 2774 979 2822 iu
1020 2770 1168 2822 nullo
1206 2782 1265 2820 se
1299 2768 1618 2833 reprehendi
1648 2766 1850 2826 volunt,
1887 2775 1941 2817 et
1973 2764 2064 2817 Dei

478 2863 648 2917 verba
674 2873 945 2931 tamquam
976 2860 1333 2914 deliramenta
1366 2867 1739 2911 contemnunt.

552 2955 732 3024 (Vere.
763 2955 844 3023 5.)
864 2954 1283 3023 Confundantur,
1314 2960 1362 3004 et
1389 2962 1413 2987 ἰ
1437 2963 1758 3004 revertantur
1786 2959 2064 3003 retrorsum

481 3063 657 3099 omnes
699 3046 786 3115 qui
813 3050 1024 3098 oderunt
1060 3046 1207 3099 Sion.
1239 3043 1483 3097 Oderunt
1525 3041 1677 3103 Sion,
1718 3044 1805 3111 qui
1838 3043 2064 3094 oderunt

2170 1854 2226 1900 et
2257 1846 2496 1899 ﬁdelium
2546 1846 2640 1898 ista
2674 1842 2858 1897 condit
2882 1858 2914 1895 0
2961 1852 3063 1906 est,
3098 1851 3154 1894 ut
3191 1842 3443 1909 quamdiu
3476 1839 3524 1893 iii
3554 1842 3729 1894 su-ciilo

2171 1937 2422 1990 llltllttlnttl
2458 1937 2618 1989 inuris
2654 1933 2913 2001 profunda
2942 1939 3251 2001 patiuntur;
3296 1948 3414 1999 que
3445 1935 3729 1987 extremitas

2170 2031 2449 2084 demersos
2501 2031 2657 2082 liabet
2708 2045 2800 2079 eos
2833 2030 2921 2096 qui
2972 2027 3102 2095 ipsis
3135 2026 3255 2079 iiiii~
3309 2023 3727 2091 ιι-υΐιιιιιΙίιειιὶὺιις

2170 2122 2524 2189 delectantur,
2557 2133 2610 2176 et
2641 2132 2786 2174 tanto
2836 2120 3004 2189 magis
3052 2128 3177 2173 sunt
3222 2116 3433 2179 miseri,
3472 2126 3729 2187 quantose

2175 2228 2359 2287 putant
2389 2233 2509 2271 e‘se
2547 2216 2752 2269 litlcli's.

2245 2312 2425 2381 (Vers.
2459 2309 2513 2369 2,
2542 2311 2618 2377 5.)
2654 2305 2811 2360 Fiant
2839 2323 2991 2360 aures
3023 2315 3122 2357 tute
3163 2302 3479 2355 intendentes
3508 2303 3556 2355 in
3584 2318 3728 2354 rorem

2169 2404 2548 2474 deprecationis
2596 2417 2739 2455 inice.
2791 2399 2850 2455 Si
2892 2400 3211 2469 iniquitatem
3242 2395 3544 2456 obsertabis,
3576 2394 3725 2446 Domi-

2170 2515 2254 2560 ne,
2289 2496 2526 2560 Domine,
2557 2497 2673 2565 quis
2718 2491 3021 2546 sustinebit?
3065 2490 3194 2558 Quin
3249 2492 3341 2557 qui
3377 2487 3518 2542 venit
3546 2489 3727 2541 >til‘Cl'0

2169 2606 2331 2657 Opera
2360 2591 2555 2641 diaboli
2593 2587 2631 2658 (l
2661 2584 2819 2638 Junii.
2848 2600 2924 2646 ili,
2952 2584 3030 2654 8),
3067 2588 3165 2636 lioc
3192 2596 3273 2637 est
3311 2597 3542 2653 peizrata,
3574 2593 3618 2632 et
3647 2593 3724 2630 ve-

2171 2686 2245 2737 nit
2278 2696 2519 2749 quaerere
2547 2678 2688 2747 quod
2726 2680 2949 2746 petierat
2974 2676 3129 2745 (Luc.
3162 2693 3272 2736 six.
3304 2674 3411 2739 10),
3439 2675 3575 2726 dedit
3599 2686 3727 2739 spem

2169 2784 2223 2830 ct
2244 2790 2327 2827 aui
2357 2777 2406 2825 iti
2444 2774 2629 2823 ultimo
2659 2772 2923 2836 profundo
2948 2768 3176 2836 jziccnii,
3400 2784 3490 2834 per
3515 2779 3657 2832 quam
3681 2779 3729 2817 se

2168 2868 2233 2920 ad
2264 2882 2420 2935 opem
2452 2850 2709 2917 salvaiitis
2741 2863 2927 2930 erigi-ﬂ
2954 2870 2992 2914 t.
3018 2860 3081 2914 Et
3114 2862 3235 2912 ideo
3255 2859 3581 2930 quantalibet
3608 2854 3730 2909 titulo

2169 2960 2323 3013 malit!
2364 2956 2771 3012 COllrllL‘llldlltlS
2823 2966 3071 3023 peccator
3121 2970 3436 3021 oppressus,
3489 2951 3638 3003 habet
3684 2949 3729 3002 in

2171 3054 2358 3121 ps:tlmi
2408 3051 2564 3119 liujus
2616 3049 2783 3102 forma
2841 3046 2979 3116 quod
3040 3056 3301 3116 Sequatur
3363 3042 3726 3114 itupluratioiiis

483 3140 783 3194 ECClCSlutll
814 3150 867 3191 t-t
890 3141 977 3207 qui
1007 3139 1095 3191 Dei
1119 3148 1383 3206 prit'cepta
1413 3147 1785 3190 contemnunt.
1813 3135 1914 3189 Sed
1940 3151 2059 3201 quia

2170 3143 2494 3206 exeundum,
2530 3156 2595 3193 nc
2623 3140 2691 3193 de
2718 3154 2812 3191 sui
2868 3137 3187 3190 liberatione
3233 3140 3515 3206 desperet:
3559 3148 3665 3202 quia
3691 3130 3728 3185 si

481 3246 646 3299 super
676 3233 895 3284 dorsum
945 3230 1359 3290 lubricaveruot,
1392 3228 1521 3296 quid
1570 3228 1722 3281 [ιρὶυι
1784 3227 2059 3291 Ecclesia,

480 3324 585 3379 nisi
620 3324 751 3377 tales
777 3340 871 3393 spe
903 3324 1255 3377 ciii'roctiunis
1298 3324 1534 3388 ipsiiritin
1566 3324 1763 3374 toleret
1977 3334 2065 3371 us-

483 3432 590 3487 que
631 3419 681 3470 iti
711 3416 915 3470 ﬂuent?
948 3416 1136 3470 Veniet
1165 3417 1306 3469 enim
1339 3417 1481 3484 quod
1511 3414 1662 3482 sequi
1693 3430 1773 3465 ur.

553 3507 732 3580 (Vers.
776 3509 828 3565 6,
869 3509 948 3574 7.)
988 3505 1147 3560 Fiant
1201 3509 1331 3559 sient
1383 3510 1553 3575 fenum
1613 3515 1880 3563 tr'ctorum,
1929 3503 2065 3572 quod

478 3604 781 3673 priusquam
810 3603 1080 3665 cocuntur,
1106 3602 1306 3656 arescit.
1338 3600 1414 3653 De
1444 3619 1538 3668 quo
1568 3619 1664 3652 mm
1701 3599 1927 3671 ίιηρΙοὺὶι
1956 3616 2065 3652 ma-

478 3711 605 3748 num
644 3712 794 3749 suam
836 3700 925 3767 qui
953 3698 1114 3760 metit,
1161 3704 1207 3749 et
1245 3696 1416 3749 sinum
1445 3712 1591 3747 suum
1637 3696 1724 3763 qui
1775 3697 2065 3756 manipulos

478 3788 699 3857 colligit.
732 3790 1146 3857 Coiiteiuptores
1188 3787 1523 3855 eloqttiorutii
1578 3786 1668 3839 llei
1702 3798 1753 3839 et
1794 3801 2064 3839 amatores

478 3879 668 3933 mundi
701 3881 845 3948 teiio,
898 3881 1035 3948 quod
1078 3894 1240 3947 Super
1270 3889 1404 3933 tecta
1431 3892 1483 3933 et
1512 3894 1674 3947 super
1706 3884 1936 3947 parietes
1964 3894 2064 3931 na—

480 3971 673 4035 scitur,
705 3984 1113 4037 comparantur;
1156 3971 1244 4039 qui
1297 3984 1419 4025 ante
1472 3984 1680 4036 tempus
1713 3972 1904 4025 messis
1947 3987 2068 4026 arc-

481 4074 665 4131 sCunt,
697 4072 751 4117 et
778 4080 897 4117 cunt
932 4067 1180 4116 videntur
1203 4078 1364 4127 Stare,
1401 4064 1753 4118 ct-ciderunt:
1785 4081 1885 4117 nec
1918 4065 2066 4118 inve-

480 4158 635 4209 niunt
664 4169 953 4218 messores,
980 4156 1030 4207 id
1063 4164 1147 4208 est
1173 4157 1369 4223 angeli,
1405 4156 1543 4222 quod
1575 4156 1640 4207 de
1662 4160 1739 4210 eis
1783 4156 2065 4209 dominicis

484 4247 694 4301 horreis
722 4249 978 4300 inferatur
1007 4245 1221 4317 (:llatih.
1271 4262 1386 4310 xm,
1429 4248 1549 4309 59):
1583 4250 1709 4316 quia
1742 4248 1848 4315 igni
1898 4249 2067 4317 depu-

486 4338 709 4404 ινιιίιιιν,
738 4338 997 4408 quidquid
1029 4339 1233 4391 carebit
1259 4337 1559 4390 substantia
1592 4339 1892 4393 eliai-iintis.

553 4429 736 4502 (Vers.
767 4432 843 4499 8.)
887 4428 952 4481 Et
998 4446 1097 4481 non
1127 4430 1367 4483 dixerunt
1398 4430 1482 4497 qui
1512 4446 1617 4497 pra:
1640 4430 1832 4484 eribant
1852 4473 1865 4495 ,
1902 4430 2066 4485 Bene-

477 4522 642 4576 dictio
693 4520 905 4575 Domini
948 4538 1104 4589 snper
1146 4538 1253 4578 eos.
1305 4521 1533 4589 Superbi
1575 4533 1628 4577 et
1668 4526 1788 4577 vani
1839 4524 1891 4577 in
1938 4542 2067 4595 agro

483 4614 696 4670 Domini
722 4614 856 4668 nihil
886 4615 1095 4681 operati
1126 4625 1277 4681 sunt,
1306 4632 1405 4669 nec
1433 4628 1740 4672 meruerunt
1771 4620 1839 4672 ab
1876 4620 1953 4674 eis
1977 4621 2068 4690 qui

479 4721 581 4775 per
606 4708 917 4775 temporalia
946 4709 1009 4759 ad
1032 4718 1231 4761 aeterna
1253 4708 1571 4775 transibunt,
1594 4714 1821 4777 graiiaiit
1845 4713 2068 4766 benedi-

486 4801 683 4853 ctionis
725 4803 992 4869 accipere.
1027 4800 1223 4853 Omnes
1253 4802 1394 4853 enim
1437 4802 1711 4869 propheta:
1754 4816 1807 4857 et
1836 4806 2065 4872 apostoli

478 4890 826 4961 universique
870 4892 1064 4958 sancti,
1094 4890 1231 4946 bene
1261 4892 1563 4945 viventibus
1592 4893 1987 4949 benedixerunt
2012 4900 2064 4952 in

549 5088 574 5116 ⁸
623 5079 865 5149 Lugdun.
908 5086 965 5133 et
1013 5077 1251 5138 Lovan.,
1298 5084 1346 5127 et
1392 5085 1715 5149 reveremitur
1757 5087 2053 5133 retrorsum.

476 5151 642 5204 Duae.
674 5144 729 5205 ei
754 5150 973 5213 Colum,
1006 5154 1348 5201 revertantur.
1376 5144 1729 5214 Augustinus,
1763 5160 2059 5204 avertantur

478 5230 772 5275 retrorsum.

549 5290 575 5328 ιι
607 5290 764 5343 Deest
790 5290 875 5343 hic
905 5289 1074 5343 altera
1102 5300 1226 5357 pars
1256 5299 1471 5357 versus,
1505 5285 1871 5342 Benediximus
1893 5306 1977 5342 vos
2004 5291 2057 5343 in

476 5361 682 5415 nomine
730 5360 964 5423 Domini;
1014 5376 1131 5424 ulla:
1183 5359 1436 5410 tamenin
1464 5356 1573 5426 ipsa
1610 5374 1794 5412 versus
1824 5362 2059 5427 explica-

476 5432 625 5486 tione
655 5430 858 5482 videtur
896 5430 1309 5493 comprehensa.

554 5514 574 5538 c
610 5500 778 5555 Locus
809 5500 1086 5555 obscurus,
1121 5501 1209 5569 qui
1263 5513 1389 5551 mss.
1436 5498 1645 5552 defectu
1690 5500 1900 5553 restitui
1949 5516 2053 5555 non

477 5583 670 5642 potuit.
711 5570 955 5623 er'a‘se
999 5586 1178 5637 puui'is
1207 5574 1422 5624 mittitis
1451 5572 1646 5622 clarior
1675 5574 1703 5622 li
1728 5580 1780 5631 εἰ,
1830 5576 1868 5621 ~i
1907 5574 2055 5640 leg..-

480 5654 593 5702 tur.
627 5647 716 5697 etsi
760 5659 1055 5703 ittiiqnwrnui
1088 5657 1129 5694 t‘t
1172 5645 1395 5707 felicium
1443 5654 1537 5694 ista
1589 5644 1811 5694 conditio
1853 5654 1957 5705 est,
1999 5654 2055 5697 ut

461 5718 723 5774 .otsanutiu
745 5719 798 5767 in
822 5720 1009 5768 saeculo
1038 5724 1152 5767 sunt
1182 5714 1429 5767 mundani
1478 5718 1631 5769 muris
1663 5716 1925 5786 profunda
1960 5732 2056 5787 pa-

2169 3235 2349 3287 divina
2397 3234 2600 3298 jtlslitiu
2650 3230 2752 3284 lioc
2783 3230 3088 3283 hominibus
3146 3232 3195 3281 in
3230 3230 3331 3283 liae
3376 3232 3480 3282 vita
3512 3226 3728 3279 redderet

2168 3326 2307 3395 quod
2346 3336 2644 3388 tuerentur,
2677 3339 2838 3376 nemo
2872 3334 3052 3389 posset
3092 3320 3463 3375 retributionis
3492 3329 3729 3373 sustinere

2165 3420 2454 3487 judicium.
2486 3416 2622 3483 Quid
2651 3430 2778 3484 ergo
2815 3417 2927 3483 spei
2958 3417 3026 3467 sit
3054 3413 3354 3478 coiili.euti,
3381 3414 3547 3482 aperit
3575 3419 3728 3463 St'l'lllo

2168 3514 2256 3582 qui
2288 3516 2548 3577 sequitur.

2240 3605 2419 3676 (Vei-s.
2450 3603 2533 3673 4.)
2564 3602 2819 3669 Quoniam
2846 3602 2987 3672 apud
3013 3614 3057 3655 te
3079 3602 3376 3673 propitiatio
3405 3608 3493 3655 cst.
3522 3608 3567 3651 et
3617 3609 3719 3664 pro-

2168 3709 2282 3769 pter
2305 3699 2464 3764 legent
2493 3706 2629 3749 tuam
2658 3697 2877 3750 sustinui
2902 3695 3216 3759 lt',00tttttte.
3247 3696 3381 3764 Quin
3402 3705 3481 3749 est
3508 3689 3731 3763 propitiae

2169 3792 2259 3851 tio,
2281 3791 2379 3843 iii~i
2405 3789 2724 3842 racrilicium
2745 3790 2769 3839 ?
2801 3800 2853 3842 et
2884 3788 3024 3854 quod
3058 3790 3414 3849 sacriticunu,
3442 3785 3534 3838 ItlSt
3558 3779 3730 3835 oci'isio

2170 3882 2315 3936 illius
2349 3882 2487 3951 Λευὶ
2519 3885 2605 3947 qui
2637 3882 2755 3936 tulit
2782 3895 3055 3949 peceatum
3090 3883 3271 3935 mundi
3322 3884 3497 3952 (Joan.
3531 3894 3602 3944 ιιι,
3628 3870 3728 3942 29).

2170 3976 2389 4029 etvenit
2423 3986 2477 4029 ut
2500 3978 2669 4042 legem
2696 3974 3262 4035 ve-ieris'lestatuenti.
3292 3992 3430 4031 nova
3460 3981 3566 4045 lege
3593 3987 3730 4025 evan-

2168 4069 2354 4141 geiica:
2382 4070 2623 4124 veritatis
2658 4070 2945 4138 implet-et?
2978 4068 3089 4122 Lex
3134 4080 3312 4124 autem
3350 4069 3597 4137 periei-tio
3622 4062 3730 4117 elia-

2171 4164 2341 4217 ritatis
2386 4174 2490 4225 εει,
2539 4176 2641 4229 qua
2692 4160 2829 4214 Deus
2860 4159 3246 4227 proximusque
3290 4162 3541 4230 diligitur,
3573 4166 3621 4211 et
3648 4166 3728 4223 per

2169 4272 2327 4325 quam
2354 4254 2547 4307 dicitur
2576 4253 2840 4305 conditori
2871 4253 3024 4321 legis.
3057 4251 3270 4307 Dimitte
3302 4254 3445 4307 nobis
3474 4250 3631 4303 debita
3654 4261 3730 4298 n0-

2168 4359 2275 4402 stra
2318 4349 2447 4400 sicut
2473 4356 2518 4399 et
2547 4345 2962 4399 nosdimittimus
2988 4344 3302 4401 debitoribus
3328 4346 3511 4401 nostris
3538 4337 3729 4411 (Matth.

2172 4457 2247 4504 Vl,
2282 4442 2395 4503 1'2).
2427 4440 2574 4493 Bene
2622 4440 2764 4492 enim
2815 4438 3048 4492 sustinet
3097 4440 3479 4506 proinissiones
3507 4435 3613 4499 Dei,
3653 4425 3731 4498 qui

2174 4535 2481 4588 mandatum
2506 4531 2625 4596 ejus
2651 4533 3005 4598 exsequitur;
3051 4545 3152 4584 nec
3198 4530 3393 4585 flustra
3431 4538 3599 4597 sperat
3629 4536 3724 4589 par-

2175 4625 2403 4679 cendum
2440 4624 2674 4691 peccatis
2692 4623 2827 4685 suis,
2852 4623 2940 4691 qui
2976 4621 3200 4690 ignoscit
3228 4622 3417 4678 alienis
3447 4619 3611 4692 (Sent.
3632 4610 3727 4679 58),

2172 4718 2384 4771 dicente
2419 4714 2701 4781 Apostolo,
2733 4711 2958 4766 Invicem
2990 4730 3148 4768 onera
3177 4724 3341 4767 vestra
3376 4720 3583 4781 portate,
3606 4716 3647 4758 et
3671 4703 3729 4755 sic

2170 4802 2515 4874 adimplebitis
2548 4803 2707 4871 legent
2737 4800 2928 4855 Christi
2949 4799 3092 4871 (Cal.
3131 4817 3201 4868 vi,
3236 4800 3314 4869 2).
3364 4799 3609 4857 Sustinuit
3635 4806 3729 4843 ani-

2170 4915 2254 4951 nia
2282 4912 2393 4949 mea
2415 4896 2468 4947 in
2492 4896 2699 4947 verbum
2727 4904 2891 4946 tuum.
2920 4893 3369 4963 Exspectatiouis,
3401 4890 3586 4961 inquit,
3616 4894 3732 4937 uteie

2167 5082 2361 5133 tiantur
2385 5094 2401 5141 ;
2434 5092 2550 5145 qun:
2578 5076 2872 5131 extremitas
2894 5076 3149 5130 demersos
3181 5076 3360 5132 habet.
3384 5114 3397 5129 .
3423 5114 3436 5128 .
3456 5112 3468 5125 .
3491 5076 3668 5145 quanto
3687 5073 3731 5145 te

2171 5159 2353 5221 putant
2385 5138 2577 5217 felices.
2603 5146 2939 5221 Conjectitratj
2967 5159 3165 5202 nostra:
3187 5138 3510 5221 loeunrdare
3536 5138 3726 5221 videtur

2166 5210 2498 5289 Augustinus
2531 5259 2543 5279 ,
2588 5210 2867 5289 cuin'dieit
2916 5219 3055 5273 inter
3099 5228 3332 5274 cetera:
3362 5210 3730 5289 Valde‘innpff‘

2168 5279 2335 5360 [utide
2366 5301 2502 5360 sunt.
2532 5287 2619 5356 qui
2648 5304 2740 5340 nec
2758 5288 2981 5341 clamant
3011 5290 3075 5343 de
3122 5290 3399 5358 profundo.
3445 5282 3573 5360 Dicit

2167 5350 2354 5432 ptum:
2386 5350 2637 5432 Pecctttor
2674 5374 2787 5432 cum
2817 5361 3008 5432 venerit
3036 5360 3087 5413 in
3112 5350 3438 5432 profundunt
3470 5350 3727 5432 mutarunt.

2169 5420 2464 5483 contemnit.
2506 5427 2626 5481 Jum
2666 5430 2845 5489 videte.
2893 5420 3294 5497 {i-ati'es,'qiiale
3316 5420 3727 5497 profunduntsit,

2172 5504 2258 5555 ubi
2288 5504 2627 5554 contemnitur
2662 5500 2793 5552 Deus
2842 5492 2985 5557 salit
3020 5492 3268 5555 enini-hoc
3290 5492 3727 5564 illis'erenireaqm

2167 5574 2383 5625 multum
2416 5573 2464 5622 in
2492 5576 2750 5641 prol‘untto
2780 5586 2919 5631 sunt,
2946 5587 2991 5626 ει
3024 5586 3395 5641 ργυδρυνωιηιτ
3424 5571 3473 5620 in
3504 5564 3727 5641 iniquita.

2166 5647 2303 5695 tibiis
2349 5637 2500 5699 suis,
2535 5656 2578 5693 et
2618 5652 2762 5694 tanto
2817 5647 2975 5709 magis
3012 5637 3062 5696 in
3104 5637 3362 5714 profundo
3412 5637 3725 5703 merguntur:

2165 5726 2351 5780 quanto
2382 5713 2545 5784 magis
2568 5714 2803 5768 videntur
2826 5733 2933 5769 esse
2959 5713 3152 5788 felices.
