4028 6352
1279 228 1417 261 .7341.”

158 354 245 411 επ
850 339 1271 400 ΡδΑιιιοιιωι
1312 340 1355 395 Α
1386 317 1447 394 ’ὁ
1475 340 1567 395 AD
1604 339 1690 395 c1.
1730 339 2105 398 exrosmo.
2156 343 2349 399 psse.
2392 341 2631 403 cxxxr.

3280 348 3390 407 578

158 464 412 529 substantia
434 459 674 519 Christus
696 467 799 527 est,
830 468 885 514 et
912 457 1060 513 verbi
1086 458 1158 510 tui
1193 454 1547 523 promi~sione
1578 470 1684 509 non
1714 458 1765 516 Α
1792 456 2055 525 acquirat.
2089 456 2220 512 Cum
2249 459 2423 513 omnis
2449 459 2617 525 gratia
2649 459 2780 527 Dei,
2813 476 2934 531 qtue
2964 461 3016 516 in
3048 479 3388 536 quorumun

158 567 299 624 fallor,
327 559 439 630 quia
461 556 573 627 ip~o
595 564 679 609 est
710 552 919 608 Veritas
942 552 1030 619 qui
1074 550 1339 619 protuisit.

212 658 369 731 (Vers.
393 652 444 716 5,
472 649 550 721 6.)
584 648 822 718 Speravit
850 647 1025 701 anima
1064 662 1175 699 utea
1200 645 1253 697 in
1280 642 1515 697 Domino.
1549 641 1591 695 Α
1618 641 1692 694 vi-

157 755 262 824 gilia
290 746 523 804 matutina
549 759 712 814 usque
754 741 824 795 ad
868 752 1087 803 noctem,
1118 747 1144 774 ἰ
1174 755 1205 791 a
1228 738 1402 810 rigilia
1442 736 1692 789 matutina

158 854 289 917 speret
316 838 470 895 lsrael
491 838 545 891 in
563 835 805 889 Domino.
831 834 967 901 Spes
996 831 1229 886 fidelium
1257 829 1692 898 esspeetatinque

159 948 420 991 sanctorum
468 944 574 983 non
626 928 783 981 unius
840 924 949 979 diei
1001 924 1337 978 concluditur
1392 921 1519 986 (itte,
1571 934 1691 973 cum

159 1030 287 1084 etiam
328 1028 454 1080 intra
511 1022 693 1076 brevia
744 1030 983 1089 tempora
1033 1008 1188 1072 istius
1216 1017 1368 1081 νίιιιι,
1403 1017 1692 1070 munitorum

166 1122 332 1173 dierum
354 1125 495 1170 ortus
524 1122 685 1182 atque
704 1126 929 1168 occasus
956 1124 1099 1179 smpe
1131 1123 1478 1164 renoventur.
1514 1107 1695 1162 Virtus

160 1213 287 1281 igitur
328 1207 587 1279 patientia:
641 1205 709 1259 de
748 1206 833 1260 illa
880 1203 1143 1258 sumenda
1199 1212 1282 1258 est
1336 1202 1515 1272 vigilia
1576 1217 1690 1255 ma-

162 1308 313 1365 tutina,
337 1304 385 1356 in
411 1315 515 1370 qua
546 1296 803 1353 Dominus
833 1296 991 1351 Jesus
1014 1296 1263 1351 Christus
1294 1296 1345 1350 in
1376 1305 1575 1349 nostra:
1603 1311 1697 1347 na-

162 1408 266 1452 ture
300 1411 447 1449 carne
476 1393 711 1448 surrexit
740 1408 768 1444 a
799 1390 1047 1456 mortuis,
1076 1400 1132 1442 ιιι
1163 1390 1304 1458 quod
1339 1389 1617 1457 pra-cessit
1642 1386 1693 1441 in

162 1492 317 1557 rapite,
335 1490 426 1542 hoc
444 1488 493 1540 iii
518 1502 580 1541 se
606 1496 884 1553 sperarent
904 1486 1083 1537 omnia
1108 1484 1347 1537 membra
1370 1482 1693 1535 faciendum.

161 1585 261 1651 Quae
295 1599 404 1652 spes
432 1581 595 1635 nullis
627 1582 878 1634 terremla
929 1578 1370 1641 adversitatihus,
1399 1578 1562 1630 nullis
1590 1585 1697 1631 ter-

162 1674 333 1727 roribus
368 1670 695 1725 obscuranda
718 1711 733 1733 ,
768 1672 861 1723 Sed
909 1687 1076 1737 usque
1112 1669 1165 1724 in
1213 1671 1372 1723 linem
1418 1672 1697 1737 rhesi-niis

158 1767 272 1828 vita,
300 1766 377 1817 tthi
407 1780 505 1817 nox
541 1764 783 1830 t|l|J‘d:tll|
812 1762 999 1815 mortis
1028 1764 1337 1823 illlt!l‘\‘t!llil,
1371 1762 1494 1815 [ευτ’σὶ
1522 1778 1582 1816 er
1602 1778 1694 1815 Ctt-

1796 549 2032 605 lidelintn
2066 550 2317 622 dignatur
2348 554 2585 622 operari,
2620 572 2647 608 s
2678 556 2826 609 nullo
2857 559 3099 612 membro
3139 562 3386 628 corporis

1794 642 1996 698 Christi
2028 647 2197 714 possit
2220 646 2460 717 abjungi,
2484 660 2539 704 et
2567 666 2721 703 suum
2746 652 2981 721 quisque.
3001 656 3156 709 iaciat
3182 656 3381 712 bonum

1794 736 1937 806 quod
1968 751 2063 799 per
2091 738 2254 791 alium
2283 740 2480 808 gaudet
2501 741 2774 797 ell‘eetnm.

1866 826 2049 898 (Vers.
2081 825 2162 898 2.)
2190 828 2253 882 Si
2281 845 2382 883 non
2406 830 2671 885 humiliter
2699 834 3001 903 sentiebam,
3029 836 3119 890 sed
3163 840 3384 893 exaltavt'

1795 919 2023 973 animam
2066 936 2253 974 meam.
2303 921 2451 977 Sicut
2491 924 2805 979 ablacmtum
2843 941 2917 981 est
2964 946 3116 1001 super
3170 942 3384 985 matrem

1796 1028 1966 1076 suam,
2007 1012 2080 1065 sic
2103 1012 2371 1068 retributio
2396 1016 2448 1068 in
2476 1020 2704 1071 animam
2727 1037 2910 1074 meam.
2940 1021 3090 1077 Mens
3136 1026 3384 1091 perfecta:

1800 1103 2121 1159 humilitatis
2153 1104 2390 1161 delectat
2419 1123 2449 1162 a
2476 1114 2769 1177 proposito,
2806 1114 3070 1179 intrepide
3105 1117 3170 1169 de
3198 1118 3295 1171 hac
3324 1132 3385 1172 se

1800 1196 1917 1266 lege
1944 1198 2266 1268 Constringi,
2296 1208 2353 1252 ut
2381 1201 2590 1254 cuidam
2622 1203 2982 1259 lltaltdzctinni
3011 1206 3097 1260 fiat
3125 1208 3381 1276 obnoxia,

1798 1290 1843 1343 si
1871 1288 1978 1343 alta
2009 1304 2206 1360 sapere
2234 1299 2290 1344 et
2319 1292 2387 1346 de
2442 1293 2709 1362 aliquibus
2743 1294 3014 1350 miraculis
3042 1300 3264 1354 voluerit
3296 1319 3385 1355 su-

1800 1381 2035 1450 perbire.
2067 1382 2217 1437 Sicut
2237 1398 2367 1453 ergo
2396 1386 2535 1439 male
2562 1388 2738 1456 agitur
2771 1405 2892 1441 cum
2922 1388 3124 1445 infame
3148 1398 3382 1449 nondum

1800 1477 1995 1531 idoneo
2043 1476 2109 1529 ad
2161 1476 2545 1544 perfectionem
2592 1481 2866 1535 solidioris
2895 1484 3021 1547 cibi,
3066 1484 3168 1538 sia
3203 1490 3386 1544 matris

1801 1567 2057 1623 uberibus
2086 1571 2388 1635 auferatur,
2414 1585 2535 1625 eum
2558 1574 2857 1629 substantia
2889 1578 3160 1631 alimoniae
3186 1580 3303 1648 ejus
3335 1581 3385 1635 in

1801 1670 1973 1714 tnatre
2021 1662 2122 1725 sit;
2173 1664 2265 1729 ita,
2300 1664 2491 1730 inquit,
2542 1664 2867 1721 retribuatm-
2916 1670 3111 1723 anima:
3144 1689 3297 1737 mea-,
3332 1682 3389 1727 ut

1802 1768 1923 1808 cum
1956 1769 2147 1821 panem
2197 1756 2511 1823 angelorum
2558 1758 2720 1813 edere
2765 1775 2873 1813 non
2926 1764 3155 1827 raleatn,
3204 1776 3386 1834 putum

160 1857 391 1911 :todienda
418 1868 526 1910 est:
556 1868 611 1907 ιιι
643 1853 822 1907 omnis
855 1853 1038 1917 Israel,
1065 1869 1340 1923 quousque
1370 1855 1436 1906 de
1462 1855 1563 1907 hac
1587 1865 1693 1907 vita
1727 1839 1770 1900 Β
1802 1845 2029 1899 materni
2072 1846 2226 1900 lictis
2270 1850 2535 1913 amittant.
2582 1858 2637 1904 et
2685 1865 2806 1905 cum
2835 1867 2897 1906 ea
2928 1869 3046 1922 qu.e
3095 1871 3256 1924 supra
3304 1872 3391 1912 ine

158 1964 299 2012 exeat,
327 1952 419 2006 huc
446 1951 584 2017 ιμιιιιΙ
612 1951 664 2003 iii
701 1950 923 2003 Domino
957 1948 1150 2003 factum
1182 1963 1284 2014 est,
1318 1951 1368 2003 in
1396 1966 1456 2005 sc.
1482 1967 1698 2017 quoque

160 2043 415 2097 iaciendum
444 2056 667 2104 sperare
700 2057 803 2095 non
833 2042 1059 2094 desinat.
1096 2041 1217 2095 ΙΙωο
1245 2045 1392 2097 enim
1425 2058 1551 2110 spes
1576 2059 1697 2111 pro-

156 2135 246 2206 piis
266 2146 337 2189 est
357 2135 711 2192 lsrzielitarnm
743 2136 1089 2203 spiritalium,
1118 2152 1343 2203 quorum
1369 2135 1695 2191 desideranti

158 2244 242 2283 non
261 2246 377 2282 vana
399 2245 568 2301 neque
591 2228 911 2295 temporalia
935 2230 1269 2296 concupiscit
1294 2245 1309 2295 ;
1338 2231 1432 2284 sed
1463 2245 1492 2282 a
1521 2230 1697 2299 vigilia

156 2321 375 2375 matutina
422 2320 836 2376 resurrectionis
882 2318 1083 2374 Chri~ti
1113 2361 1128 2384 ,
1186 2335 1355 2389 usque
1400 2323 1451 2374 in
1485 2334 1696 2376 noctem

157 2413 257 2466 ﬁnis
282 2413 354 2467 Sui
378 2428 438 2467 eo
466 2413 657 2477 currit,
702 2425 767 2464 co
800 2411 989 2475 tendit,
1018 2426 1124 2482 quo
1144 2410 1254 2481 jam
1284 2412 1335 2466 in
1365 2412 1698 2481 pra-cedente

154 2506 385 2574 pervenit.

216 2596 384 2668 (\‘ers.
432 2596 509 2665 Ἰ.)
547 2596 803 2663 Quoniam
850 2595 989 2665 apud
1026 2593 1303 2647 Dominum
1348 2594 1699 2647 misericordia

152 2699 241 2749 est,
267 2699 312 2742 et
348 2689 499 2741 multa
544 2689 675 2758 apud
718 2705 836 2741 eum
866 2688 1143 2758 redetnp'io
1188 2698 1281 2739 est.
1328 2686 1546 2740 Fiducia
1578 2702 1700 2756 spe-

153 2780 389 2838 rantium.
419 2780 756 2831 miserit-ordia
786 2778 875 2832 Dei
908 2796 984 2832 es:
1011 2823 1023 2843 ,
1054 2778 1219 2850 480
1270 2794 1368 2833 nec
1407 2780 1525 2832 ideo
1553 2780 1699 2848 quis-

156 2888 302 2937 quam
331 2872 479 2926 debet
501 2873 559 2925 de
586 2871 910 2938 capessenda
963 2870 1174 2925 Domini
1216 2874 1572 2941 promissione
1602 2871 1700 2925 du-

150 2962 323 3027 bie-rc,
349 2966 462 3032 quia
501 2979 555 3018 se
594 2965 1003 3034 pdl'iit'ip‘tlioile
1034 2966 1151 3030 ejus
1183 2964 1332 3017 novit
1378 2964 1695 3032 indignum,

148 3073 254 3111 cuin
296 3060 402 3128 ipsa
449 3058 714 3114 COIIft'SsiO
743 3074 835 3126 per
863 3059 1339 3113 eumn‘intationcm
1392 3058 1618 3111 actionis
1646 3065 1702 3111 et

150 3152 318 3204 mentis
352 3151 731 3221 indulgentiam
762 3161 1032 3205 mereatur
1056 3192 1071 3214 ,
1114 3160 1168 3206 ct
1195 3151 1475 3216 multiplex
1516 3154 1587 3203 sit
1618 3166 1703 3204 re-

1800 1946 1925 1990 sunt
1977 1938 2388 2007 apprehendere
2451 1957 2556 1995 non
2612 1958 2827 2012 queam,
2886 1946 3202 2001 humilitatis
3247 1948 3389 2005 bono

1799 2046 2035 2093 caream,
2071 2034 2123 2085 in
2155 2049 2263 2103 quo
2293 2034 2563 2090 salubrius
2610 2045 2693 2091 est
2721 2038 2983 2107 prolicere
3010 2056 3168 2111 quani
3200 2042 3390 2099 timere

1800 2120 1955 2195 [forte
1977 2123 2227 2194 intuere].

1868 2215 2031 2288 48],
2066 2216 2243 2287 (Vers.
2279 2217 2359 2289 3.)
2399 2218 2582 2283 Speret
2613 2217 2782 2275 Israel
2818 2222 2869 2275 in
2902 2221 3147 2292 Domino,
3181 2244 3245 2283 ex
3290 2228 3387 2284 hoc

1800 2325 1934 2361 num:
1961 2319 2007 2361 et
2040 2325 2194 2377 usque
2214 2309 2267 2363 in
2291 2314 2559 2367 saccutum.
2590 2312 2759 2369 Verus
2780 2329 2909 2385 ergo
2939 2317 3125 2384 Israel,
3149 2337 3268 2389 qua:
3290 2324 3391 2377 sibi

1799 2401 1906 2455 sint
1947 2404 1996 2454 in
2030 2401 2262 2455 Domino
2294 2414 2591 2471 pra-parata
2635 2407 2991 2475 prospiciens,
3025 2417 3189 2465 ιοιςιιη
3239 2428 3389 2481 spent

1800 2509 1951 2547 suam
1984 2494 2273 2550 coiitirnict
2303 2494 2356 2547 in
2386 2495 2639 2559 Domino,
2672 2508 2724 2550 et
2744 2513 2865 2567 qua:
2894 2513 3106 2554 sursum
3134 2512 3261 2556 sunt
3302 2518 3390 2556 sa-

1803 2586 1934 2655 piat,
1991 2599 2096 2637 non
2148 2600 2269 2654 qua:
2323 2601 2485 2655 super
2533 2601 2727 2641 terram
2772 2586 2993 2659 (Cotoss.
3041 2606 3119 2657 iit,
3163 2593 3241 2661 2);
3284 2608 3391 2648 non

1802 2676 2159 2743 temporalem
2191 2690 2397 2745 qumrat
2433 2678 2687 2747 gloriam,
2723 2682 2817 2732 sed
2849 2692 3136 2751 a-ternaui,
3168 2698 3237 2739 ne
3263 2686 3391 2740 dum

1803 2770 1941 2825 bona
1973 2770 2181 2825 fallacia
2214 2783 2381 2839 autat,
2414 2787 2537 2827 vero
2565 2788 2671 2826 nou
2699 2776 2893 2844 cupiat.

2303 2862 2619 2919 PSALMUS
2660 2864 2898 2919 CXXXI.

1876 2956 2057 3029 (Vers.
2088 2955 2164 3028 1.)
2198 2955 2477 3023 Memento,
2512 2957 2748 3021 Domine,
2786 2957 2971 3022 David,
2996 2968 3044 3013 et
3070 2960 3230 3015 omnis
3246 2978 3394 3016 man-

1803 3051 2091 3105 suetudinis
2121 3053 2251 3122 ejus.
2288 3050 2548 3120 Congruit
2578 3052 2797 3121 quidem
2839 3068 3090 3122 persona:
3121 3056 3259 3109 beati
3296 3056 3397 3111 Da-

1805 3143 1915 3208 vid,
1971 3154 2028 3197 ut
2074 3143 2215 3210 apud
2265 3142 2551 3198 Dominum
2607 3147 2924 3199 memoriam
2980 3146 3163 3202 haberi
3216 3149 3399 3217 cupiat

150 3242 359 3309 demptio
387 3245 500 3313 ejus
528 3246 617 3311 qui
674 3245 805 3298 nihil
854 3244 1118 3298 donorum
1167 3260 1388 3298 suorum
1439 3245 1699 3300 concutis
1726 3216 1771 3278 Ο
1808 3239 2239 3293 mansuetudinis
2271 3252 2407 3303 δυίιε.
2442 3239 2597 3308 cuius
2636 3240 3151 3297 υὺεθννθηιίδδίηηις
3192 3242 3310 3306 luit.
3345 3252 3399 3299 ει

151 3346 300 3404 negat,
325 3347 377 3391 et
401 3341 652 3391 universa
684 3340 892 3390 vincula
920 3338 1201 3405 captivntis
1237 3339 1530 3406 abrumpit.

206 3429 365 3497 (ἵετε.
390 3430 467 3502 8.)
497 3431 559 3485 Et
588 3434 694 3501 ipse
725 3431 936 3485 redimet
969 3429 1136 3485 Israel
1162 3431 1227 3486 ab
1250 3431 1482 3484 omnibus
1512 3432 1702 3498 iniqui-

150 3523 304 3576 tatibus
332 3527 457 3592 eius.
485 3524 602 3580 Non
654 3540 783 3593 ergo
820 3525 1004 3577 timeat
1030 3525 1241 3590 aliqUaS
1271 3524 1581 3594 iniquitates
1611 3540 1699 3577 ac-

149 3625 361 3667 cessurus
397 3618 460 3669 ad
487 3615 818 3683 Dominum;
855 3624 1059 3671 tantum
1104 3627 1155 3670 ut
1192 3628 1302 3669 toto
1333 3616 1495 3671 corde
1525 3632 1582 3671 se
1610 3632 1702 3669 vo-

147 3715 261 3769 real,
287 3716 334 3760 et
376 3722 433 3761 ea
466 3710 517 3760 in
562 3706 761 3776 quibus
801 3708 961 3762 etiam
992 3707 1093 3761 sibi
1143 3707 1410 3776 displicet,
1456 3722 1616 3775 agere
1639 3722 1701 3760 ac

150 3795 258 3848 velle
293 3799 556 3863 desistat;
593 3814 692 3853 nec
738 3799 881 3851 dicat
922 3798 1065 3867 quod
1112 3798 1199 3852 illa
1255 3798 1392 3853 forte
1450 3798 1701 3867 iniquitas

148 3888 428 3943 remittenda
449 3890 547 3958 sit,
581 3889 669 3943 illa
722 3899 897 3943 autem
926 3904 1021 3958 pro
1049 3905 1143 3943 sua
1174 3890 1432 3960 qualitate
1466 3891 1703 3957 plecten-

149 3979 225 4044 da;
251 3982 333 4035 sed
381 3984 588 4037 clamet
630 3983 694 4037 de
744 3984 1016 4053 profundis
1038 4024 1053 4048 ,
1083 3992 1138 4036 et
1169 3999 1199 4035 a
1226 3983 1402 4053 uigilia
1452 3983 1705 4034 matutina

146 4086 292 4141 speret
318 4093 471 4145 usque
498 4079 561 4130 in
590 4086 813 4143 noctem,
847 4078 971 4145 quia
996 4076 1308 4147 redemptor
1336 4078 1452 4129 sine
1483 4083 1702 4145 peccato

150 4164 245 4218 ideo
270 4183 358 4234 pro
380 4169 610 4239 injustis
638 4170 928 4237 pretiosum
968 4168 1280 4237 sanguinein
1309 4166 1466 4234 fudit,
1504 4178 1558 4222 ut
1588 4182 1704 4221 om-

149 4256 265 4312 nium
294 4260 341 4314 in
367 4276 423 4316 se
453 4259 799 4316 credentium
831 4259 1008 4313 omnia
1034 4266 1252 4328 peccata
1275 4258 1499 4315 deleret.

618 4350 935 4407 PSALMUS
985 4349 1202 4405 CXXX.

196 4443 355 4511 (Vers.
392 4446 469 4518 l.)
504 4445 770 4509 Domine,
814 4460 915 4497 non
965 4453 1037 4497 est
1068 4444 1347 4497 exaltatum
1385 4459 1471 4497 cor
1496 4460 1697 4509 meum,

144 4549 270 4604 neque
291 4538 405 4591 elati
432 4544 566 4592 sunt
622 4536 756 4589 oculi
800 4538 916 4589 mei.
966 4534 1144 4604 Neque
1196 4536 1454 4607 ingressus
1498 4552 1612 4589 sum
1647 4536 1700 4591 in

139 4631 325 4696 magnis,
351 4647 522 4701 neque
544 4630 602 4683 in
629 4627 967 4681 mirabilibus.
1002 4628 1243 4698 Superna
1277 4629 1565 4699 cujuslibet
1596 4630 1702 4699 δρία

142 4718 278 4775 ritalis
293 4721 581 4787 Israelitze,
614 4721 667 4775 in
690 4736 792 4788 qua
823 4730 987 4775 totum
1008 4721 1209 4775 Christi
1236 4736 1433 4792 corpus
1458 4722 1703 4778 ostendi-

138 4820 231 4876 tur,
288 4827 489 4870 sancta:
544 4812 869 4867 humilitatis
922 4814 1123 4868 veritas
1168 4813 1595 4869 commendatur.
1640 4816 1704 4870 Et

140 4901 248 4959 banc
273 4907 462 4975 psalmi
497 4921 695 4961 vocem
743 4920 931 4960 omnes
964 4904 1222 4959 Ecclesiie
1252 4905 1343 4958 filii
1391 4921 1539 4959 suam
1582 4922 1703 4962 esse

136 5007 435 5063 cognoscunt
491 5015 507 5052 :
558 5011 789 5067 quorum
844 4997 1201 5065 temperantia
1255 4995 1385 5050 nihil
1456 4996 1704 5053 humana:

136 5086 288 5151 gloria:
306 5088 673 5160 concupiscit,
692 5102 865 5155 neque
882 5096 1029 5156 optat
1042 5086 1109 5141 de
1129 5102 1349 5156 operum
1366 5088 1699 5143 mirabilibus

132 5175 341 5245 gloriari,
373 5192 433 5233 ut
460 5194 568 5250 pro
592 5178 954 5234 ostentatione
986 5181 1243 5233 virtutum
1269 5181 1497 5250 pretium
1532 5182 1705 5237 laudis

188 5366 205 5392 ⁸
235 5358 325 5414 llic
350 5376 557 5417 omnes
580 5360 709 5415 editi
754 5360 924 5414 nostri
957 5368 1231 5429 repetunt,
1263 5378 1293 5413 τι
1324 5362 1498 5431 vigilia
1519 5372 1695 5416 matu—

132 5430 214 5479 tina
234 5446 252 5482 :
278 5433 623 5501 Augustinus
652 5446 866 5501 quoque
897 5431 977 5485 bis
1026 5434 1218 5500 legisse
1249 5430 1445 5501 agnose
1472 5442 1558 5486 tur
1586 5435 1701 5489 haec

132 5502 260 5551 turba
286 5518 300 5565 ;
344 5504 525 5556 setiiel
573 5503 789 5570 quidem
827 5504 877 5555 in
909 5505 1011 5555 line
1040 5517 1229 5555 versus
1257 5506 1452 5571 quinti,
1480 5507 1702 5568 speravit

126 5571 267 5623 auium
294 5590 408 5627 mea
433 5575 493 5626 in
527 5571 775 5635 Domino,
808 5590 841 5627 a
863 5572 1035 5644 vigilia
1055 5575 1306 5626 matutina
1329 5591 1486 5643 usque
1507 5576 1575 5627 ad
1605 5592 1694 5629 no-

127 5650 267 5707 ctem,-
302 5655 413 5695 lttm
452 5644 619 5717 initio
662 5645 905 5717 sexti,_.ll
936 5646 1108 5714 uigilia
1151 5646 1401 5697 matutina
1446 5662 1604 5717 usque
1632 5648 1702 5699 ad

124 5724 294 5766 "Oilei"
322 5726 502 5785 speret
542 5713 708 5768 Israel
740 5718 790 5767 in
832 5713 1075 5767 Domino.
1122 5717 1293 5783 Quam
1326 5713 1699 5783 repentium-ut

122 5796 275 5856 uiget,
307 5804 437 5841 cuni
492 5798 611 5838 ait:
650 5788 883 5856 Speravit
932 5793 1103 5839 animo
1141 5804 1253 5839 utea
1294 5791 1345 5839 in
1396 5788 1635 5853 Domino,
1669 5806 1701 5843 a

120 5852 276 5922 νέμω
297 5860 573 5912 matutina
616 5852 776 5927 usque
806 5856 874 5911 ad
906 5870 1121 5912 noctem.
1155 5858 1292 5925 Quid
1321 5868 1397 5914 est
1427 5860 1565 5930 quod
1593 5852 1700 5914 ait}

1804 3329 1872 3384 de
1894 3345 1995 3397 qna
2022 3331 2316 3383 secundum
2352 3330 2631 3384 historiam
2662 3334 2818 3386 testis
2837 3341 2922 3387 est
2941 3334 3075 3388 ordo
3101 3348 3395 3405 gestorum.

1805 3423 1911 3477 Sed
1937 3422 2132 3475 altiore
2162 3423 2437 3476 intellectu
2468 3437 2651 3477 sermo
2680 3424 3028 3493 propheticus
3052 3429 3397 3496 accipiendas

1805 3526 1911 3577 est,
1945 3525 2000 3567 ut
2030 3515 2242 3568 scilicet
2269 3515 2335 3567 ad
2374 3515 2520 3567 illiitii
2551 3516 2822 3569 hominem
2849 3519 2938 3585 qni
2971 3520 3021 3571 iii
3048 3522 3226 3587 capite
3256 3530 3309 3573 et
3343 3520 3396 3573 iu

1805 3619 2058 3673 corpore,
2099 3605 2148 3657 id
2186 3613 2292 3667 est,
2330 3606 2381 3656 iu
2419 3604 2639 3659 Christo
2672 3618 2727 3660 et
2765 3608 3027 3673 Ecclesia,
3064 3624 3200 3663 unus
3235 3610 3396 3662 homo

1807 3706 1909 3760 est,
1953 3695 2069 3749 hinc
2101 3696 2261 3750 verba
2295 3695 2636 3762 referantur;
2670 3700 2865 3765 quibus
2896 3703 3052 3768 plene
3091 3705 3257 3755 utitur
3286 3711 3395 3756 tota

1806 3788 1900 3844 Dei
1931 3790 2141 3854 civitas,
2170 3799 2226 3843 et
2256 3791 2433 3844 omnis
2476 3805 2739 3862 compago
2782 3806 3116 3861 sanctorum,
3142 3812 3392 3852 mansue-

1809 3882 1994 3937 tudine
2027 3884 2325 3949 potentium
2351 3892 2406 3937 et
2434 3882 2734 3939 humilitate
2762 3888 3099 3953 sublimium,
3134 3890 3397 3959 hnjusquo

1808 3975 2069 4044 propositi
2109 3985 2291 4029 votum
2329 3975 2673 4032 oﬂ'erentium
2721 3979 2853 4049 Deo,
2894 3992 2951 4035 ut
2990 3984 3395 4042 tabernaculum

1802 4066 1979 4138 ipsius
2007 4067 2313 4123 efﬁciantur
2352 4076 2409 4124 ει
2449 4072 2704 4141 templum
2749 4089 2763 4126 :
2812 4074 2955 4144 quod
2996 4076 3175 4131 anima
3222 4079 3399 4133 omnis

1807 4162 1984 4217 tidelis
2040 4163 2275 4231 quodam
2340 4164 2617 4220 insolubili
2652 4166 2964 4237 juramento
3017 4172 3299 4240 profitetur
3342 4181 3398 4226 et

1807 4256 2007 4321 sancit,
2039 4256 2266 4321 cupiens
2296 4270 2355 4310 se
2388 4256 2440 4310 in
2481 4266 2743 4313 :eternum
2775 4274 2806 4313 a
2840 4260 3066 4315 Domino
3109 4262 3395 4331 possideri,

1808 4355 1863 4401 et
1888 4345 2252 4401 habitaculum
2282 4362 2405 4402 esse
2432 4348 2665 4418 Spiritus
2692 4351 2885 4405 sancti.

1880 4438 2062 4509 (Vers.
2090 4438 2245 4509 2-5.)
2280 4440 2428 4493 Sicut
2446 4442 2645 4513 juravit
2670 4442 2911 4511 Domino,
2941 4455 3113 4500 votum
3135 4448 3262 4500 vovit
3290 4445 3399 4503 Deo

1806 4531 2010 4588 Iacob:
2058 4532 2119 4588 Si
2161 4533 2410 4588 introiero
2454 4535 2508 4587 in
2556 4535 2940 4592 tabernaculum
2976 4540 3156 4593 domus
3182 4557 3325 4607 meat.
3353 4543 3401 4596 si

1809 4625 2090 4680 ascendere
2135 4627 2187 4679 iu
2232 4628 2418 4680 lectum
2459 4636 2650 4681 stratus
2687 4632 2823 4695 mei;
2872 4633 2917 4684 si
2945 4632 3134 4687 dedero
3160 4651 3397 4689 somnum

1809 4720 1971 4775 oculis
2018 4719 2165 4783 meis,
2196 4727 2285 4772 aut
2312 4720 2571 4790 palpebris
2609 4722 2733 4775 meis
2772 4724 3205 4791 dormi:otionem,
3233 4736 3283 4780 et
3311 4744 3395 4780 re-

1808 4814 1980 4883 quiem
2026 4812 2334 4881 temporibus
2385 4813 2531 4877 meis,
2578 4813 2739 4867 donec
2779 4816 3033 4871 inveniam
3071 4820 3236 4871 locum
3284 4817 3397 4872 Do-

1810 4905 1971 4971 mino,
2018 4906 2401 4957 tabernaculum
2434 4905 2543 4959 Deo
2570 4904 2755 4959 Iacob.
2798 4907 2852 4962 ιη
2893 4910 2975 4962 bis
3012 4910 3259 4963 omnibus
3286 4910 3397 4964 γοιί

1812 4995 2215 5066 perseverantia
2239 5003 2290 5049 et
2312 4996 2434 5050 ﬁdei
2469 4996 2646 5052 fervor
2671 5000 2997 5053 ostenditur.
3023 4999 3090 5055 Ut
3109 5001 3249 5055 cnim
3278 5001 3399 5069 quis

1815 5092 1970 5147 locus
2001 5091 2072 5143 sit
2104 5090 2333 5143 Domino
2356 5096 2411 5144 et
2435 5089 2842 5147 tabernaculum
2874 5094 2984 5147 Deo
3002 5092 3190 5157 Jacob,
3219 5108 3248 5144 a
3278 5107 3401 5160 pro-

1817 5184 1928 5253 pria
1972 5181 2204 5237 utilitate
2254 5180 2322 5237 ad
2363 5183 2562 5237 bonum
2604 5184 2766 5239 debet
2811 5197 3095 5238 commune
3145 5182 3401 5249 transire,

1814 5364 1929 5440 Uno
1957 5365 2040 5440 die
2064 5368 2286 5440 speravit
2315 5369 2369 5421 in
2416 5367 2717 5434 Dominum,
2755 5376 2801 5423 et
2830 5370 2978 5440 ﬁnita
3016 5377 3089 5422 est
3143 5378 3248 5423 tota
3287 5387 3401 5440 spes

1810 5436 2012 5511 ipsius?
2040 5437 2085 5490 Α
2108 5439 2283 5511 vigilia
2332 5442 2587 5493 matutina
2616 5457 2772 5510 usque
2811 5436 2880 5491 ad
2906 5449 3103 5493 noctem
3121 5482 3135 5499 .
3168 5436 3400 5511 speravit

1808 5505 2195 5583 inApominum.
2224 5506 2336 5583 Ista
2366 5513 2541 5583 vigilia
2570 5505 2699 5583 ﬁnis
2720 5512 2880 5563 noctis
2918 5519 3022 5563 est.
3050 5550 3064 5564 .
3084 5550 3098 5564 .
3119 5550 3130 5562 .
3157 5505 3299 5582 Ergo
3321 5514 3401 5565 in-

1808 5576 2147 5651 telligendum
2178 5590 2253 5633 est
2278 5581 2401 5635 hinc
2416 5576 2587 5646 usque
2624 5581 2692 5634 ad
2728 5592 2930 5633 noctem
2955 5583 3177 5651 speravit
3219 5576 3399 5637 anima

1809 5646 1993 5701 mea'in
2029 5646 2273 5724 Domino,
2315 5668 2435 5718 ergo
2479 5652 2867 5724 intelligendum
2913 5646 3005 5713 est,
3055 5672 3115 5707 ne
3161 5669 3398 5724 putemus

1808 5736 1912 5771 uno
1941 5723 2022 5771 die
2052 5721 2195 5775 nobis
2228 5725 2537 5786 sreumdum
2565 5740 2670 5776 csse
2701 5725 2751 5775 iu
2796 5722 3087 5778 Itanrimtni.
3131 5721 3190 5777 Et
3225 5728 3395 5777 iulia:

1810 5789 1873 5842 Et
1906 5792 2036 5844 redit
2064 5794 2130 5846 ad
2161 5794 2288 5848 illud
2314 5811 2330 5849 .'
2357 5796 2398 5847 Ἀ
2430 5797 2607 5867 vigilia
2646 5795 2900 5850 matutina
2939 5804 3110 5866 speret
3150 5794 3362 5851 [δηιοΖὶ

1807 5857 2114 5914 Dominum.

1860 5876 2114 5919 οηιιιιιιπι.
