4028 6352
551 315 660 376 883

1781 318 1840 374 8.
1882 310 2222 373 Ριιοδιδειιι
2260 308 2588 378 ΑρυιτΑΝι

3680 325 3770 385 88b

549 444 651 500 pus
689 444 855 486 unum
892 437 953 487 et
988 431 1167 487 anima
1215 444 1345 499 una,
1384 428 1821 487 benedictionem
1858 438 2133 502 tamquam
2160 433 2211 490 Α
2240 427 2556 496 propagine.
2605 426 2703 482 sed
2749 440 2817 483 ex
2871 428 3294 499 regenerationis
3346 430 3619 504 adoptione
3659 453 3766 495 veno

550 524 717 582 homo
742 542 881 582 unus
906 526 1160 595 accipiat.

1019 618 1333 676 PSALMUS
1370 617 1661 675 CXXXIV.

617 709 797 779 (Vers.
818 708 973 783 με.)
996 709 1231 766 Laudate
1253 727 1437 766 nomen
1465 710 1697 778 Domini,
1720 709 1960 778 laudate,
1979 711 2136 780 servi,

510 864 515 871 1
552 801 848 857 Dominum.
882 803 982 869 Qui
1011 805 1158 858 statis
1187 805 1242 857 in
1267 804 1422 858 domo
1446 801 1680 870 Domini,
1713 803 1768 856 in
1789 803 1937 857 atriis
1958 802 2138 857 domus

502 906 531 983 ’νὴ
552 894 647 948 Dei
679 896 860 950 nostri.
886 894 1033 950 Bona
1064 900 1290 951 collorta
1315 895 1368 951 io
1414 904 1469 951 et
1499 896 1667 961 utilis,
1696 910 1798 964 qua
1830 896 1883 949 in
1921 894 2136 949 Domini

488 1004 529 1083 j
553 986 764 1042 laudem
794 987 938 1042 servi
976 988 1145 1057 ipsius
1173 989 1470 1043 incitantur
1496 1005 1510 1043 :
1539 1004 1659 1044 cum
1692 990 1875 1060 utique
1900 988 2003 1044 hoc
2032 1003 2137 1042 non

477 1068 519 1083 ”
551 1091 705 1148 egeat
748 1078 915 1144 Deus,
957 1082 1112 1146 cujus
1134 1080 1312 1149 gloria
1344 1096 1444 1136 nec
1487 1081 1663 1135 minor
1685 1095 1744 1136 se
1783 1090 1964 1151 potest
1992 1094 2136 1146 esse,

551 1185 650 1225 nec
692 1171 883 1239 major.
916 1170 1022 1227 Sed
1051 1171 1175 1241 quia
1208 1172 1299 1226 tali
1331 1172 1514 1227 ofﬁcio
1555 1172 1850 1243 proﬁciunt
1892 1171 2132 1226 laudato-

550 1279 661 1329 res,
694 1274 745 1319 et
779 1265 994 1319 discunt
1019 1280 1145 1321 eum
1174 1266 1367 1321 timere
1410 1276 1575 1335 atque
1612 1280 1797 1321 amare
1824 1281 1982 1336 quem
2022 1265 2137 1320 lau-

546 1358 695 1423 dant,
730 1360 979 1429 persistat
1005 1358 1181 1415 ﬁdelis
1216 1358 1435 1414 devotio
1478 1360 1534 1414 in
1579 1358 1882 1414 divinarum
1918 1360 2134 1416 contes-

546 1453 701 1508 sione
724 1454 1007 1517 virtutum,
1042 1462 1099 1508 ut
1118 1453 1457 1509 observantia
1487 1454 1894 1511 consuetudinis
1926 1455 2017 1509 ﬁat
2049 1469 2136 1511 sa-

545 1544 806 1601 criﬁcium
862 1546 1179 1602 voluntatis.
1248 1545 1446 1611 Quales
1496 1554 1677 1601 autem
1727 1562 1850 1602 esse
1902 1546 2136 1603 debeant

546 1637 936 1707 pra'diratores
972 1638 1066 1693 Dei
1098 1649 1497 1709 consequenter
1535 1640 1862 1708 ostenditur,
1892 1656 2015 1695 cum
2046 1642 2132 1695 di-

543 1730 700 1795 citur,
738 1730 841 1796 Qui
868 1732 1016 1785 statis
1043 1733 1095 1785 in
1126 1732 1278 1787 domo
1310 1733 1543 1798 Domini,
1575 1736 1628 1788 in
1650 1736 1798 1789 atriis
1825 1735 2008 1789 domus
2036 1735 2130 1790 Dei

2244 519 2401 576 turis.

2314 611 2495 683 (Vers.
2535 611 2620 683 5.)
2654 612 2911 677 Quoniam
2948 628 3043 685 ego
3088 616 3300 686 cognovi
3335 618 3451 685 quia
3487 635 3682 690 magnus
3710 633 3771 678 est

2241 702 2518 774 Dominus,
2550 714 2599 761 et
2631 702 2772 760 Deus
2813 716 2983 760 noster
3011 722 3163 773 super
3191 723 3361 762 omnes
3388 711 3522 765 deos.
3549 710 3770 769 Contem-

2240 796 2405 867 platio
2432 798 2744 867 prophetica
2767 798 2959 853 altiora
2986 813 3211 868 operum
3243 799 3336 855 Dei
3363 814 3565 858 secreta
3590 808 3771 875 campi.

2238 893 2409 949 ciens.
2438 893 2573 963 Ego,
2603 893 2795 964 inquit,
2832 892 3065 963 cognovi
3094 908 3255 963 quam
3286 909 3503 964 magnus
3537 908 3611 951 cst
3633 897 3769 964 Deus,

2238 996 2295 1041 et
2320 987 2462 1056 quod
2495 988 2828 1057 propositum
2873 986 2992 1056 ejus
3032 995 3193 1057 atque
3219 987 3494 1042 consilium
3524 991 3659 1045 nullo
3695 1007 3773 1045 ex-

2239 1077 2469 1147 plicatur
2497 1079 2733 1150 eloquio.
2782 1078 2890 1135 Sed
2927 1080 3047 1149 quia
3086 1094 3247 1145 super
3284 1093 3493 1134 omnem
3522 1083 3770 1150 potentiam

2239 1171 2456 1227 excellit
2496 1171 2871 1243 Omnipotens,
2929 1186 3106 1239 neque
3144 1172 3248 1225 ulla
3291 1183 3477 1226 natura
3519 1184 3597 1227 est
3641 1188 3772 1243 super

2238 1280 2399 1336 quam
2432 1282 2538 1321 non
2560 1266 2786 1322 Creator
2810 1266 2928 1335 ejus
2956 1265 3216 1328 emineat,
3243 1278 3705 1320 commemorentur
3720 1268 3774 1321 de

2240 1358 2491 1426 conditis,
2520 1375 2618 1430 per
2648 1374 2767 1428 quae
2803 1359 3171 1428 intelligantur
3195 1358 3455 1413 mirabilia
3485 1356 3771 1415 Conditoris.

2310 1451 2496 1523 (Vers.
2530 1451 2610 1519 6.)
2646 1449 2835 1505 Omnia
2874 1465 3202 1519 qumcnmque
3237 1449 3396 1503 uoluit
3425 1448 3654 1503 Dominus
3677 1451 3774 1519 {erit

2237 1545 2291 1598 in
2331 1544 2458 1599 calo
2488 1553 2534 1598 et
2574 1546 2630 1598 in
2676 1555 2834 1610 terra,
2892 1545 2945 1597 in
2984 1544 3115 1596 mari
3146 1551 3193 1597 et
3242 1543 3299 1595 in
3330 1544 3552 1597 omnibus
3589 1544 3773 1613 abyssis.

2236 1636 2507 1707 Quidquid
2550 1646 2924 1691 creaturarum
2971 1645 3055 1690 est
3103 1636 3155 1689 in
3200 1635 3343 1689 cteIo
3369 1642 3424 1689 et
3460 1633 3510 1688 in
3561 1642 3706 1696 terra,
3733 1634 3773 1690 in

2237 1732 2373 1786 mari
2405 1740 2462 1786 et
2508 1730 2560 1784 in
2589 1729 2822 1801 abyssis,
2872 1727 3014 1783 Deus
3047 1728 3207 1793 fecit;
3257 1742 3357 1783 nec
3385 1737 3466 1783 est
3492 1728 3591 1781 ulla
3618 1736 3775 1781 natura

544 1824 740 1888 nostri;
763 1824 812 1877 id
840 1834 943 1889 est,
974 1826 1065 1895 qui
1094 1826 1146 1880 in
1178 1829 1467 1897 praeceptis
1496 1827 1589 1881 Dei
1619 1828 1974 1897 infatigabiles
2010 1844 2129 1898 per-
2157 1825 2207 1886 B
2232 1824 2411 1879 ullave
2442 1824 2747 1880 substantia
2769 1840 2889 1893 qua:
2930 1838 3037 1878 non
3074 1834 3351 1892 prmeepto
3374 1822 3490 1891 ejus
3526 1821 3772 1876 exstiterit.

542 1916 793 1977 manetis.
826 1931 892 1972 ex
926 1916 1028 1972 hoc
1066 1919 1183 1987 ipso
1219 1919 1360 1987 quod
1410 1921 1462 1974 in
1510 1920 1722 1975 llotniui
1751 1921 1914 1975 domo
1944 1924 2124 1991 statis,

542 2008 644 2077 ipsi
675 2010 877 2080 gratias
906 2010 1087 2079 agitis,
1110 2014 1199 2080 qni
1234 2013 1399 2066 solvit
1420 2016 1774 2083 eompeditos,
1805 2015 2133 2071 illuminavit

537 2115 739 2171 ctecos,
789 2105 962 2157 erexit
1005 2104 1172 2158 elisos
1218 2103 1394 2176 (l’sal.
1426 2120 1582 2169 θην,
1617 2108 1646 2157 7
1692 2114 1739 2158 et
1770 2106 1851 2177 8),
1893 2118 1946 2161 et
1983 2107 2130 2163 dedit

536 2193 689 2246 vobis
718 2193 968 2261 spiritum
996 2195 1387 2265 intelligentirc,
1419 2200 1511 2267 qui
1543 2212 1641 2252 vos
1678 2198 1733 2252 in
1772 2198 2123 2255 dilectionem

536 2294 592 2339 et
616 2285 670 2339 in
705 2286 914 2341 Iaudem
937 2287 1057 2357 ejus
1087 2290 1433 2346 accenderet.

608 2376 792 2445 (Vera.
826 2378 905 2449 5.)
949 2378 1190 2434 Laudate
1222 2380 1523 2450 Dominum,
1551 2386 1793 2452 quoniam
1827 2386 1983 2441 bonus
2016 2387 2125 2441 Do-

534 2470 737 2537 minus;
764 2473 976 2543 psallite
1007 2474 1201 2527 nomini
1222 2475 1358 2542 eius,
1389 2477 1635 2544 quoniam
1665 2479 1836 2532 suavis
1863 2489 1958 2533 est.
1985 2480 2126 2536 Laus

534 2561 749 2617 Domini
791 2580 892 2619 nec
930 2565 1152 2621 uberius
1184 2566 1499 2637 signiﬁcari,
1545 2585 1645 2625 nec
1683 2570 1894 2639 plenius
1923 2582 2123 2640 potest,

533 2669 691 2724 quam
720 2671 840 2712 cum
865 2658 1068 2713 dicitur
1097 2662 1277 2714 bonus.
1312 2660 1508 2716 Verum
1546 2662 1650 2718 hoc
1680 2680 1787 2719 non
1820 2681 1941 2720 cum
1965 2677 2126 2722 caete-

534 2745 612 2801 ris
656 2751 829 2816 bonis,
860 2766 978 2821 qua:
1026 2766 1131 2805 non
1178 2763 1305 2807 sunt
1352 2755 1453 2809 nisi
1494 2769 1588 2823 per
1631 2755 1828 2825 ipsum,
1882 2758 1976 2812 sed
2016 2774 2125 2827 pra:

534 2840 784 2894 onmibus
820 2842 1165 2911 singulariter
1196 2843 1604 2913 intelligendum
1649 2858 1731 2900 est
1764 2864 1777 2899 :
1810 2845 1933 2916 quia
1978 2849 2123 2904 aliud

534 2940 618 2986 est
650 2933 849 2987 bonum
878 2936 1057 2988 omnia
1088 2936 1228 2989 bona
1267 2937 1470 2992 faciens
1507 2949 1561 2993 et
1589 2952 1862 2994 auctorem
1892 2941 1972 2994 sui
2014 2958 2124 2997 non

534 3022 743 3077 habens
771 3026 913 3079 aliud
939 3026 1105 3095 quod,
1128 3028 1229 3081 nisi
1262 3028 1437 3093 ﬁeret,
1460 3044 1579 3083 csse
1606 3046 1709 3083 non
1740 3042 1942 3099 posset.
1968 3031 2124 3089 Unde

532 3113 754 3181 dicitur,
790 3115 959 3171 Nemo
987 3117 1166 3185 bonus,
1201 3119 1303 3173 nisi
1336 3137 1467 3174 unus
1501 3120 1639 3176 Deus
1672 3122 1887 3195 (.llattli.
1918 3140 1972 3193 ι,
2007 3126 2120 3198 18).

2231 1915 2291 1970 In
2329 1915 2563 1971 crcanda
2604 1925 2785 1970 autem
2816 1916 3171 1970 universitate
3217 1931 3396 1969 rerum
3437 1926 3590 1985 atque
3615 1915 3774 1967 forma-

2230 2023 2373 2073 rum,
2401 2022 2508 2063 non
2539 2008 2783 2077 operatio
2810 2008 2907 2062 luit
2929 2006 3151 2073 laboris,
3184 2007 3281 2063 sed
3314 2007 3450 2061 ratio
3478 2005 3770 2061 voluntatis:

2230 2116 2389 2171 quam
2420 2102 2624 2157 nullum
2671 2104 2946 2172 praecessit
2985 2112 3218 2171 tempus,
3251 2101 3435 2156 nullus
3463 2110 3543 2156 est
3569 2108 3774 2153 moratus

2230 2192 2472 2248 eﬂ‘ectus.
2504 2193 2654 2248 lianc
2684 2194 2975 2263 potentiam
3019 2192 3183 2247 homo
3221 2194 3387 2247 totius
3425 2191 3597 2246 mundi
3627 2188 3774 2244 consi-

2229 2282 2510 2339 deratione
2545 2300 2901 2353 cognoscens,
2935 2284 3261 2339 conﬁteatur
3285 2284 3411 2355 quia
3439 2297 3554 2337 cum
3584 2282 3631 2336 in
3668 2293 3774 2349 agro

2228 2377 2414 2433 cordis
2442 2378 2525 2431 sui
2557 2378 2759 2448 aliquid
2792 2378 2915 2432 boni
2945 2377 3208 2439 nascitur,
3239 2377 3312 2431 de
3332 2392 3497 2445 opere
3519 2386 3569 2428 ct
3590 2386 3774 2428 munero

2228 2480 2313 2526 est
2336 2471 2579 2527 cmlestis
2599 2472 2875 2541 agricolae,
2904 2472 2995 2541 qui
3026 2486 3091 2525 ea
3123 2486 3244 2541 qua:
3284 2469 3513 2525 instituit
3541 2482 3626 2537 per
3650 2475 3775 2520 natu-

2228 2578 2369 2629 ram,
2410 2573 2467 2620 et
2492 2577 2748 2635 corrupta
2789 2573 2916 2618 sunt
2947 2578 3043 2633 per
3073 2562 3521 2628 inobedientiam,
3562 2559 3773 2628 dignatur

2228 2671 2481 2727 reparare
2510 2672 2605 2726 per
2627 2658 2882 2723 gratiam.

2299 2747 2481 2819 (Vers.
2510 2749 2589 2816 7.)
2618 2748 2893 2802 Suscitans
2931 2746 3091 2801 nubes
3131 2747 3194 2799 ab
3233 2756 3462 2800 extremo
3501 2752 3660 2805 terra,
3691 2738 3775 2811 ful-

2226 2857 2359 2911 gura
2398 2841 2450 2894 in
2477 2839 2707 2912 pluviam
2736 2840 2878 2905 fecit.
2898 2838 3000 2906 Qui
3029 2837 3272 2909 producit
3307 2848 3479 2891 ventos
3509 2833 3574 2887 de
3600 2832 3773 2887 thesau-

2226 2930 2298 2983 ris
2322 2932 2451 2985 suis.
2486 2930 2610 2985 [lare
2638 2930 2819 2985 omnia
2847 2929 2903 2983 in
2937 2937 3050 2983 toto
3082 2927 3267 2982 mundi
3303 2941 3529 2995 corpore
3554 2924 3640 2978 Dei
3667 2933 3774 2975 nulu

2226 3035 2281 3078 et
2312 3024 2407 3078 Dei
2434 3037 2666 3095 aguntur
2700 3027 2926 3080 arbitrio
2958 3041 2975 3081 :
3004 3042 3125 3097 qua:
3160 3026 3348 3097 utique
3376 3040 3497 3079 cum
3529 3022 3679 3076 inulta
3701 3016 3775 3071 ad-

2226 3115 2513 3171 miratione
2543 3117 2814 3173 laudanda
2844 3128 2991 3184 sunt,
3023 3127 3079 3173 et
3104 3118 3156 3173 in
3181 3118 3264 3173 eis
3295 3113 3689 3186 intelligendum
3710 3114 3777 3163 εει

533 3208 644 3263 Nec
667 3220 749 3264 est
783 3210 890 3264 ulla
919 3221 1169 3266 creatura
1214 3215 1596 3282 comparabilis
1624 3213 1893 3285 Creatori,
1930 3233 2050 3286 qme
2079 3221 2123 3274 si
2153 3212 2198 3274 C
2230 3226 2349 3281 qua:
2373 3220 2631 3282 ορετειυν
2654 3212 2798 3267 Deus
2826 3211 2881 3265 in
2911 3212 3040 3281 ipSiS
3070 3211 3406 3275 hominibus.
3425 3223 3558 3280 quos
3585 3208 3645 3261 ad
3669 3204 3777 3259 illi"

535 3304 665 3373 quid
699 3304 821 3359 boni
857 3304 1039 3373 habet,
1061 3321 1165 3361 non
1193 3317 1276 3363 est
1300 3308 1347 3363 ei
1372 3311 1671 3378 proprium,
1697 3312 1793 3366 sed
1821 3325 2120 3382 acceptum.

532 3393 647 3449 lloc
678 3396 856 3466 itaque
885 3411 1157 3453 summmn
1202 3409 1257 3452 et
1288 3399 1727 3456 incommutabile
1756 3402 1975 3472 bonum,
2010 3406 2125 3459 lau-

534 3486 820 3542 datoribus
843 3490 954 3544 suis
986 3490 1452 3560 participationem
1477 3507 1588 3546 sua:
1616 3496 1898 3550 suavitatis
1930 3498 2126 3566 imper-

534 3578 619 3643 tit,
651 3594 749 3649 per
777 3578 881 3635 hoc
901 3582 1044 3649 quod
1074 3583 1297 3650 a'qualis
1330 3583 1473 3638 Patri
1501 3582 1670 3639 Filius
1701 3586 1812 3653 Dei,
1847 3588 2019 3643 factus
2039 3598 2125 3646 est

530 3668 796 3725 llediator
846 3672 937 3727 llei
991 3683 1048 3728 et
1102 3673 1401 3738 hominum,
1452 3675 1615 3731 homo
1660 3678 1909 3733 Christus
1962 3681 2122 3738 lesus

530 3760 575 3830 (1
606 3760 735 3815 Tim.
769 3778 830 3828 ιι,
872 3763 952 3835 5).
984 3763 1104 3835 Ipse
1150 3777 1234 3821 est
1268 3768 1411 3822 enim
1456 3770 1751 3825 secundum
1797 3773 1937 3843 quod
1987 3774 2124 3831 Ver-

527 3853 653 3909 bum
684 3871 811 3911 caro
844 3857 1043 3912 factum
1069 3871 1153 3913 est
1177 3860 1357 3931 (Joan.
1393 3877 1431 3929 ι,
1464 3863 1576 3931 η),
1613 3865 1764 3930 [uallis
1810 3867 2118 3936 hominum;

526 3947 617 4015 qui
646 3947 1030 4004 descendendo
1056 3952 1120 4003 ad
1152 3961 1274 4017 nos,
1304 3968 1397 4021 per
1420 3968 1543 4018 nos,
1573 3956 1730 4011 nobis
1757 3958 1825 4011 ad
1856 3974 1915 4012 se
1944 3975 2039 4028 per
2061 3976 2120 4019 sc

528 4039 657 4095 fecit
686 4054 998 4105 ascensum,
1042 4053 1095 4097 et
1142 4044 1373 4099 bibendo
1404 4047 1626 4103 calicem
1661 4060 1859 4107 nostras
1889 4054 2118 4111 inﬁrmi-

530 4133 677 4202 tatis,
732 4134 859 4188 fecit
918 4152 1015 4190 nos
1065 4137 1289 4192 calicem
1344 4156 1456 4194 suae
1504 4153 1725 4211 gustare
1780 4147 2014 4215 virtutis,
2059 4158 2120 4205 ut

526 4240 943 4294 agnosceremus
977 4236 1034 4283 et
1076 4232 1461 4286 conliteremur
1502 4235 1755 4303 quoniam
1801 4240 1984 4294 suavis
2034 4252 2118 4299 est

529 4317 806 4373 Dominus.

596 4409 780 4481 (Vers.
822 4411 905 4481 4.)
950 4412 1209 4479 Quoniam
1258 4414 1421 4470 Jacob
1475 4417 1627 4490 elegit
1684 4420 1779 4474 sibi
1838 4421 2114 4491 Dominus,

528 4502 693 4557 Israel
732 4504 782 4557 in
834 4508 1204 4573 possessionem
1253 4508 1369 4562 sibi.
1402 4508 1536 4564 Tota
1580 4514 1815 4568 suavitas
1859 4514 2117 4573 bonitatis

526 4594 624 4651 Dei
652 4595 703 4649 in
738 4598 909 4666 gratia
941 4598 1109 4669 ipsius
1140 4599 1302 4672 587
1338 4602 1763 4673 demonstratur,
1797 4608 1922 4677 quia
1949 4608 2112 4665 Iacob
2140 4597 2195 4658 Ῐ)

524 4688 677 4759 elegit
723 4689 820 4744 sibi
852 4688 1129 4757 Dominus,
1176 4703 1221 4747 et
1252 4693 1419 4750 Israel
1454 4696 1507 4750 in
1548 4700 1921 4767 possessionem
1960 4719 2111 4760 suam

523 4780 669 4847 fecit,
702 4792 727 4819 ⁸
749 4784 1027 4854 excipiens
1056 4785 1205 4841 illam
1235 4787 1338 4841 sibi
1368 4787 1586 4844 domum
1622 4808 1783 4860 quant
1825 4797 2115 4864 specialius

520 4872 746 4945 eligeret
768 4884 823 4931 et
850 4887 1087 4933 ornaret.
1112 4878 1367 4947 Quamvis
1388 4885 1531 4936 enim
1562 4898 1753 4939 omnes
1782 4896 1969 4957 gentes
1997 4892 2113 4959 ipse

518 4968 842 5036 condiderit,
888 4970 1026 5025 hanc
1063 4978 1242 5025 tamen
1291 4987 1397 5027 non
1448 4974 1589 5028 sicut
1640 4976 1799 5029 aliam
1840 4982 2114 5036 commisit

517 5060 742 5132 angelis,
767 5061 861 5117 sed
891 5078 991 5118 suo
1022 5063 1223 5118 nomini
1254 5066 1474 5137 proprie
1500 5068 1799 5139 deputavit,
1825 5070 1895 5126 ita
1927 5073 2109 5142 diSpo-

517 5168 657 5209 nens
681 5166 1081 5211 sacramentum
1114 5157 1417 5212 vocationis
1447 5174 1584 5223 sum,
1612 5169 1680 5214 ut
1708 5162 1903 5217 electio
1942 5164 2107 5221 Israel

514 5249 583 5303 ad
612 5250 839 5306 salutem
876 5253 1116 5307 omnium
1158 5252 1397 5322 gentium
1430 5254 1749 5321 pertineret,
1795 5259 2109 5325 promissio-

515 5339 601 5394 nis
628 5338 772 5406 ﬁliis,
816 5343 870 5396 in
921 5354 1182 5399 aeternam
1224 5343 1617 5413 hrcreditatem,
1672 5363 1779 5401 non
1817 5363 1881 5403 ex
1927 5354 2107 5406 carnis

584 5562 610 5592 ⁸
635 5552 913 5629 Postgrior
934 5556 1121 5619 editio,
1140 5559 1395 5629 accipiens
1412 5574 1431 5623 ;
1450 5569 1665 5612 veteres
1683 5573 1874 5614 omnes
1896 5560 2093 5628 ιλιαδ..

514 5625 742 5699 [ms-ato,
780 5624 943 5699 Duae.
975 5644 1021 5699 ei
1057 5624 1272 5691 (Iulum,
1303 5630 1581 5698 excipiens.
1614 5629 1746 5684 Nam
1766 5624 2095 5699 Augustinus

514 5698 668 5759 dicit,
700 5697 929 5765 quamvis
971 5698 1080 5759 ipse
1121 5715 1295 5752 omnes
1336 5697 1504 5769 gentes
1543 5697 1860 5762 condiderit,
1891 5716 2097 5758 emeras

514 5771 709 5893 ringer
738 5772 1010 5849 commisit,
1048 5771 1143 5822 sibi
1181 5771 1331 5824 istan»
1364 5775 1722 5827 possidendam
1766 5777 2102 5829 servandam:

514 5855 615 5893 aue
692 5848 914 5893 mutavit.

513 5855 615 5911 que
634 5840 914 5912 deputavit.

2227 3301 2406 3371 ginem
2437 3312 2492 3357 et
2516 3302 2925 3357 similitudinem
2952 3317 3103 3358 suam
3132 3302 3260 3357 fecit
3288 3312 3345 3359 et
3370 3300 3574 3357 reiecit.

2298 3394 2478 3467 (Vers.
2532 3396 2611 3466 8.)
2656 3397 2757 3463 Qui
2787 3397 3037 3468 percussit
3074 3397 3420 3470 primogenita
3463 3390 3687 3465 Egypli.
3727 3386 3777 3440 αδ

2224 3487 2431 3543 homine
2468 3504 2628 3559 usque
2664 3490 2732 3542 ad
2761 3505 2933 3559 pecus.
2966 3488 3333 3559 Primogenita
3373 3486 3639 3542 hominum
3678 3484 3780 3535 sunt

2226 3579 2489 3649 principia
2530 3581 2683 3635 bona:
2713 3589 2768 3635 et
2806 3581 3107 3650 probabilis
3135 3582 3285 3649 vitm,
3318 3596 3441 3652 quae
3481 3577 3678 3634 initium
3708 3585 3779 3625 su-

2223 3674 2322 3728 mit
2347 3688 2412 3728 ex
2444 3672 2571 3729 ﬁde.
2620 3675 2754 3729 Cum
2804 3676 2964 3744 igitur
3007 3675 3172 3746 aliqui
3220 3674 3517 3730 Christiani
3552 3679 3639 3725 aut
3661 3666 3781 3723 schi-

2223 3778 2395 3823 smata
2419 3777 2513 3822 aut
2544 3768 2781 3825 haereses
2806 3780 3051 3837 movent,
3082 3781 3136 3825 et
3167 3769 3471 3825 Ecclesiam
3505 3767 3592 3821 Dei
3614 3761 3781 3833 quibus

2224 3870 2447 3932 possunt
2488 3859 2874 3916 afﬂictionibus
2919 3864 3206 3930 impetum,
3245 3863 3386 3917 ﬁunt
3432 3860 3595 3933 488
3642 3854 3781 3924 ΕΠ·

2222 3954 2318 4024 ptii
2349 3997 2363 4021 ,
2415 3968 2641 4025 quorum
2686 3970 2881 4010 nomen
2932 3956 3319 4023 interpretatur
3377 3953 3593 4009 alllictio
3630 3942 3780 4018 populi

2224 4047 2349 4113 Dei;
2388 4058 2443 4102 et
2473 4048 2848 4117 percutiuntur
2890 4047 2945 4102 in
2988 4047 3369 4117 primogenitis
3416 4046 3549 4109 suis,
3604 4042 3652 4097 id
3694 4043 3778 4100 est.

2222 4139 2275 4193 in
2306 4139 2431 4203 lide,
2462 4155 2579 4205 qur
2611 4138 2739 4194 dum
2766 4155 2795 4193 a
2826 4138 3091 4195 cbaritate
3133 4140 3395 4195 Ecclesia:
3420 4136 3679 4199 desciscit,
3704 4144 3781 4187 et-

2221 4234 2530 4303 stinguitur.
2570 4233 2699 4289 Haec
2742 4242 2925 4288 autem
2972 4233 3207 4303 pessima
3253 4234 3412 4303 plaga
3452 4232 3506 4287 in
3547 4226 3777 4284 homines.

2224 4324 2608 4380 Percutiuntur
2663 4336 2716 4380 et
2766 4340 2985 4395 pecora,
3037 4325 3140 4380 hoc
3180 4333 3287 4391 est,
3344 4325 3436 4394 qui
3488 4318 3781 4391 sapientium

2220 4418 2614 4489 doctorumque
2650 4418 2891 4490 speciem
2935 4429 3148 4490 gerunt,
3195 4429 3253 4474 et
3306 4418 3363 4472 hi
3408 4417 3497 4489 qui
3529 4430 3621 4487 pro
3645 4423 3784 4467 causa

2219 4511 2463 4566 stultitiae
2492 4522 2544 4567 et
2569 4511 2880 4579 imperitias,
2906 4519 3135 4581 possunt
3163 4511 3458 4582 pecoribus
3484 4502 3779 4577 comparari.

2288 4604 2471 4676 (Vers.
2502 4605 2586 4676 9.)
2614 4603 2835 4660 Immisit
2870 4607 3019 4677 signa
3047 4616 3095 4661 et
3130 4606 3375 4678 prodigia
3408 4608 3464 4661 in
3507 4604 3668 4659 medio
3701 4597 3783 4659 tui.

2220 4697 2474 4769 Egypte,
2522 4702 2578 4751 in
2608 4696 2939 4771 Pharaonem
2975 4708 3022 4753 et
3065 4715 3239 4753 omnes
3284 4716 3458 4754 seruos
3501 4700 3628 4771 ejus.
3662 4688 3783 4749 Nihil

2218 4767 2423 4843 habent
2454 4789 2613 4844 bona:
2654 4767 3067 4860 signiﬁcationis
3095 4805 3285 4847 eorum
3315 4767 3563 4857 nomina,
3598 4790 3647 4844 in
3672 4796 3786 4856 quo!

2216 4882 2353 4937 iram
2385 4897 2536 4937 suam
2574 4882 2836 4938 Dominus
2874 4882 3126 4939 eﬂ‘uudit.
3166 4883 3301 4938 Nam
3349 4895 3407 4940 et
3438 4883 3613 4938 Pnare
3647 4875 3785 4934 dissi-

2217 4976 2513 5044 pationem,
2539 4986 2595 5030 et
2621 4974 2649 5014 δ
2682 4975 2951 5048 Egyptus
2980 4976 3332 5032 alﬂictionem
3363 4986 3547 5033 sonat.
3575 4969 3787 5030 Al‘ﬁictio

2214 5083 2398 5139 regem
2436 5068 2597 5123 habet
2642 5067 3084 5137 dissipationem,
3132 5069 3258 5138 quia
3304 5068 3385 5122 illi
3435 5068 3528 5138 qui
3569 5065 3787 5134 afﬂigunt

2215 5164 2537 5229 Ecclesiam,
2576 5163 2826 5233 dissipati
2865 5161 3134 5233 afﬂigunt,
3167 5170 3226 5219 et
3268 5163 3387 5232 regi
3431 5177 3534 5219 suo
3573 5176 3665 5217 sua
3698 5156 3785 5227 pri-

2213 5274 2362 5313 mum
2392 5259 2683 5314 eversione
2714 5256 3069 5311 famulantur.

2285 5350 2466 5422 (\‘ers.
2502 5351 2586 5416 l0,
2614 5348 2726 5420 il.)
2755 5349 2857 5414 Qui
2889 5349 3137 5414 percussit
3156 5358 3329 5419 gentes
3359 5349 3575 5416 multas,
3606 5355 3651 5400 et
3675 5341 3768 5397 orci

2276 5559 2495 5629 bLugd.
2546 5569 2603 5615 et
2650 5559 2881 5624 Lovan.,
2927 5558 3215 5631 @gyptiis.
3266 5558 3438 5631 Duae.
3491 5568 3547 5613 et
3588 5556 3763 5631 Colon:

2208 5626 2495 5702 ﬂgyptus.
2524 5642 2581 5684 ut
2600 5632 2827 5701 August.
2866 5648 2878 5683 :
2917 5626 3273 5702 Naiiiet_ipsa
3302 5628 3578 5699 :Egyptus
3600 5626 3778 5702 tim-rm
3808 5684 3811 5697 λ

2206 5697 2592 5767 interpretatur.
2629 5697 2799 5760 sum
2829 5717 2956 5756 vero
2986 5716 3081 5767 pro
3118 5697 3313 5756 Ptiare.
3352 5697 3586 5769 Auitum.
3609 5697 3784 5769 habet.

2208 5788 2330 5842 post
2378 5775 2583 5842 aliquot
2631 5777 2821 5839 lineas,
2870 5771 3133 5842 xEyyptus
3170 5771 3381 5841 nﬁhctio
3432 5782 3540 5840 est,
3593 5768 3791 5823 Pharao

2207 5844 2494 5915 dissipatio.
