4028 6352
209 324 299 392 885

909 329 1340 391 PSALMORUM
1379 333 1425 388 Δ
1461 333 1502 389 C
1542 330 1635 389 AD
1671 332 1759 389 CL
1796 328 2183 392 EXPOSI‘I‘IO.
2227 329 2422 393 PSAL.
2461 324 2761 392 CXXXIV.

204 452 268 507 dit
291 465 437 520 reges
468 452 630 521 fortes
647 449 815 507 :Seon
844 466 1014 519 regem
1045 449 1483 515 Amorrha'orum,
1518 459 1565 503 et
1594 448 1671 520 0g
1701 465 1782 503 re-
1806 457 1856 513 Λ
1885 450 2082 503 ratione
2124 452 2178 504 in
2222 452 2618 521 generationem,
2654 447 2778 516 quia
2811 447 2916 502 alia
2953 452 3039 502 est
3066 447 3351 516 generatio
3377 445 3479 504 ho-

200 561 297 617 gem
327 541 526 606 Busan,
564 554 611 595 et
657 544 831 596 omnia
870 560 1026 613 regna
1057 542 1327 596 Chanaan.
1374 542 1781 598 luterl‘ectiones

200 633 408 704 quidem
468 649 654 703 regum
708 644 765 687 et
818 637 1059 704 gentium
1115 635 1528 689 adversantium
1580 636 1782 704 p0pulo

199 726 304 783 Dei.
332 726 407 779 ita
440 739 496 779 ut
529 737 823 779 narrantur
856 727 1095 795 impleta:
1137 738 1287 780 sunt.
1332 726 1439 782 Sed
1486 729 1611 797 quia
1654 741 1783 796 pro-

202 820 443 887 pin-tiens
465 829 551 874 est
572 829 755 874 textus
786 819 1050 885 historiae,
1077 836 1186 874 non
1213 832 1408 876 carent
1431 820 1614 890 ﬁguris
1639 822 1777 875 scri-

200 923 403 981 ptorum
453 911 731 965 nominum
773 915 1086 981 qualitates,
1131 926 1185 966 ιιι
1228 929 1323 983 per
1367 913 1780 984 interpretatio-

200 1020 310 1059 num
369 1006 832 1074 signitic.tti0ttem
886 1016 1182 1076 cognoscat
1244 1007 1485 1063 Ecclesia
1543 1024 1775 1077 quorum

198 1100 429 1153 maxime
464 1098 707 1154 hostium
739 1099 888 1153 cmde
920 1100 1183 1154 salvetur.
1209 1099 1605 1168 Interpretatur
1628 1118 1777 1156 natu-

195 1206 285 1259 que
312 1189 463 1243 Seon
485 1199 509 1225 λ
537 1191 766 1245 tentatio
792 1191 1062 1249 colorum.
1096 1202 1151 1247 et
1180 1193 1483 1247 Amorrlttei
1510 1193 1778 1264 interpre-

199 1290 371 1333 tantur
409 1282 798 1335 amaricautes.
862 1281 997 1335 Cum
1041 1282 1223 1351 itaque
1266 1286 1494 1339 tentatio
1534 1287 1776 1341 colorum

197 1388 287 1427 non
321 1370 398 1425 sit
430 1372 534 1425 nisi
574 1373 940 1433 mendacium.
977 1374 1146 1443 quod,
1194 1388 1250 1427 ut
1278 1376 1493 1429 facilius
1522 1376 1773 1445 obrepat,

195 1463 423 1516 colorem
469 1464 575 1517 sibi
628 1465 872 1517 Veritatis
902 1463 928 1501 ι
960 1479 1267 1530 assumunt,
1310 1466 1437 1537 quid
1488 1470 1684 1522 mirum
1730 1471 1776 1523 si

193 1556 565 1620 atuaricantcs,
590 1558 872 1611 mendacis
897 1559 1041 1627 regis
1072 1558 1441 1622 simulatione,
1463 1561 1776 1616 ducuntur?

194 1646 447 1714 Quoniam
478 1659 533 1703 et
563 1650 681 1719 ipse
708 1649 979 1705 mendacii
999 1662 1151 1719 pater
1171 1652 1422 1708 diabolus
1442 1654 1627 1720 (Joun.
1658 1671 1771 1723 vnt,

193 1738 292 1804 ti)
334 1740 684 1811 transﬁgurat
707 1757 767 1797 se
798 1744 852 1796 itt
876 1745 1127 1812 angelum
1158 1745 1296 1799 lucis
1324 1744 1389 1813 (ll
1410 1746 1529 1799 Cor.
1562 1762 1635 1812 at,
1660 1748 1772 1818 li),

1885 543 2087 597 minum
2119 558 2224 613 qua
2256 553 2549 598 nascuntur
2576 542 2807 599 mundo.
2844 539 2949 595 alia
2978 554 3082 609 qua
3120 548 3481 597 renascuntur

1883 634 2018 690 Deo.
2058 634 2164 690 Sed
2198 635 2249 688 in
2290 646 2516 705 utraque
2569 634 2669 689 sub
2714 634 2983 687 altissimo
3018 631 3225 701 judicio
3267 630 3385 697 Dei,
3421 636 3478 688 et

1882 741 2018 797 Opus
2050 736 2255 782 natura:
2280 726 2554 796 impletur,
2585 735 2639 781 et
2669 726 2881 796 gratia).

1953 818 2146 890 (Vere.
2195 821 2319 888 Η.)
2362 819 2619 885 Quoniam
2668 817 2930 889 judicebit
2982 815 3237 871 Dominus
3283 817 3478 889 plebem

1880 928 2046 977 suam,
2093 924 2137 965 et
2164 912 2219 965 in
2257 912 2413 964 servis
2459 912 2565 965 suis
2592 910 2969 979 deprecabitnr.
3006 910 3250 980 Excepto
3272 910 3477 979 judicio

1882 1002 2083 1067 futuro,
2110 1006 2218 1073 jam
2259 1004 2499 1071 judiCata
2533 1012 2619 1058 est
2648 1002 2800 1072 plebs
2822 1002 3155 1057 .Iudseorum.
3187 1002 3327 1070 Quid
3358 1013 3477 1069 est,

1874 1095 2148 1165 iudicata?
2195 1096 2442 1165 Separati
2485 1095 2611 1150 inde
2655 1106 2781 1149 sunt
2808 1094 2964 1163 justi,
3000 1107 3052 1149 et
3095 1106 3478 1152 reman<crunt

1878 1186 2085 1257 ittju‘ti.
2121 1188 2259 1244 Audi
2299 1187 2581 1241 Dominum
2626 1185 2895 1241 dicentem
2928 1203 2942 1239 :
2974 1184 3037 1240 In
3069 1188 3330 1259 judicium
3368 1188 3476 1242 veni

1876 1276 1930 1330 in
1971 1277 2107 1332 hunc
2137 1278 2412 1341 muniam,
2442 1288 2498 1332 ut
2535 1278 2623 1349 qui
2654 1294 2757 1331 non
2780 1277 2973 1342 uident,
3006 1280 3248 1344 videant;
3298 1290 3347 1332 et
3389 1279 3477 1349 qui

1876 1374 2071 1439 vident,
2094 1376 2216 1428 caci
2245 1375 2372 1442 ﬁant
2402 1374 2420 1444 (
2444 1371 2603 1427 Joan.
2632 1389 2711 1440 Ix,
2736 1372 2861 1437 59).
2887 1372 3157 1427 Esezecati
3181 1375 3323 1429 enim
3351 1384 3478 1429 sunt

1876 1466 2121 1533 superbi,
2169 1464 2457 1519 illuminati
2490 1473 2619 1518 sunt
2662 1462 2919 1526 Immites,
2965 1460 2993 1499 ά
3023 1475 3077 1518 et
3126 1464 3178 1517 in
3226 1463 3328 1517 hoc
3369 1481 3477 1520 uno

1878 1558 2077 1627 ρονιιιιι
2124 1559 2216 1628 qui
2246 1566 2302 1613 et
2328 1556 2498 1612 laeub
2521 1567 2575 1611 et
2598 1556 2765 1611 Israel
2793 1556 3123 1626 generaliter
3149 1556 3473 1625 appellatur,

1878 1666 1983 1704 una
2015 1651 2159 1705 enim
2194 1665 2424 1720 persona
2455 1659 2540 1704 est
2566 1650 2760 1703 domus
2787 1648 2954 1704 .Iucub
2982 1660 3037 1703 et
3066 1649 3261 1704 domus
3288 1650 3473 1717 Israel,

1876 1761 1980 1799 una
2012 1760 2165 1813 gens,
2203 1760 2307 1798 una
2342 1744 2524 1814 plebs;
2554 1744 2691 1797 lianc
2722 1745 2933 1803 invitat.
2964 1751 3019 1795 et
3053 1744 3192 1795 lianc
3232 1743 3476 1809 dituittit,

194 1837 239 1883 et
267 1832 498 1884 tentatio
547 1833 788 1886 culorum
830 1835 1138 1888 contrarios
1179 1838 1398 1891 veritati
1440 1837 1598 1892 faciat
1641 1854 1763 1894 esse
1799 1842 1845 1901 Β
1873 1840 2080 1893 miteSa
2106 1838 2393 1903 ferocibus,
2418 1838 2705 1892 credentes
2724 1834 3124 1888 abiul‘tdetilius
3144 1834 3472 1902 separando.

198 1939 320 1992 quos
366 1923 591 1992 decipit.
636 1925 743 1981 Sed
792 1926 846 1980 bi
878 1926 1130 1983 homines
1167 1929 1485 1998 spiritaliter
1514 1932 1772 1987 occidun-

195 2024 290 2081 tur,
324 2032 445 2071 cutn
494 2019 806 2072 moriuntur
835 2019 1077 2086 diabolo,
1122 2028 1184 2075 ut
1218 2023 1400 2076 vivant
1433 2022 1567 2089 Deo,
1597 2035 1652 2078 et
1678 2024 1772 2094 qui

195 2112 532 2166 crediderant
563 2111 877 2179 mendacio,
907 2114 1135 2169 credant
1162 2115 1346 2182 potius
1375 2118 1613 2170 veritati.
1658 2117 1770 2171 Bla-

194 2217 284 2256 nus
310 2217 490 2256 autem
526 2203 617 2256 Dei
646 2204 772 2271 quia
803 2204 1166 2269 succisiones,
1189 2215 1240 2259 et
1271 2206 1670 2262 viviticationes
1689 2207 1771 2261 la-

195 2298 281 2361 cit,
310 2297 387 2365 υς
422 2312 629 2366 regem,
657 2311 707 2351 et
734 2296 774 2351 Β
793 2310 909 2350 isau
946 2298 1204 2367 populum
1236 2298 1354 2367 ejus
1382 2299 1670 2353 interimit.
1693 2300 1772 2371 03

195 2388 325 2441 enim
353 2391 748 2457 interpretatur
768 2389 1073 2450 conclusio,
1105 2402 1154 2443 et
1185 2391 1357 2444 Basan
1390 2394 1773 2461 interpretatur

196 2481 447 2536 conlusio.
504 2480 656 2535 Talis
698 2483 901 2551 quippe
941 2482 1223 2538 conclusio
1268 2484 1581 2538 intercludit
1630 2485 1773 2541 viam

194 2590 308 2644 qua:
335 2574 481 2628 ducit
506 2574 572 2628 ad
607 2574 918 2641 Dominum,
952 2584 1007 2630 et
1038 2576 1373 2645 interceptos
1402 2576 1469 2629 ad
1500 2577 1775 2631 conlusio-

198 2682 320 2720 nem
348 2667 615 2736 perducit,
655 2678 708 2721 et
737 2668 956 2738 iniquos
1001 2670 1162 2723 modo
1203 2669 1505 2736 concludit,
1553 2686 1620 2725 ne
1654 2685 1775 2725 cre-

200 2758 331 2811 dant
380 2759 430 2811 in
482 2757 748 2814 Christum
786 2777 802 2815 :
846 2760 1071 2829 quando
1116 2760 1368 2817 Christus
1414 2763 1772 2832 apparuerit,

202 2849 612 2917 cottt'uudentur,
644 2854 743 2907 nisi
773 2868 917 2907 nunc
953 2853 1129 2920 gratia
1172 2866 1531 2910 convertente
1562 2866 1776 2911 muten-

196 2950 301 2995 tur.
335 2940 582 2998 (.‘ltanaan
613 2960 742 2999 vero
781 2947 1174 3015 interpretatur
1204 2957 1429 3015 paratus
1460 2948 1772 3003 humilitati.

195 3034 322 3101 Qua:
377 3034 653 3090 humilitas
687 3037 919 3107 pteualis
968 3038 1314 3108 intelligenda
1359 3052 1444 3095 est
1472 3056 1591 3110 qua:
1629 3056 1777 3110 para.

192 3133 276 3177 tur
305 3127 573 3197 superbis,
617 3128 710 3197 qui
763 3129 929 3185 modo
974 3147 1079 3185 non
1126 3132 1179 3185 in
1223 3132 1549 3201 humilitate,
1594 3134 1688 3188 sed
1720 3135 1773 3189 in

1874 1930 1941 1984 In
1972 1933 2125 1985 seruis
2155 1932 2261 1985 suis
2291 1931 2453 2001 igitur
2475 1929 2835 1996 deprecabitur
2860 1928 3139 1995 Dominus,
3176 1928 3225 1980 id
3259 1936 3364 1990 est.
3392 1928 3475 1980 in-

1875 2024 2156 2077 voeabitur
2196 2024 2279 2076 vel
2320 2022 2731 2086 exorabitur,ct
2773 2020 2826 2073 in
2872 2020 3125 2074 omnibus
3166 2019 3475 2073 natiOuibtts

1875 2128 2035 2171 erunt
2067 2116 2311 2170 homines
2338 2113 2657 2168 Israelitica:
2701 2111 3001 2181 dignitatis,
3041 2126 3167 2165 cum
3202 2109 3373 2165 Judaei
3403 2126 3475 2164 ex

1877 2208 2115 2261 maxima
2152 2208 2233 2260 sui
2279 2218 2430 2275 parte
2476 2216 2633 2259 erunt
2674 2204 2822 2271 itnpit
2856 2214 2915 2258 et
2956 2203 3202 2258 veritatis
3251 2202 3478 2257 inimici.

1874 2300 1980 2356 Sed
2011 2301 2132 2370 quia
2161 2300 2424 2369 spiritalis
2463 2300 2631 2355 laeui)
2662 2315 2725 2352 ex
2758 2297 2901 2352 omni
2952 2307 3114 2369 gente
3159 2298 3476 2362 assumitur,

1876 2394 2143 2449 idolorum
2168 2393 2471 2448 cultoribus
2495 2391 2828 2445 inﬁdelitatis
2849 2390 3070 2445 etet-itas
3091 2391 3476 2455 exprobratur.

1947 2487 1966 2559 (
1990 2488 2140 2541 Vera.
2178 2489 2266 2543 15.
2288 2488 2304 2556 )
2343 2487 2640 2540 Simulncra
2659 2486 2886 2555 gentium
2907 2493 3178 2554 argentum
3200 2494 3245 2536 et
3263 2498 3474 2546 aurum,

1878 2598 2033 2653 opera
2075 2598 2321 2635 manuum
2368 2582 2649 2633 hominum.
2679 2582 2879 2633 Omnes
2908 2594 2973 2632 ex
3004 2592 3342 2646 quacumque
3373 2590 3471 2629 na-

1875 2674 2023 2728 tiOne
2056 2689 2245 2727 verum
2280 2672 2447 2727 Deum
2490 2675 2820 2735 nescientes,
2850 2679 2904 2722 et
2937 2668 3136 2723 Clit-isti
3174 2666 3472 2737 Evangelio

1876 2766 2195 2820 resistentes
2224 2765 2494 2819 idolorum
2538 2763 2777 2817 cultores
2804 2772 2950 2828 sunt,
2978 2771 3031 2815 et
3062 2775 3182 2814 cum
3218 2760 3268 2812 in
3296 2757 3476 2813 cordi-

1875 2856 1975 2911 bus
2003 2857 2115 2911 suis
2146 2856 2442 2911 [alsitaltttn
2471 2856 2716 2925 dogmata
2746 2853 3100 2918 laturicautur,
3132 2851 3182 2905 id
3211 2850 3352 2919 quod
3377 2850 3476 2905 lin-

1875 2955 2061 3005 xerint
2085 2950 2432 3005 simulacrum
2452 2960 2566 3013 est;
2594 2957 2651 3003 et
2680 2949 2723 3001 si
2747 2949 2871 3016 quid
2907 2944 3285 3000 ratiociuando
3309 2953 3333 2981 ⁸
3360 2959 3469 2998 mu-

1879 3042 2101 3107 nierint,
2134 3044 2185 3098 id
2218 3052 2534 3114 argenteum
2569 3041 2785 3095 videtur
2815 3049 2908 3094 aut
2936 3054 3193 3094 aureum:
3234 3036 3253 3077 τ
3283 3036 3375 3107 qui
3406 3036 3478 3093 ita

1882 3132 2133 3189 humanm
2163 3137 2446 3205 sapientia:
2474 3134 2807 3204 argutttentis
2835 3142 2890 3186 et
2914 3132 3135 3202 eloquio
3163 3131 3476 3195 color-ator,

192 3216 270 3270 cla
298 3216 421 3273 ioue
468 3230 596 3273 sunt
628 3219 813 3289 positi,
858 3232 913 3276 et
955 3223 1399 3292 praeordinantur
1439 3225 1494 3279 in
1536 3224 1590 3280 id
1633 3226 1778 3296 quod
1807 3219 1852 3283 C
1885 3235 1942 3280 ut
1974 3232 2338 3283 reverentiam
2365 3228 2466 3281 sibi
2501 3242 2598 3296 pro
2626 3223 3032 3279 mendaciorum
3056 3232 3173 3277 arte
3199 3221 3474 3276 conciliet.

192 3310 599 3365 retribuendutn
634 3324 716 3367 est
747 3313 991 3369 vanitati.

254 3398 415 3473 689
446 3401 640 3472 (Vers.
675 3404 800 3474 19..)
843 3406 907 3458 Et
939 3407 1079 3460 dedit
1124 3419 1315 3463 terram
1342 3426 1523 3464 eorum
1561 3410 1782 3467 heredi-

194 3503 358 3563 tatem,
393 3496 741 3550 hwreditatem
771 3494 941 3553 Israel
968 3501 1161 3571 populo
1184 3518 1298 3555 suo.
1334 3502 1418 3557 Fit
1458 3503 1562 3559 ltoc
1602 3508 1784 3573 quoti-

195 3587 310 3643 die:
337 3606 460 3643 natn
495 3592 645 3660 quod
676 3593 766 3647 alii
800 3610 896 3663 per
923 3598 1173 3650 meritum
1210 3612 1365 3651 suum
1405 3601 1657 3668 perdunt,
1688 3600 1783 3656 alii

195 3696 282 3749 per
309 3683 501 3745 gratia:
533 3700 727 3739 munus
771 3686 1081 3756 acquirunt.
1124 3688 1382 3753 Quoniam
1420 3689 1585 3745 Jucob
1636 3694 1785 3763 elegit

193 3773 279 3827 sibi
311 3773 591 3839 Dominus,
620 3774 786 3830 Israel
812 3778 867 3831 in
891 3781 1263 3847 possessionem
1284 3782 1379 3835 sibi
1410 3781 1585 3853 (Sup.
1622 3799 1670 3837 υ.
1701 3784 1781 3853 4);

191 3876 239 3920 et
261 3868 479 3923 habenti
513 3870 734 3935 dicitur,
766 3870 905 3927 Tene
929 3874 1070 3943 quod
1091 3873 1268 3943 habes,
1298 3893 1361 3930 ne
1390 3876 1527 3931 alius
1565 3879 1785 3950 accipiat

192 3974 428 4015 coronam
461 3973 603 4016 tuam
632 3963 827 4035 (Apoc.
853 3981 929 4025 ιιι.
963 3966 1023 4019 lt
1051 3969 1091 4037 ).

255 4053 447 4120 (Vers.
488 4056 610 4126 t3.)
648 4066 670 4094 ε
711 4056 962 4113 Dominus
992 4076 1176 4114 nomen
1219 4072 1365 4115 tuum
1409 4064 1461 4117 in
1494 4073 1787 4131 wternum;

191 4157 236 4199 et
256 4149 566 4203 memoriale
592 4158 738 4203 tuum
768 4151 819 4204 in
850 4156 1177 4223 generatione
1203 4166 1250 4209 et
1276 4158 1688 4226 generationem;
1734 4160 1787 4215 id

190 4246 299 4303 est,
343 4242 609 4294 virtutum
656 4251 870 4297 tuarum
912 4245 1173 4300 miracula
1206 4262 1311 4302 non
1362 4249 1686 4317 cessabunt,
1735 4262 1790 4307 et

190 4346 305 4400 quae
332 4344 597 4403 operatus
627 4349 688 4389 es
712 4336 1088 4405 signiﬁcando,
1126 4341 1443 4409 operaberis
1473 4342 1789 4399 indesinen-

190 4430 268 4477 ter
292 4423 602 4495 intplendo.
637 4424 941 4483 Memoriale
965 4441 1143 4486 autem
1182 4432 1391 4488 Domini
1419 4436 1469 4489 in
1500 4450 1566 4489 eo
1596 4437 1793 4492 intelli-

191 4512 329 4581 gitur
366 4517 519 4587 quod
553 4534 659 4573 non
690 4520 1032 4577 obliviscitur
1067 4526 1489 4592 promissionum
1530 4543 1788 4597 suarum,

1884 3321 1941 3375 ln
1979 3319 2143 3391 490
2181 3316 2490 3388 hujustnodi
2521 3331 2650 3387 ergo
2693 3315 2986 3385 ﬁgmentis,
3017 3330 3171 3381 opera
3215 3320 3342 3366 sunt
3368 3327 3480 3364 ma-

1884 3431 2043 3467 nuum
2074 3413 2360 3476 hominum,
2386 3426 2507 3481 qua:
2533 3411 2802 3463 ttumauus
2823 3422 2979 3461 error
2999 3403 3347 3474 excogitavit,
3374 3417 3483 3458 non

1884 3504 2128 3561 doctrina
2163 3504 2405 3557 veritatis
2433 3488 2687 3555 instituit.

1959 3596 2151 3666 (νάπει
2201 3593 2420 3663 1618.)
2462 3602 2487 3639 Β
2532 3592 2603 3647 0s
2652 3592 2864 3655 habent,
2915 3599 2963 3643 et
3009 3604 3113 3642 non
3162 3586 3481 3657 loquentur,-

1888 3694 2064 3749 oculos
2102 3693 2310 3752 habent.
2342 3700 2388 3743 et
2416 3705 2519 3742 non
2558 3686 2823 3741 ridebunt.
2852 3684 3016 3738 Aures
3046 3681 3256 3743 habent.
3302 3691 3351 3735 et
3380 3695 3481 3732 non

1887 3785 2136 3845 audient;
2165 3797 2318 3835 nares
2344 3778 2532 3832 habent
2562 3787 2610 3830 et
2654 3793 2754 3829 non
2796 3772 3107 3829 odorabunt.
3158 3770 3347 3824 Manus
3390 3775 3485 3822 Ita-

1889 3877 2089 3937 bent,et
2111 3890 2211 3927 non
2242 3870 2587 3938 operubuntur
2606 3884 2625 3932 ;
2644 3870 2794 3937 pedes
2824 3865 3090 3925 habent.et
3118 3878 3219 3916 non
3251 3860 3485 3915 ambula-

1889 3969 2033 4021 bunt.
2069 3965 2189 4020 Non
2217 3962 2509 4017 clamabunt
2530 3962 2583 4014 in
2612 3970 2820 4031 gutture
2843 3972 2973 4023 suo;
3004 3970 3094 4009 nec
3117 3956 3251 4009 enim
3279 3964 3353 4008 est
3378 3954 3485 4023 spi-

1888 4070 2017 4117 ritus
2046 4063 2208 4115 inore
2236 4075 2434 4113 eorum.
2466 4056 2675 4112 Similes
2707 4054 2810 4107 illis
2838 4054 2966 4119 [iant
2991 4051 3078 4121 qui
3106 4050 3302 4121 faciunt
3333 4062 3414 4111 ea,
3435 4052 3486 4100 et

1891 4172 2066 4210 omnes
2108 4156 2197 4225 qui
2226 4152 2491 4219 conﬁdunt
2517 4150 2569 4203 in
2612 4149 2707 4204 eis.
2740 4145 2971 4216 Proprie
3000 4144 3223 4211 quidem
3274 4144 3390 4197 haec
3419 4139 3487 4194 de

1894 4247 2114 4319 paganis
2159 4246 2261 4300 diei
2310 4244 2591 4308 videntur;
2649 4241 2742 4298 sed
2786 4240 2949 4295 etiam
3005 4238 3291 4293 Itmreticos
3338 4248 3489 4289 com-

1896 4339 2267 4411 prehendunt,
2298 4338 2390 4409 qui
2424 4338 2550 4391 dum
2593 4335 2743 4390 falsis
2775 4333 3068 4399 itiltmretit,
3099 4340 3154 4386 et
3181 4330 3346 4400 impia
3390 4328 3489 4382 ho-

1894 4434 2100 4489 minum
2144 4428 2798 4494 commenta‘sectantut,
2830 4428 3013 4481 omnia
3058 4422 3341 4481 rationalis
3364 4422 3489 4477 vita:

1893 4527 2073 4583 ofﬁcia
2106 4526 2480 4597 perdiderunt.
2514 4522 2645 4578 Nam
2675 4521 2802 4591 quid
2834 4529 2918 4575 est
2959 4518 3164 4573 habere
3193 4516 3407 4577 oculos,
3435 4523 3491 4570 et

188 4607 277 4662 led
307 4610 542 4665 omnino
569 4608 740 4665 ellicit
763 4612 907 4682 quod
931 4616 1251 4685 spopondit;
1277 4624 1331 4671 et
1359 4617 1460 4673 hoc
1486 4618 1547 4673 fit
1574 4636 1603 4674 a
1635 4637 1787 4692 gene—
1815 4612 1866 4673 Ι)
1893 4639 2000 4678 non
2033 4622 2233 4690 videre,
2265 4635 2426 4692 quam
2456 4617 2509 4671 in
2536 4630 2782 4672 errorum
2814 4624 2973 4669 nocte
3013 4610 3258 4667 versari?
3288 4608 3490 4663 habere

256 4768 362 4822 ⁸1η
412 4768 701 4837 Augustini
732 4773 1176 4847 Διειιιιήῐσεείιιιικ
1228 4778 1438 4830 tentatio
1486 4780 1786 4847 oculorum;

186 4838 651 4917 observatumque
696 4844 765 4897 ab
806 4838 1188 4917 eruditissimis
1227 4848 1550 4917 editoribus,
1595 4838 1785 4906 Omnes

188 4926 362 4985 prope!
389 4911 645 4985 ejusdem
679 4928 810 4969 mss.
851 4915 936 4969 hic
973 4928 1027 4970 et
1055 4918 1191 4971 infra
1214 4911 1782 4985 constanter'luabere,

186 4983 402 5033 tentatio
432 4982 957 5057 colqrudeemque
982 5004 1176 5043 nomen
1205 5002 1387 5057 postea
1417 4990 1470 5044 itt
1506 5006 1588 5055 ps.
1610 4982 1786 5047 cxsxv

187 5062 319 5125 inter
334 5056 572 5125 pretari,
594 5070 802 5125 germen
824 5058 1026 5121 inutile,
1050 5060 1127 5113 vel
1156 5056 1488 5114 tentationem
1510 5063 1784 5119 calentem.

254 5122 281 5159 δ
310 5122 609 5198 Fortasse,
634 5130 870 5198 assumit,
904 5130 1111 5183 scilicet
1151 5134 1515 5198 mendacium,
1566 5136 1665 5187 nisi
1702 5151 1789 5187 as-

184 5202 401 5315 :umunt
430 5193 625 5251 referri
651 5197 789 5253 velis
815 5193 882 5254 ad
911 5204 1271 5269 amaricantes,
1291 5203 1358 5258 de
1380 5193 1575 5274 quibus
1604 5208 1788 5261 statim

203 5279 242 5315 ΙΙ.
272 5280 492 5315 sermo.

203 5279 242 5317 Ιῑ
272 5280 492 5319 εετιηο.

256 5347 279 5375 ε
327 5336 498 5407 Apud
544 5338 939 5410 Augustinum,
969 5340 1213 5415 Domine,
1244 5356 1303 5401 ut
1344 5346 1399 5402 in
1435 5346 1657 5419 Vulgata
1697 5362 1795 5403 no-

181 5420 313 5463 ειη.

251 5478 281 5517 ἀ
330 5480 724 5562 μιεᾲιιηοιιςξε
750 5483 935 5562 editio,
968 5486 1133 5562 ethoc
1155 5489 1208 5542 in
1236 5506 1339 5543 uno
1363 5491 1576 5562 papula.

257 5562 283 5590 ε
329 5552 721 5633 Lugttunynsis
769 5556 1135 5633 editidlegit,
1187 5552 1489 5617 munierint.
1542 5565 1789 5633 Lovan.,

186 5624 363 5676 Duae.
402 5635 462 5675 ct
489 5626 705 5688 Κηίου..
745 5624 1040 5683 minuerint.

260 5693 280 5731 ί
332 5694 482 5773 Legi
501 5697 699 5751 debere
727 5701 1077 5771 arbitramur,
1109 5706 1269 5773 quia;
1295 5707 1394 5761 etsi
1429 5707 1482 5762 in
1522 5706 1685 5763 editis
1724 5708 1802 5764 le-

183 5776 350 5835 gatur
366 5779 497 5835 om.

252 5844 282 5891 ι
330 5834 479 5893 nec
498 5836 673 5911 prima
692 5847 823 5912 pars
850 5854 1034 5904 versus
1058 5846 1125 5905 tG
1152 5848 1204 5907 in
1225 5850 1525 5922 Augustino
1550 5856 1800 5917 transter-

1888 4790 1976 4835 tur
2007 4790 2131 4851 post
2154 4780 2268 4832 lure
2298 4778 2482 4841 verba,
2513 4786 2559 4851 et
2586 4794 2689 4831 non
2716 4776 3000 4830 odorabunt
3020 4792 3038 4839 ;
3060 4774 3333 4851 omittitur
3352 4787 3490 4851 quo-

1890 4846 2020 4918 que,
2054 4851 2177 4906 Non
2207 4853 2497 4905 clamabunt
2523 4850 2575 4902 in
2602 4861 2807 4919 gutture
2849 4864 2975 4911 suo;
3009 4862 3097 4899 nec
3126 4846 3260 4919 enim
3291 4853 3363 4897 est
3385 4846 3492 4914 spi-

1888 4914 2017 4976 ritus
2046 4926 2101 4976 in
2139 4939 2226 4976 ore
2250 4938 2447 4976 eorum.
2483 4919 2536 4973 In
2591 4914 2811 4989 Vulgata
2860 4929 3042 4972 nostra
3089 4933 3192 4969 non
3241 4914 3491 4989 leguntur

1891 4995 2043 5064 plura
2077 5010 2235 5063 quam
2264 4995 2420 5065 haec:
2449 4990 2521 5044 Os
2550 4983 2760 5065 habent,
2779 5001 2950 5065 etnon
2981 4989 3287 5056 loquentur;
3308 4983 3490 5065 oculos

1893 5060 2106 5131 habent,
2134 5073 2181 5119 et
2212 5081 2314 5118 non
2343 5064 2621 5135 videbunt.
2640 5064 2801 5116 Aures
2821 5060 3030 5135 habent,
3054 5067 3101 5110 et
3097 5072 3225 5135 “non
3254 5060 3486 5117 audient,

1896 5153 2056 5203 neque
2083 5126 2216 5187 enim
2258 5146 2331 5189 est
2369 5136 2579 5208 spiritus
2607 5134 2662 5208 in
2685 5148 2769 5208 ore
2812 5134 3061 5208 ipsorum.
3096 5126 3493 5208 Reliqua_\'_ei'o

1896 5195 2019 5277 qua:
2062 5207 2147 5261 ltic
2177 5195 2428 5275 leguntur
2458 5206 2509 5260 iu
2543 5195 3352 5277 Psalteriojlieronyuri.‘quod
3388 5197 3494 5277 tto.

1899 5266 2117 5333 manum
2144 5266 2358 5338 vocant.
2382 5278 2727 5349 legebantur.
2746 5266 3303 5349 A_(_}_allicunu.deiude
3319 5267 3491 5349 recisa

1900 5364 2048 5404 Sunt.
2080 5350 2155 5404 De
2174 5351 2367 5418 quibus
2390 5338 2668 5401 novissimi
2696 5346 2752 5398 S.
2790 5339 3351 5418 Ilieronymiloperum
3374 5338 3493 5392 edi-

1901 5431 2047 5475 tores
2073 5408 2369 5475 observant
2392 5422 2535 5486 ιιιιιιιι
2558 5424 2817 5487 sequentes
2840 5408 3193 5487 versiculilab
3218 5412 3321 5472 tus.
3347 5426 3496 5487 nares

1903 5493 2108 5552 habent,
2140 5494 2203 5542 ad
2235 5493 2370 5554 hare,
2400 5480 2564 5558 neque
2592 5480 2725 5541 enim
2758 5494 2828 5537 est
2853 5483 3098 5558 spiritus)
3122 5480 3225 5558 huc
3251 5482 3495 5558 transtuli

1902 5574 2020 5617 sunt
2059 5566 2110 5615 in
2160 5564 2395 5618 Romano
2424 5555 2680 5614 Psalterio
2720 5571 2782 5609 ea:
2816 5556 3018 5625 psalmo
3058 5555 3307 5624 superiori
3345 5566 3490 5606 cut.

1904 5638 2049 5703 Quos
2080 5647 2259 5688 tamen
2289 5651 2397 5703 pra:
2418 5636 2594 5703 Oculis
2620 5623 2868 5703 ltilniissL'
2895 5623 3222 5703 Prosperum
3255 5633 3497 5703 nostrum

1903 5694 1992 5761 Vix
2037 5694 2437 5761 dubitaret-iuit
2481 5700 2718 5768 subjecta
2765 5697 2836 5751 ab
2864 5712 2949 5762 eo,
2988 5697 3113 5768 lieojt
3153 5694 3493 5768 brevissima,

1906 5780 2145 5845 ipsorum
2190 5775 2476 5843 expositio.
2510 5763 2930 5845 Οιῖεςειιωιιιιιιιιι⁸
2963 5766 3198 5845 denique
3240 5764 3358 5822 hac
3381 5763 3500 5840 ipsa

1911 5840 2015 5911 non
2049 5849 2154 5920 legi
2183 5850 2235 5907 iu
2264 5840 2416 5904 textu
2447 5843 2713 5902 Hebraico
2742 5840 2934 5917 psalmi
2961 5840 3141 5917 huius,
