4028 6352
237 300 332 378 895

878 310 1300 370 PSALMORUM
1338 313 1385 368 Δ
1423 306 1465 368 C
1504 309 1597 369 AD
1636 312 1723 370 CL
1761 314 2148 376 EXPOSITIO.
2192 319 2389 378 PSAL.
2430 319 2763 379 CXXXVIII.

3410 328 3516 385 594

232 432 315 504 qui
342 431 540 487 beatus
567 436 673 497 est,
700 437 757 485 et
776 428 963 485 beatos
985 430 1131 496 facit,
1156 430 1297 487 eruit
1320 431 1389 488 de
1415 432 1655 489 tenebris
1676 443 1731 490 et
1755 433 1825 491 de
1850 438 1905 498 Δ
1930 436 2256 494 desiderium
2298 450 2353 496 et
2373 442 2441 497 ab
2466 443 2612 498 omni
2639 444 2841 498 carnali
2878 444 3175 514 cupiditate
3201 458 3511 518 purgatum.

233 533 501 597 potestate
532 523 906 592 tenebrarum,
937 532 998 579 ut
1017 526 1125 581 sint
1153 524 1254 581 ﬁlii
1278 525 1417 582 lucis
1445 537 1499 583 et
1522 528 1675 599 regni
1704 525 1826 601 (Co-

233 623 355 677 toss.
386 636 427 688 ι,
456 620 524 678 I5
549 621 591 693 ),
621 619 764 677 allisi
785 620 851 677 ad
883 630 1091 693 petram
1122 621 1421 691 Christum,
1448 633 1509 679 ut
1545 625 1827 681 moriendo

234 716 459 785 mundo,
488 717 737 774 viverent
784 716 919 786 Deo,
949 716 1147 788 deiecti
1174 730 1231 774 et
1258 719 1449 784 erecti,
1491 719 1749 775 destructi
1774 730 1831 776 et

233 810 485 866 aediﬁcati
508 851 527 879 ,
554 810 609 865 in
641 810 915 880 pulverem
946 811 1290 879 comminuti,
1316 822 1371 868 et
1394 812 1451 868 in
1476 822 1649 883 petra,
1680 820 1830 881 petra

236 906 597 970 instaurante,
621 902 860 958 solidati.

606 994 766 1068 597
806 993 1121 1053 PSALMUS
1153 994 1466 1054 cxxxvn.

305 1090 496 1163 (Vers.
530 1091 610 1161 1.)
651 1088 947 1158 Conﬁtebor
985 1090 1109 1157 tibi,
1152 1090 1411 1160 Domine,
1446 1092 1500 1147 in
1535 1101 1641 1147 toto
1680 1092 1834 1148 corde

238 1201 383 1251 meo,
424 1184 672 1255 quoniam
711 1184 905 1238 audisti
943 1184 1117 1239 omnia
1146 1183 1299 1239 verba
1324 1186 1429 1240 oris
1467 1189 1585 1240 mei.
1630 1184 1832 1243 Psalmi

242 1276 430 1332 titulus
458 1275 561 1331 sub
592 1276 813 1331 nomine
843 1274 1007 1331 David
1037 1291 1160 1332 eum
1192 1276 1464 1347 signiﬁcat
1486 1321 1501 1348 ,
1532 1278 1622 1349 qui
1654 1287 1738 1333 est
1766 1293 1832 1333 ex

237 1369 441 1426 semine
482 1367 658 1423 David
701 1368 1001 1424 secundum
1044 1384 1262 1424 carnem
1304 1368 1507 1439 (Rom.
1536 1370 1723 1440 1,5),
1765 1369 1834 1424 ad

239 1475 394 1531 quem
438 1459 756 1531 prophetica
795 1469 879 1516 est
917 1459 1127 1516 directa
1153 1459 1460 1528 confessio,
1493 1477 1616 1532 qua
1656 1460 1834 1517 laudis

240 1564 319 1610 est
360 1553 600 1619 divina,
643 1567 749 1609 non
801 1552 1101 1624 iniquitatis
1147 1554 1418 1609 humanae.
1466 1554 1836 1611 Confessionis

241 1649 380 1704 enim
433 1648 655 1705 nomine
702 1648 839 1705 solet
888 1648 1115 1705 indicari
1161 1650 1435 1707 confessio
1480 1651 1835 1722 paenitentis;

242 1740 331 1795 sed
365 1740 455 1795 hic
484 1738 864 1795 manifestatur
892 1740 1179 1810 gratulatio
1207 1741 1505 1799 laudatoris
1526 1786 1540 1809 ,
1574 1760 1693 1815 quae
1722 1754 1837 1800 toto

1927 530 2018 596 Si,
2065 530 2440 603 Multiplicabis
2483 551 2596 605 me,
2644 536 3014 592 tantummodo
3062 538 3302 605 diceret,
3346 542 3516 597 videri

1928 631 2138 692 poterat
2175 634 2385 682 terrena
2428 626 2605 696 aliqua
2636 630 2962 700 conceptio;
2993 630 3087 685 sed
3117 645 3239 686 cum
3270 632 3514 700 addidit,

1926 713 1956 753 ιι
1986 716 2040 769 in
2061 717 2270 788 justitia
2289 759 2304 784 ,
2340 718 2471 775 nihil
2498 728 2584 776 est
2612 721 2754 791 quod
2784 721 2955 792 possit
2984 722 3194 792 plenius
3238 734 3293 780 et
3332 726 3513 794 perfe-

1928 807 2069 863 ctius
2101 809 2360 875 postulari
2392 828 2403 863 :
2433 814 2557 881 quia
2584 814 2781 868 summi
2816 814 2944 870 boni
2973 813 3293 884 signiﬁcatio
3338 827 3423 872 est
3465 820 3515 872 in

1930 901 2291 971 appellatione
2321 904 2551 960 virtutis.

2002 992 2181 1063 (Vers.
2209 992 2295 1063 4.)
2328 993 2680 1064 Conﬁteantur
2710 1000 2835 1064 tibi,
2866 998 3086 1055 Domine
3107 1045 3120 1070 ,
3164 1018 3338 1058 omnes
3378 1021 3520 1077 reges

1932 1095 2115 1155 terres,
2146 1089 2385 1158 quoniam
2422 1091 2698 1145 audierunt
2741 1093 2914 1147 omnia
2945 1097 3097 1149 verba
3124 1097 3229 1150 oris
3262 1098 3354 1152 tui.
3390 1097 3521 1153 Ubi-

1933 1194 2038 1251 que
2089 1180 2435 1250 Evangelium
2484 1182 2869 1252 praedicabitur
2919 1183 3154 1253 (Matth.
3188 1203 3337 1253 xxiv,
3374 1187 3517 1260 l4),

1936 1273 2133 1344 ubique
2158 1275 2453 1343 apostolica
2482 1274 2727 1330 doctrina
2758 1276 3013 1331 discetur.
3048 1278 3113 1331 In
3145 1296 3344 1334 omnem
3374 1282 3519 1336 enim

1938 1373 2125 1418 terram
2149 1365 2302 1419 exivit
2326 1382 2480 1420 sonus
2506 1382 2679 1422 eorum
2699 1408 2715 1433 ,
2740 1378 2787 1420 et
2813 1368 2864 1420 in
2890 1367 3016 1436 ﬁnes
3042 1370 3174 1423 orbis
3201 1380 3348 1427 terra
3372 1375 3523 1428 verba

1937 1473 2109 1511 eorum
2136 1456 2473 1528 (Psal.xvnt,
2495 1460 2576 1531 5).
2603 1458 2957 1529 Conﬁteantur
2981 1476 3109 1531 ergo
3138 1464 3245 1530 tibi,
3276 1463 3519 1529 Domine,

1938 1567 2111 1605 omnes
2139 1568 2285 1622 reges
2312 1560 2504 1619 terra;
2532 1562 2587 1608 et
2614 1553 2735 1621 quia
2767 1568 2874 1609 non
2906 1555 3105 1611 habent
3136 1562 3517 1617 necessitatem

1940 1642 2254 1699 sublimiora
2279 1644 2557 1713 cupiendi,
2588 1644 2811 1700 laudent
2839 1657 2891 1703 te
2919 1648 2987 1703 de
3018 1648 3339 1706 excellentia
3364 1669 3521 1720 quam

1940 1733 2171 1802 dedisti,
2198 1736 2321 1806 quia
2349 1736 2516 1793 latere
2542 1753 2638 1794 eos
2658 1740 2768 1809 jam
2800 1756 2909 1796 non
2930 1752 3144 1813 potest,
3170 1745 3311 1815 quod
3341 1761 3525 1802 eorum

245 1831 403 1887 corde
431 1830 730 1902 profertur,
761 1832 887 1903 quia
915 1832 1060 1888 nulla
1091 1832 1167 1888 illi
1195 1834 1298 1888 alia
1330 1834 1547 1890 aﬁectio
1577 1835 1833 1902 sociatur;
1867 1820 1915 1881 Β
1941 1837 2150 1897 sceptra
2183 1838 2271 1882 tua
2299 1827 2439 1883 dona
2468 1840 2614 1885 sunt.

245 1932 294 1979 et
322 1923 447 1979 ideo
476 1923 734 1980 exaudita
760 1932 891 1979 sunt
928 1924 1092 1981 verba
1138 1925 1251 1981 oris
1295 1926 1452 1995 ejus;
1496 1927 1654 1998 cujus
1688 1929 1833 1997 oris,

246 2017 343 2072 nisi
373 2017 589 2085 cordis,
634 2016 780 2074 unde
826 2027 1048 2074 sumunt
1096 2019 1213 2090 ipsa
1264 2020 1429 2075 verba
1475 2021 1838 2094 principium?

248 2108 315 2164 Ea
346 2110 418 2166 ibi
448 2110 671 2166 auribus
703 2110 795 2167 Dei
823 2126 929 2166 vox
956 2112 1157 2168 mentis
1187 2112 1425 2169 auditur.

315 2201 499 2273 (Vers.
525 2204 581 2272 1,
604 2200 688 2273 2.)
724 2200 792 2256 In
819 2213 1091 2272 conspectu
1119 2205 1420 2275 angelorum
1464 2205 1689 2277 psallam
1726 2208 1839 2263 tibi.

253 2295 487 2349 Adorabo
516 2295 587 2348 ad
616 2294 866 2365 templum
890 2305 1127 2349 sanctum
1156 2304 1303 2349 tuum
1322 2338 1339 2365 ,
1371 2306 1419 2351 et
1446 2298 1723 2368 conﬁtebor
1756 2317 1842 2353 no-

250 2386 368 2441 mini
394 2396 503 2442 tuo.
536 2385 709 2457 Super
735 2386 1090 2441 misericordia
1120 2397 1215 2442 tua
1241 2399 1291 2443 et
1319 2390 1529 2445 veritate
1556 2401 1662 2445 tua.
1696 2392 1753 2447 Si
1787 2392 1840 2447 in

253 2495 374 2536 vera
403 2480 769 2537 exsultatione
799 2481 980 2536 cordis
1021 2482 1341 2552 spiritaliter
1384 2484 1491 2539 Deo
1524 2484 1840 2553 psallimus,

256 2587 434 2629 coram
483 2571 688 2644 angelis
733 2572 1057 2643 psallimus:
1104 2572 1229 2643 quia
1276 2588 1384 2629 non
1436 2583 1691 2645 terrena,
1745 2576 1842 2632 sed

265 2665 505 2721 celestia
533 2666 803 2735 sapimus,
843 2665 897 2719 in
937 2680 1045 2737 quo
1088 2666 1303 2735 pietatis
1343 2666 1526 2721 ofﬁcio
1567 2666 1844 2723 beatitudo

264 2759 476 2815 excellit
504 2759 758 2830 angelica.
790 2757 924 2813 Nam
954 2759 1195 2814 carnalia
1226 2758 1498 2815 desideria
1546 2775 1654 2814 non
1698 2760 1846 2831 psal-

268 2854 413 2919 lunt,
446 2852 546 2908 nisi
572 2867 749 2907 coram
784 2851 1097 2908 hominibus
1120 2893 1134 2917 ,
1165 2867 1396 2923 quorum
1440 2867 1500 2907 se
1538 2852 1703 2907 animi
1749 2868 1843 2907 su-

263 2960 353 3015 pra
385 2955 596 3001 terrena
625 2959 733 3001 non
764 2945 1016 3015 erigunt,
1056 2952 1114 2999 et
1142 2944 1234 3014 qui
1279 2953 1590 3000 sanctorum
1635 2944 1845 3015 gaudiis

258 3039 515 3093 interesse
544 3052 655 3093 non
698 3047 967 3107 possunt:
1013 3038 1141 3107 quia
1184 3052 1286 3093 nec
1326 3038 1557 3093 adorant
1596 3036 1661 3091 ad
1709 3048 1843 3093 tem-

258 3132 399 3203 plum
431 3139 679 3188 sanctum
713 3132 843 3201 Dei,
875 3129 1021 3202 quod
1059 3140 1142 3186 est
1170 3129 1508 3197 Jerusalem,
1542 3145 1649 3185 una
1681 3131 1841 3185 simul

2015 1917 2293 1991 (Vers.5.)
2321 1920 2386 1975 Et
2408 1931 2611 1977 cantent
2634 1922 2686 1977 in
2709 1925 2802 1979 viis
2824 1925 3053 1995 Domini,
3081 1935 3323 1998 quoniam
3341 1949 3527 2003 magna

1940 2010 2113 2081 gloria
2140 2010 2363 2067 Domini.
2393 2013 2449 2069 In
2480 2014 2673 2085 quibus
2698 2017 2833 2084 viis,
2860 2020 2959 2073 nisi
2986 2020 3054 2075 de
3081 2022 3279 2091 quibus
3306 2024 3528 2094 dicitur,

1947 2100 2211 2157 Universte
2254 2105 2349 2159 vite
2390 2103 2603 2160 Domini
2627 2148 2641 2173 ,
2674 2110 3019 2165 misericordia
3046 2122 3093 2166 et
3124 2116 3308 2170 veritas
3337 2118 3354 2187 (
3383 2116 3526 2172 Psal.

1946 2210 2108 2261 ιιι-ιν,
2138 2194 2269 2269 10)ΐ
2300 2208 2357 2251 ιιι
2388 2196 2516 2253 dum
2548 2202 2727 2255 omnia
2759 2217 2923 2272 Opera
2958 2204 3052 2260 Dei
3085 2206 3138 2261 in
3172 2207 3255 2263 his
3282 2225 3533 2266 consum-

1945 2297 2177 2353 mantur,
2214 2302 2378 2344 nemo
2416 2276 2523 2346 nisi
2553 2292 2605 2347 in
2636 2293 2807 2363 ipsius
2835 2295 3003 2364 gloria
3033 2296 3314 2367 glorietur.

2018 2380 2199 2451 (Vers.
2233 2380 2317 2450 6.)
2350 2382 2605 2449 Quoniam
2632 2386 2860 2441 excelsus
2902 2387 3186 2460 Dominus,
3229 2404 3277 2447 et
3318 2396 3535 2450 humilia

1945 2474 2182 2543 respicit,
2218 2483 2265 2527 et
2292 2474 2398 2529 alta
2426 2493 2458 2529 a
2490 2476 2637 2550 longe
2664 2481 2915 2551 agnoscit.
2961 2483 3072 2537 Sub
3116 2485 3289 2540 oculis
3323 2487 3534 2544 Domini

1944 2579 2028 2625 est
2058 2579 2113 2626 et
2145 2569 2363 2625 humilis
2391 2580 2446 2627 et
2474 2572 2671 2628 elatus.
2702 2573 2807 2629 Sed
2851 2574 3108 2630 humilem
3150 2581 3271 2647 quia
3322 2582 3531 2650 placet,

1945 2664 2222 2734 prox-imus
2252 2664 2435 2733 videt;
2466 2669 2756 2737 superbum
2779 2711 2793 2735 ,
2840 2671 2965 2740 quia
3004 2671 3289 2741 displicet,
3325 2678 3535 2747 longis-

1944 2774 2082 2829 quus
2123 2760 2406 2829 agnoscit;
2452 2770 2507 2815 et
2549 2777 2671 2816 cum
2709 2763 2859 2831 juxta
2904 2763 2978 2817 sit
3018 2764 3102 2820 his
3144 2767 3230 2835 qui
3278 2768 3534 2826 tribulato

1946 2860 2074 2905 sunt
2099 2851 2263 2907 corde
2289 2851 2458 2923 (Psal.
2489 2869 2575 2921 ιιι,
2612 2854 2701 2923 t9)
2723 2896 2737 2919 ,
2768 2855 2928 2924 longe
2956 2862 3132 2911 tamen
3163 2866 3249 2913 est
3276 2873 3304 2913 a
3337 2875 3532 2930 pecca-

1945 2944 2153 3000 toribus
2180 2945 2327 3001 salus
2362 2946 2541 3015 (Psat.
2573 2963 2743 3003 cxvm
2766 2994 2779 3018 ,
2816 2948 2963 3019 155).

2019 3036 2201 3108 (Vers.
2234 3037 2314 3108 7.)
2340 3037 2401 3094 Si
2424 3039 2747 3094 ambulavero
2772 3041 2826 3095 in
2856 3042 3022 3095 medio
3052 3046 3395 3102 tribulationis
3415 3093 3428 3117 ,
3458 3052 3537 3104 vi-

1948 3128 2179 3195 viﬁcabis
2209 3146 2307 3184 me.
2338 3128 2394 3186 Si
2428 3132 2716 3200 praesentia
2741 3175 2754 3198 ,
2789 3131 2998 3204 inquit,
3028 3151 3135 3191 non
3166 3150 3419 3194 anravero
3441 3182 3456 3206 ,
3487 3152 3540 3196 et

256 3199 305 3279 et
335 3235 509 3278 mater
534 3233 590 3279 et
618 3222 726 3277 ﬁlia
748 3266 763 3291 ,
794 3199 965 3277 mater
998 3223 1049 3275 in
1093 3221 1333 3292 angelis,
1366 3220 1476 3276 ﬁlia
1518 3222 1571 3275 in
1612 3220 1845 3277 homini-
1871 3199 1918 3263 C
1952 3218 2000 3274 si
2026 3219 2092 3275 ad
2123 3220 2513 3289 promissiones
2541 3230 2659 3277 tuas
2689 3223 2913 3279 tendens
2934 3266 2949 3291 ,
2998 3228 3229 3283 terrenis
3270 3230 3540 3286 illecebris

255 3316 349 3371 bus
369 3357 383 3380 ,
413 3314 609 3385 quibus
639 3314 836 3369 dicitur
863 3332 874 3367 :
914 3312 1185 3383 Templum
1214 3313 1311 3368 Dei
1349 3314 1469 3369 estis
1491 3356 1505 3380 ,
1548 3323 1595 3368 et
1620 3314 1847 3386 Spiritus

260 3406 348 3461 Dei
376 3406 573 3461 habitat
601 3407 657 3460 in
685 3406 824 3460 vobis
854 3404 907 3476 (I
930 3404 1050 3459 Cor.
1077 3421 1164 3471 ιιι,
1197 3406 1318 3475 I7).
1350 3404 1634 3461 Confessio
1666 3415 1847 3462 autem

257 3499 505 3570 religiosa
536 3498 820 3554 veritatem
854 3506 907 3552 et
949 3498 1381 3553 misericordiam
1419 3498 1511 3553 Dei
1543 3498 1800 3569 praedicat
1831 3516 1845 3553 :

256 3592 536 3647 veritatem
584 3591 638 3645 in
684 3589 1017 3661 judicando,
1070 3588 1502 3645 misericordiam
1548 3589 1601 3645 in
1646 3591 1847 3646 subve-

256 3683 473 3740 niendo.
504 3683 624 3739 Non
654 3683 800 3739 enim
831 3684 954 3737 alite
979 3693 1105 3738 sunt
1134 3684 1235 3738 via:
1266 3684 1465 3754 quibus
1498 3683 1566 3739 ad
1608 3700 1709 3739 nos
1751 3701 1848 3741 ve-

254 3776 327 3831 nit
352 3818 366 3841 ,
392 3785 490 3832 aut
516 3776 640 3832 alia
681 3775 877 3846 quibus
920 3790 1019 3831 nos
1059 3776 1124 3831 ad
1167 3790 1226 3831 se
1273 3776 1543 3845 provehit.
1592 3776 1851 3844 Quoniam

257 3867 601 3941 magniﬁcasti
630 3876 655 3903 ⁸
685 3882 842 3937 super
879 3883 971 3921 nos
1014 3883 1198 3922 nomen
1247 3877 1480 3921 sanctum
1524 3877 1691 3922 tuum.
1740 3869 1850 3923 Ma-

255 3962 535 4035 gniﬁcavit
584 3961 847 4018 Dominus
894 3978 1058 4035 super
1105 3978 1295 4018 omnes
1346 3978 1547 4017 nomen
1601 3972 1847 4019 sanctum

258 4070 415 4111 suum
436 4095 453 4124 ,
486 4068 651 4126 super
695 4054 969 4110 Abraham
992 4096 1006 4121 ,
1052 4064 1107 4110 et
1152 4054 1304 4111 Isaac
1326 4095 1341 4123 ,
1370 4063 1425 4111 et
1451 4054 1618 4112 Jacob
1640 4100 1654 4124 ,
1690 4072 1853 4126 super

261 4146 550 4203 duodecim
586 4145 757 4201 tribus
787 4144 993 4213 Israel,
1024 4161 1159 4217 quas
1188 4158 1371 4202 erutas
1401 4147 1470 4203 de
1507 4148 1643 4219 jugo
1673 4150 1851 4204 servi-

260 4240 394 4295 tutis
421 4236 725 4294 introduxit
766 4239 819 4294 in
863 4249 1064 4295 terram
1112 4240 1535 4309 promissionis;
1585 4251 1640 4297 et
1688 4257 1853 4313 super

259 4333 544 4389 universas
591 4332 871 4398 nationes,
921 4332 990 4390 de
1041 4334 1234 4405 quibus
1283 4343 1559 4406 tamquam
1605 4336 1673 4392 de
1720 4338 1856 4407 lapi-

260 4426 415 4482 dibus
442 4427 671 4482 suscitat
699 4426 945 4497 quotidie
974 4426 1119 4482 ﬁlios
1146 4428 1377 4483 Abraha:
1409 4427 1623 4499 (Matth.
1652 4446 1743 4497 ιιι,
1772 4428 1852 4500 9),

264 4517 327 4573 Ut
356 4521 411 4573 in
440 4518 649 4573 nomine
680 4517 886 4572 Domini
912 4516 1037 4573 Iesu
1069 4535 1215 4573 omne
1242 4537 1373 4591 genu
1411 4523 1674 4592 ﬂectatur,
1706 4521 1853 4577 caele-

1952 3327 2062 3366 non
2106 3312 2411 3379 inhaesero,
2463 3313 2757 3369 viviﬁcabis
2803 3330 2927 3383 me,
2982 3326 3037 3371 et
3081 3319 3190 3373 cito
3234 3322 3536 3376 exaudies:

1952 3405 2077 3475 quia
2107 3405 2510 3461 tribulationem
2544 3407 2676 3461 mihi
2715 3407 2946 3463 aﬁ'erent
2984 3412 3304 3479 temporalia
3326 3455 3339 3478 ,
3382 3430 3539 3484 quem

1954 3512 2079 3567 spes
2107 3498 2301 3554 invitat
2330 3509 2557 3554 aeterna.
2592 3500 2763 3569 Super
2792 3500 2923 3553 iram
2952 3502 3275 3555 inimicorum
3313 3521 3541 3561 meorum

1952 3590 2223 3645 extendiin
2263 3606 2471 3644 manum
2510 3601 2684 3659 luant,
2725 3600 2773 3645 et
2811 3594 3007 3645 salvum
3046 3609 3123 3647 me
3172 3594 3295 3665 fecit
3334 3598 3540 3651 dextera

1954 3691 2063 3737 tua.
2091 3682 2385 3750 Protectio,
2410 3682 2605 3753 inquit,
2632 3682 2834 3737 brachii
2863 3684 2936 3738 tui
2967 3682 3208 3740 defendit
3235 3702 3321 3741 me
3346 3688 3415 3741 ab
3436 3690 3540 3744 ini-

1955 3772 2110 3829 micis
2140 3775 2275 3829 meis
2295 3815 2308 3841 ,
2338 3784 2394 3829 et
2425 3784 2481 3828 ut
2509 3774 2926 3830 adversitatibus
2958 3791 3065 3830 non
3108 3777 3374 3849 vincerer,
3417 3782 3543 3843 kcit

1954 3865 2174 3922 dextera
2207 3877 2331 3933 tua,
2364 3882 2483 3935 quae.
2514 3882 2602 3922 me
2629 3882 2659 3921 a
2690 3866 2925 3923 sinistris
2955 3870 3207 3926 omnibus
3237 3871 3503 3931 liberavit.

2025 3959 2206 4030 (Vers.
2238 3958 2320 4028 8.)
2354 3958 2571 4014 Domine
2591 4000 2605 4027 ,
2635 3959 2854 4015 retribue
2882 3977 2975 4033 pro
3004 3978 3103 4016 me.
3140 3963 3251 4033 Ego
3278 4005 3291 4029 ,
3324 3964 3499 4037 inquit
3527 4010 3541 4034 ,

1954 4052 2170 4109 debitor
2192 4066 2310 4107 sum
2330 4092 2346 4118 ,
2372 4062 2424 4108 et
2455 4063 2477 4093 ε
2506 4052 2817 4109 conditione
2844 4054 3043 4125 proprii
3071 4055 3239 4111 debiti
3268 4057 3405 4115 liber
3426 4075 3545 4117 esse

1957 4163 2064 4202 non
2094 4160 2313 4217 possum
2343 4146 2397 4217 (Ι
2424 4146 2545 4201 Cor.
2574 4161 2682 4215 vn,
2705 4146 2845 4218 2i);
2879 4156 2934 4203 tu
2957 4190 2971 4215 ,
3016 4148 3246 4206 Domine
3271 4191 3285 4215 ,
3334 4167 3431 4222 pro
3459 4172 3545 4209 me

1956 4240 2255 4308 retribues,
2289 4239 2379 4310 qui
2425 4239 2555 4294 nihil
2599 4238 2805 4305 debes;
2858 4250 2913 4296 et
2959 4241 3051 4311 qui
3096 4251 3364 4311 mortem,
3414 4244 3542 4299 dum

1956 4334 2188 4390 moreris
2209 4378 2224 4403 ,
2256 4334 2461 4389 occidis
2486 4376 2501 4399 ,
2534 4333 2753 4389 solvens
2790 4350 2911 4389 mea
2934 4376 2949 4400 ,
2982 4348 3039 4389 nt
3070 4349 3266 4405 sequar
3298 4349 3407 4393 tua.
3440 4338 3549 4396 Do-

1956 4431 2125 4496 mine,
2166 4428 2519 4483 misericordia
2556 4438 2642 4481 tua
2668 4428 2721 4481 in
2764 4438 3051 4483 attentum:
3099 4447 3255 4501 opera
3298 4446 3545 4488 manuum

1959 4531 2165 4575 tuarum
2210 4537 2273 4575 ne
2312 4517 2586 4590 despicias.
2629 4518 2822 4586 Illam,
2866 4520 3073 4591 inquit,
3118 4523 3548 4581 misericordiam

260 4611 448 4677 stium,
498 4612 848 4676 terrestrium,
890 4619 939 4663 et
982 4610 1338 4680 infernarum,
1380 4621 1424 4666 et
1468 4614 1633 4668 omnis
1673 4612 1857 4687 lingua
1882 4603 1939 4664 D
1966 4627 2187 4683 quazro,
2221 4626 2323 4682 qua
2356 4610 2741 4679 temporalibus
2780 4612 2958 4679 eruis,
3000 4621 3055 4668 et
3084 4612 3151 4668 ad
3182 4624 3387 4670 eterna
3419 4631 3544 4685 per-

261 4703 591 4772 eonﬁteatur,
619 4702 743 4771 quia
772 4700 1023 4761 Dominus
1049 4700 1201 4757 Jesus
1228 4702 1461 4759 Christus
1490 4705 1543 4759 in
1583 4706 1752 4778 gloria
1782 4719 1858 4762 est

260 4794 355 4851 Dei
384 4794 564 4850 Patris
595 4792 821 4867 (Philip.
848 4796 1007 4861 [1,10
1029 4805 1077 4849 et
1101 4795 1212 4868 Η).

328 4888 510 4960 (Vera.
537 4886 620 4961 '6.)
650 4886 718 4942 In
743 4904 1063 4959 quocumque
1089 4888 1173 4943 die
1200 4890 1494 4945 invocavero
1518 4900 1595 4957 te,
1623 4893 1860 4947 velociter

262 4981 448 5037 exaudi
473 4998 573 5036 me.
599 4982 778 5047 Quare
806 4981 1102 5037 velociter?
1122 4980 1255 5049 Quia
1287 4984 1403 5052 ipse
1428 4981 1645 5051 dixisti,
1676 4984 1859 5040 Adhuc

261 5076 499 5146 loquente
530 5084 597 5142 te,
631 5074 824 5141 dicam,
856 5073 990 5131 Ecce
1016 5075 1204 5129 adsum
1232 5072 1385 5148 (Isai.
1411 5090 1557 5143 Lvm,
1584 5073 1858 5147 9).Quare

260 5170 567 5226 velociter?
593 5167 731 5237 Quia
766 5183 872 5225 non
902 5169 959 5225 in
989 5169 1205 5226 diversa
1236 5170 1419 5237 tendo,
1453 5184 1554 5226 nec
1581 5170 1857 5241 superﬂua

260 5265 634 5336 concupisco;
667 5263 762 5320 sed
792 5263 943 5335 quod
967 5262 1200 5319 docuisti
1233 5263 1378 5332 peti,
1412 5262 1516 5319 hoc
1558 5263 1689 5318 mihi
1733 5279 1862 5319 con-

262 5360 486 5428 cupisco
515 5358 780 5428 pmstari.
814 5356 1192 5429 Multiplicabis
1219 5374 1298 5413 me
1324 5358 1380 5411 in
1408 5358 1584 5412 anima
1619 5374 1732 5412 mea
1753 5399 1766 5423 ,
1809 5359 1864 5413 in

260 5451 447 5507 virtute
496 5449 679 5506 multa.
723 5449 889 5523 498
937 5450 1270 5521 Expressum
1326 5459 1513 5507 votum
1566 5450 1862 5508 secundum

341 5626 367 5653 ει
396 5616 597 5680 Forte,
628 5630 783 5687 super
807 5630 978 5669 omnes
993 5654 1021 5687 ,7
1043 5623 1103 5669 ut
1131 5614 1426 5687 resumitur
1453 5610 1854 5687 in__ex_plicatio-

268 5703 368 5753 ne,
401 5696 493 5744 aut
518 5703 670 5759 super
686 5683 872 5759 omne,
927 5696 986 5759 ut
1012 5686 1065 5740 in
1095 5685 1394 5759 Augustino
1421 5692 1475 5739 et
1503 5683 1729 5752 Vulgata
1760 5698 1857 5738 uo-

263 5772 384 5818 stra
412 5779 423 5813 :
456 5756 592 5813 licet
610 5757 741 5813 editi
772 5757 941 5811 nostri
968 5772 1160 5811 omnes
1192 5756 1457 5820 habeant,
1487 5770 1653 5825 super,
1679 5769 1794 5809 nos.

339 5830 370 5872 δ
408 5829 564 5905 Apud
606 5828 963 5898 Augustinum
1001 5828 1120 5896 hic,
1150 5829 1206 5885 in
1240 5829 1460 5899 virtute,
1502 5824 1561 5883 ut
1587 5824 1751 5884 etiam
1782 5840 1875 5883 su-

555 5924 840 5987 Ps'raon.
884 5920 991 5984 LI.

1965 4704 2138 4771 ducis,
2170 4704 2416 4759 Domine.
2448 4702 2618 4774 Opera
2646 4718 2890 4758 manuum
2922 4714 3126 4761 tuarum
3157 4721 3219 4759 ne
3251 4706 3507 4777 despicias
3531 4724 3551 4763 :

1965 4798 2100 4866 Quia
2144 4797 2259 4851 sive
2304 4796 2356 4850 in
2401 4810 2467 4850 eo
2512 4795 2658 4865 quod
2703 4794 2953 4852 homines
2996 4812 3219 4861 sumus,
3251 4798 3365 4851 sive
3397 4799 3452 4852 in
3483 4814 3549 4853 eo

1968 4890 2111 4961 quod
2139 4904 2205 4945 ex
2231 4897 2415 4944 nostra
2444 4888 2722 4958 impietate
2748 4890 2937 4944 mutati
2962 4897 3015 4944 et
3036 4888 3315 4958 justiﬁcati
3340 4903 3550 4952 sumus,

1971 4994 2182 5038 tuarum
2215 4996 2470 5037 manuum
2501 4990 2627 5036 sunt
2658 4995 2819 5051 opera
2841 5022 2855 5046 ,
2889 4980 3085 5051 quibus
3115 4994 3213 5035 nos
3256 4988 3313 5035 et
3359 4980 3551 5036 condis

1970 5085 2024 5133 ει
2053 5091 2303 5134 renovas.

2322 5169 2489 5243 (.99
2515 5166 2831 5224 vsswus
2859 5162 3184 5219 cxxxvnt.

2040 5266 2223 5337 (Vere.
2256 5265 2308 5328 I,
2336 5264 2419 5333 2.)
2453 5261 2671 5316 Domine
2693 5301 2708 5328 ,
2754 5258 2982 5329 probasti
3020 5272 3134 5318 me,
3185 5266 3233 5308 et
3278 5257 3555 5326 cognovisti

1975 5376 2071 5412 me.
2105 5357 2183 5413 Tu
2210 5355 2490 5429 cognovisti
2521 5354 2796 5409 sessionem
2824 5364 2986 5403 meam
3007 5388 3022 5415 ,
3053 5357 3102 5401 et
3132 5349 3555 5403 resurrectionem

1972 5468 2160 5507 meam.
2190 5450 2250 5506 In
2276 5447 2560 5521 prophetia
2586 5443 2783 5516 psalmi
2812 5440 2975 5498 verba
3001 5448 3128 5496 sunt
3152 5439 3320 5512 ipsius
3345 5440 3555 5496 Domini

1963 5627 2059 5683 pra
2092 5612 2144 5684 in
2175 5620 2330 5664 textu
2358 5619 2566 5684 versus.
2878 5679 2915 5684 Δγ
3269 5682 3278 5684 _

2046 5695 2069 5721 ο
2104 5682 2294 5747 Forte,
2326 5676 2685 5739 condictione;
2713 5668 2847 5728 editi
2874 5679 3057 5727 tamen
3101 5682 3289 5726 omnes
3316 5707 3332 5733 ,
3376 5666 3527 5719 condi
3540 5695 3557 5707 -

1973 5756 2127 5813 tione.

3077 5900 3149 5961 13
