4028 6352
562 297 669 358 ωε

562 412 693 470 Jesu
724 407 956 474 Christi,
989 404 1102 476 qui,
1130 400 1375 474 quamvis
1404 393 1978 467 secundumideitatem
2022 408 2153 449 con-
2179 398 2232 459 Α

560 503 758 561 formis
787 509 843 558 et
870 498 1092 569 aequalis
1116 496 1187 549 sit
1213 492 1360 550 Patri
1391 489 1568 562 (Joan.
1594 504 1658 555 ι,
1688 487 1794 559 50)
1817 531 1832 555 ,
1865 497 2043 543 tamen
2074 502 2159 544 se-

563 596 799 651 cundum
829 591 970 659 quod
1000 588 1237 643 Verbum
1267 599 1394 640 caro
1423 582 1624 637 factum
1652 592 1736 637 est
1767 576 1943 651 (Joan.
1970 595 2018 645 ι,
2046 579 2154 649 is),

562 703 616 747 et
651 690 895 743 habitum
925 686 1115 740 forma:
1144 681 1355 737 servilis
1381 682 1624 747 accepit,
1660 677 1806 730 dicet
1840 673 2014 738 Patri,
2050 673 2159 726 Da-

561 783 697 836 mine
724 797 743 848 ;
775 779 869 849 qui
898 779 949 833 el
976 785 1034 833 et
1062 777 1220 831 Pater
1251 782 1305 827 et
1336 771 1599 825 Dominus
1629 778 1747 823 est:
1781 767 1940 822 Pater
1971 766 2155 819 formae

562 874 695 939 Dei,
731 873 993 927 Dominus
1022 870 1211 923 forma:
1249 864 1415 918 servi.
1466 861 1705 915 Probasti
1729 902 1744 925 ,
1787 868 1834 914 et
1880 859 2158 932 cognovisti

560 981 686 1028 me;
718 979 825 1019 non
855 962 980 1033 quia
1014 976 1122 1015 non
1151 965 1411 1020 noverat,
1441 953 1534 1009 sed
1564 953 1687 1023 quia
1721 962 1906 1017 notum
1932 951 2054 1004 aliis
2082 950 2162 1004 fe-

561 1069 731 1116 cerat.
762 1058 967 1115 Sedere
997 1064 1175 1109 autem
1206 1061 1287 1107 est
1332 1049 1640 1111 humiliari;
1690 1060 1915 1113 surgere
1937 1085 1953 1113 ,
2004 1042 2155 1098 exal-

561 1155 662 1212 tari
691 1171 703 1208 :
740 1152 883 1207 unde
912 1150 1055 1206 sedit
1089 1146 1348 1201 Dominus
1376 1144 1427 1197 in
1460 1140 1711 1211 passione
1731 1177 1749 1206 ,
1781 1136 2076 1192 resurrexit
2103 1135 2155 1189 in

560 1247 981 1305 resurrectione.
1015 1242 1169 1310 Quod
1192 1283 1206 1307 ,
1239 1236 1447 1307 inquit,
1491 1243 1547 1289 tu
1592 1230 1845 1295 voluisti,
1892 1229 2115 1283 Domine
2138 1268 2154 1295 ,

563 1340 915 1414 Ipprobasti;
948 1348 1001 1392 et
1034 1336 1156 1390 ideo
1201 1332 1405 1388 factum
1449 1336 1570 1393 est,
1617 1325 1740 1396 quia
1786 1324 1863 1377 sic
1904 1320 1999 1376 tibi
2043 1321 2155 1391 pla-

559 1437 696 1491 cuit.
727 1434 828 1499 Qui
860 1438 1041 1484 autem
1075 1440 1263 1480 vocem
1295 1423 1487 1492 capitis
1527 1435 1592 1485 ex
1641 1431 1869 1487 persona
1910 1415 2157 1485 corporis

561 1526 768 1584 mavult
811 1524 1095 1592 accipere,
1140 1516 1542 1572 confessionem
1589 1509 1863 1577 intelligat
1893 1507 2155 1577 pteuiten-

563 1620 696 1675 tium
719 1661 733 1685 ,
769 1617 862 1687 qui
892 1613 1086 1669 sedent
1114 1626 1209 1681 per
1256 1605 1610 1662 humilitatem
1657 1599 2013 1671 pcenitudinis
2035 1639 2052 1667 ,
2102 1607 2157 1654 et

561 1722 787 1783 surgunt
817 1726 909 1779 per
934 1705 1372 1777 justiticationem
1403 1698 1761 1754 remissionis.

1799 282 1857 339 S.
1900 279 2239 339 PROSPERI
2274 277 2608 348 AQUITANI
3734 278 3821 337 395

2331 394 2515 463 (Vers.
2540 391 2620 464 8.)
2650 392 2711 449 Si
2737 392 3013 449 escendero
3040 393 3093 448 in
3118 392 3333 461 coitum,
3358 402 3413 457 tu
3436 394 3545 450 illic
3567 410 3620 452 ss
3642 412 3661 463 ς
3685 397 3727 452 si
3747 400 3825 454 de-

2260 487 2504 553 scendero
2534 486 2601 539 ad
2632 486 2926 555 infernum,
2969 485 3113 541 ades.
3162 485 3222 542 Si
3268 485 3336 541 ad
3376 487 3576 547 οωιυω
3620 491 3824 547 extollar

2260 580 2470 647 elatus,
2501 586 2556 635 te
2584 578 2799 634 invenio
2828 578 3210 646 resistentem;
3240 580 3288 634 si
3318 595 3382 636 ea
3420 596 3542 649 qua)
3582 581 3715 637 intra
3751 599 3825 640 me

2260 682 2383 727 sunt
2411 672 2603 742 eligam
2625 714 2640 740 ,
2670 680 2724 728 te
2753 672 3005 743 experiar
3046 680 3456 743 persequentem
3485 690 3497 725 :
3540 672 3671 741 quia
3705 674 3828 730 sicut

2259 766 2458 823 malum
2490 765 2620 821 mihi
2650 774 2733 822 est
2764 766 3189 837 praesumptione
3217 766 3387 837 erigi,
3418 766 3491 821 ita
3534 768 3731 823 malum
3757 779 3829 824 est

2259 859 2637 930 deSperatione
2664 859 2927 930 demergi.

2329 951 2508 1019 (Vers.
2536 950 2619 1025 9.)
2654 951 2713 1008 Si
2739 967 3005 1024 sumpsero
3028 967 3221 1021 pennas
3247 966 3384 1005 meas
3408 952 3461 1005 in
3487 951 3729 1004 directum
3746 990 3762 1019 ,
3789 958 3831 1005 et

2258 1044 2547 1119 ttabitavero
2576 1046 2628 1098 in
2658 1046 2927 1117 postremis
2957 1046 3137 1100 maris.
3168 1044 3289 1101 lam
3320 1045 3461 1100 bono
3488 1045 3714 1101 consilio
3740 1044 3830 1099 uti-

2259 1145 2346 1191 tur
2374 1138 2467 1207 qui
2498 1152 2704 1207 pennas
2731 1152 2889 1205 suas,
2922 1138 3152 1208 geminae
3181 1137 3391 1193 scilicet
3430 1136 3680 1207 prasidia
3721 1136 3832 1192 cha-

2258 1230 2467 1297 ritatis,
2498 1229 2693 1299 quibus
2738 1230 2791 1284 in
2832 1229 3097 1285 directum
3139 1230 3318 1297 volet,
3363 1229 3657 1284 meditatur
3697 1242 3829 1283 assu-

2258 1337 2434 1390 mere,
2466 1332 2521 1378 et
2548 1322 2600 1378 in
2632 1318 2833 1378 ultimis
2864 1325 3059 1391 maris,
3091 1324 3142 1379 id
3172 1332 3287 1390 est,
3317 1323 3372 1377 in
3403 1323 3511 1380 [ine
3538 1324 3720 1379 saeculi
3747 1323 3833 1378 liu-

2251 1416 2341 1488 jus
2384 1416 2667 1475 habitare:
2715 1427 2776 1472 ut
2819 1427 2930 1473 tota
2961 1418 3191 1473 intentio
3232 1418 3397 1473 animi
3438 1427 3494 1474 et
3536 1418 3835 1487 temporalis

2259 1508 2382 1564 vita:
2414 1509 2763 1564 conclusione
2792 1511 3054 1577 sollicita,
3087 1525 3192 1565 non
3231 1510 3343 1580 jam
3376 1513 3527 1565 vanis
3557 1521 3835 1580 occupetur

2259 1603 2673 1673 cupiditatibus,
2704 1604 2801 1659 sed
2847 1604 2913 1658 ad
2960 1603 3354 1673 promissiones
3398 1603 3495 1658 Dei
3520 1602 3589 1658 de
3619 1602 3723 1658 hoc
3750 1618 3836 1657 stc-

2258 1698 2381 1753 culo
2430 1699 2605 1753 valeat
2653 1699 2889 1753 evolare.
2922 1698 3119 1753 Verum
3173 1697 3273 1752 hoc
3303 1698 3481 1767 ipsum
3528 1697 3649 1768 quis
3694 1695 3837 1751 efﬁcit

634 1806 814 1877 (Vers.
841 1804 893 1865 5,
916 1798 996 1869 4.)
1026 1794 1334 1851 Intellexisti
1359 1790 1697 1862 cogitationes
1722 1804 1858 1841 meas
1888 1787 1951 1840 de
1978 1786 2151 1853 longe;
2185 1789 2230 1848 B
2258 1791 2371 1847 suis
2404 1784 2604 1846 viribus
2626 1830 2640 1854 ,
2670 1790 2775 1845 nisi
2825 1789 3047 1859 adjuvet
3097 1788 3189 1845 me
3235 1793 3326 1860 qui
3376 1788 3578 1860 jubet?
3627 1788 3836 1860 Ρτοριει·

562 1898 794 1953 semitam
822 1908 987 1947 meam
1014 1898 1062 1943 et
1088 1888 1299 1942 limitem
1323 1900 1491 1938 meum
1520 1880 1857 1950 investigasti.
1888 1878 1953 1932 Et
1977 1891 2149 1931 omnes

562 1994 670 2048 vias
701 2006 835 2044 meas
863 1984 1161 2059 pravidisti.
1212 1987 1586 2050 Agnoscamus
1636 1976 1725 2031 hic
1768 1989 1959 2029 vocem
2004 1972 2153 2026 illius

560 2085 659 2139 filii
693 2081 918 2136 minoris
948 2077 1076 2146 qui,
1105 2074 1363 2143 dissipata
1391 2068 1689 2127 substantia
1720 2067 1890 2137 patris
1910 2106 1925 2132 ,
1959 2065 2010 2119 in
2037 2064 2155 2118 lon-

559 2179 754 2248 ginqua
777 2174 1134 2231 discesserat,
1162 2179 1216 2223 et
1244 2181 1528 2236 personam
1552 2178 1745 2233 gerens
1769 2162 2010 2231 gentium
2033 2173 2154 2228 quas

562 2270 899 2324 deduxerant
930 2266 982 2317 in
1030 2262 1303 2316 idolorum
1348 2257 1651 2319 culturam,
1702 2253 1919 2307 tandem
1964 2251 2154 2321 resipi-

559 2372 718 2418 Iccns
748 2361 858 2427 ait,
891 2358 1117 2426 Surgam
1138 2399 1151 2422 ,
1181 2364 1226 2407 et
1250 2352 1334 2405 ibo
1360 2354 1426 2403 ad
1454 2359 1653 2420 patrem
1681 2364 1842 2402 meum
1876 2345 2027 2417 (Luc.
2056 2360 2152 2411 xv,

561 2454 654 2525 ll)
680 2471 693 2511 :
729 2464 777 2507 et
807 2452 893 2505 cui
924 2449 1218 2504 revertenti
1249 2442 1488 2500 occurrit
1532 2452 1685 2512 pater
1714 2441 1837 2511 quia
1873 2438 2154 2493 intellexe-

560 2559 649 2606 rat
675 2547 1028 2618 cogitationes
1055 2541 1173 2611 ejus
1203 2540 1271 2595 de
1303 2538 1618 2607 longinquo.
1672 2533 1922 2590 Semitam
1966 2531 2150 2599 igitur,

559 2644 737 2712 inquit
764 2684 777 2707 ,
807 2654 1004 2701 meam,
1037 2650 1140 2705 qua
1170 2632 1433 2697 discessi,
1465 2638 1511 2684 et
1552 2628 1762 2683 limitem
1803 2641 2003 2692 meum,
2046 2637 2155 2693 quo

560 2752 731 2808 usque
779 2732 1040 2803 perveni,
1094 2726 1404 2796 investigasti
1435 2740 1454 2779 :
1502 2724 1625 2793 quia
1676 2721 2013 2775 desertorem
2065 2726 2155 2771 tua

561 2827 849 2901 praesentia
880 2824 1075 2893 ubique
1107 2817 1513 2875 concludebas:
1550 2815 1672 2870 ideo
1715 2816 1899 2866 sinetis
1942 2827 2029 2866 me
2080 2811 2159 2864 Ia-

562 2922 760 2977 borare
788 2920 897 2971 vias
927 2930 1093 2979 meas,
1125 2922 1188 2966 ut
1217 2912 1261 2964 si
1291 2916 1552 2979 perpetuo
1582 2906 1747 2961 miser
1774 2920 1894 2960 esse
1921 2904 2153 2967 nollem,

564 3015 805 3070 redirem
837 3010 898 3064 ad
930 3010 1046 3063 vias
1078 3015 1217 3059 tuas.
1254 3002 1514 3066 Quoniam
1542 3017 1645 3053 non
1675 3008 1749 3051 est
1777 2998 1928 3050 dolus
1958 2998 2013 3049 in
2056 2996 2158 3049 lin-

566 3122 671 3176 gua
696 3119 829 3156 mea.
858 3100 1155 3161 Confiteor,
1186 3095 1397 3163 inquit,
1436 3091 1578 3162 quod
1612 3089 1740 3143 mihi
1784 3088 2089 3143 discedenti
2126 3102 2155 3139 a

2255 1885 2395 1955 quod
2425 1885 2689 1961 sequitur,
2724 1894 2777 1937 et
2806 1883 2936 1937 dicit
2964 1902 2976 1937 :

2330 1976 2512 2047 (Vcrs.
2546 1975 2660 2047 l0.)
2695 1974 2900 2030 Etenim
2929 1976 3053 2030 illuc
3085 1991 3266 2047 manus
3299 1983 3385 2028 tua
3425 1973 3638 2027 deducet
3671 1989 3772 2035 me,
3799 1982 3837 2026 et

2255 2069 2475 2123 adducet
2503 2086 2578 2121 me
2600 2069 2803 2122 dextera
2827 2068 3312 2141 tua.Considerans
3337 2076 3516 2121 autem
3548 2064 3839 2136 longinqui-

2256 2168 2421 2216 tatem
2451 2160 2581 2223 viaa,
2615 2169 2669 2215 et
2695 2159 2763 2213 de
2796 2159 2998 2213 laboris
3027 2161 3173 2215 exitu
3207 2159 3432 2227 timens,
3462 2156 3613 2211 addit
3645 2175 3660 2211 :

2333 2253 2511 2323 (Vers.
2544 2249 2631 2317 11,
2665 2249 2778 2319 12.)
2824 2246 2891 2305 Et
2938 2251 3082 2317 dixi,
3118 2247 3364 2305 Fortasse
3395 2250 3614 2303 tenebrat
3641 2264 3837 2304 concut-

2257 2343 2441 2399 cabunt
2473 2357 2591 2396 me:
2622 2342 2722 2396 hoc
2753 2350 2868 2409 est,
2900 2340 3125 2415 forsitan
3159 2340 3460 2411 superabor
3488 2340 3763 2401 adversis,
3790 2348 3837 2392 et

2257 2437 2428 2507 magis
2473 2435 2751 2505 magisque
2780 2433 3127 2507 tenebrabor,
3160 2434 3206 2488 si
3235 2432 3667 2502 perseverantia:
3699 2431 3838 2485 tinent

2258 2546 2365 2586 non
2394 2527 2827 2600 appreliendero.
2854 2525 2920 2579 Et
2948 2543 3049 2579 nox
3076 2525 3389 2579 illuminatio
3412 2524 3463 2578 in
3486 2524 3696 2578 deliciis
3716 2523 3841 2575 meis.

2263 2622 2517 2691 Quoniam
2548 2619 2766 2675 tcitebra:
2791 2636 2892 2672 non
2921 2618 3327 2671 obscurabuntur
3355 2633 3385 2669 a
3415 2625 3491 2682 te,
3524 2623 3571 2668 et
3599 2630 3706 2669 nos
3732 2615 3843 2667 sicut

2261 2715 2368 2767 dies
2409 2712 2785 2767 illuminabitur
2814 2727 2832 2765 .‘
2864 2711 2992 2766 sicut
3033 2709 3253 2764 tenebrat
3293 2710 3440 2778 ejus,
3485 2708 3558 2761 ita
3598 2717 3650 2761 et
3696 2707 3843 2759 lumen

2261 2810 2392 2879 ejus.
2418 2806 2684 2876 Tempus,
2717 2804 2923 2875 inquit,
2953 2803 3153 2858 laboris
3180 2802 3285 2856 mei
3315 2809 3526 2871 tempus
3549 2810 3634 2856 est
3665 2799 3841 2864 noctis,

2262 2918 2421 2973 quam
2454 2912 2632 2956 tamen
2653 2900 2844 2971 gratia:
2882 2905 2987 2951 tua:
3014 2894 3270 2965 splendor
3293 2894 3585 2949 illuminat.
3622 2891 3842 2948 Verbum

2264 2995 2407 3050 enim
2437 3003 2585 3048 tuum
2619 2994 2841 3046 lucerna
2870 2988 3068 3044 factum
3099 2998 3181 3043 est
3207 2987 3487 3059 gressibus
3506 2986 3659 3039 meis
3689 2981 3842 3055 (Psal.

2265 3101 2471 3150 cxvm,
2505 3084 2665 3154 105),
2702 3092 2760 3137 ut
2786 3097 2905 3152 quae
2936 3080 3067 3136 milii
3097 3088 3254 3135 erant
3285 3077 3519 3134 tenebrae
3551 3077 3844 3144 inciperent

568 3210 624 3255 te
652 3194 859 3253 conteri
891 3191 1123 3247 miseriis
1151 3188 1285 3242 utile
1316 3186 1413 3240 fuit
1440 3204 1453 3238 :
1485 3199 1608 3238 nam
1642 3184 1685 3238 si
1718 3184 1855 3237 bene
1900 3180 2030 3235 mihi
2069 3194 2157 3235 es-
2188 3174 2234 3237 C
2264 3195 2385 3235 esse
2415 3179 2624 3233 delicia:
2653 3196 2665 3230 :
2697 3178 2822 3249 quia
2852 3176 3087 3232 tenebrae
3112 3190 3231 3245 quae
3258 3188 3287 3226 a
3318 3172 3632 3241 semetipsis
3672 3169 3847 3224 obscu-

569 3301 656 3348 set
684 3290 800 3346 sine
831 3296 904 3353 te,
937 3284 1137 3339 nollem
1173 3280 1395 3336 forsitan
1429 3277 1607 3332 redire
1638 3275 1706 3329 ad
1741 3284 1814 3329 te.

582 3443 587 3450 ,
643 3386 824 3457 (Vera.
856 3382 936 3450 5.)
972 3379 1124 3442 Ecce,
1157 3374 1393 3439 Domine,
1426 3382 1479 3425 tu
1512 3369 1795 3441 cognovisti
1818 3369 2029 3435 omnia,
2060 3382 2161 3421 na-

569 3480 777 3534 eissima
805 3483 854 3528 et
880 3472 1113 3541 antiqua.
1148 3467 1442 3536 Antiquom
1478 3471 1754 3533 peccatum
1778 3500 1796 3529 ,
1827 3475 1938 3531 quo
1970 3460 2025 3514 in
2056 3460 2163 3529 pri-

568 3573 674 3627 mis
702 3565 1011 3638 parentibus
1039 3561 1277 3624 ruimus,
1321 3556 1672 3611 novissimam
1710 3569 1961 3625 pinnam,
1999 3567 2160 3622 quam

568 3679 758 3721 omnes
789 3675 885 3731 per
912 3658 1116 3712 multos
1158 3654 1406 3718 labores,
1450 3651 1725 3706 communi
1757 3658 1782 3687 ⁸
1817 3648 2163 3704 mortalitatis

568 3755 907 3818 conditione,
937 3747 1312 3819 dependimus.
1349 3743 1427 3798 Tu
1458 3744 1652 3813 tinxisti
1695 3758 1807 3808 me,
1854 3751 1903 3796 et
1946 3740 2165 3810 posuisti

570 3865 724 3920 super
751 3863 829 3899 nte
857 3858 1065 3897 manuni
1096 3850 1251 3894 luam.
1275 3838 1476 3892 Omnes
1504 3837 1555 3889 in
1583 3835 1752 3889 uteris
1784 3842 2018 3888 matrum
2050 3834 2166 3888 Deo

568 3943 874 4011 plasmante
915 3937 1204 4005 tinguntur,
1257 3932 1360 3985 sub
1406 3946 1469 3984 ea
1518 3931 1638 3999 lege
1683 3944 1842 3998 quam
1892 3928 2162 3997 superbi-.1:

572 4032 765 4087 merito
790 4031 1082 4083 humanum
1099 4041 1267 4095 genus
1298 4026 1534 4077 sustinet
1558 4039 1572 4076 :
1600 4023 1943 4090 superposita
1965 4020 2163 4075 divinae

573 4121 825 4194 potent-im
851 4134 1032 4182 manu,
1058 4134 1176 4185 quae
1197 4126 1253 4170 ut
1276 4115 1505 4168 humiles
1526 4114 1720 4183 erigat,
1745 4114 1919 4168 elatos
1942 4116 2161 4182 premit.

644 4213 826 4286 (Vers.
850 4209 928 4279 6.)
958 4210 1235 4277 Miriﬁcata
1258 4217 1329 4261 est
1356 4207 1565 4260 scientia
1594 4216 1681 4259 tua
1701 4223 1765 4260 ea:
1790 4224 1865 4260 me
1886 4223 1903 4270 ;
1926 4206 2161 4271 invaluit,

573 4316 677 4361 rion
720 4313 893 4374 potero
930 4302 998 4354 ad
1040 4316 1171 4353 eam.
1215 4298 1377 4372 500
1416 4297 1561 4359 Mea,
1591 4299 1793 4366 inquit,
1827 4298 2075 4366 superbia
2106 4306 2163 4351 et

569 4397 904 4452 discessione
945 4394 1141 4447 factum
1183 4403 1265 4445 est
1304 4399 1362 4444 ut
1398 4390 1779 4444 obscuraretur
1820 4404 1915 4443 cor
1957 4403 2159 4452 meum,

572 4504 674 4545 nec
704 4495 921 4556 possent
952 4484 1082 4538 milii
1118 4493 1203 4537 tua
1234 4490 1417 4551 patere
1446 4481 1670 4551 judicia.
1696 4481 1829 4535 Dum
1855 4481 1996 4534 enim
2025 4495 2158 4535 mete

2268 3281 2479 3336 rantur,
2504 3287 2533 3326 a
2559 3283 2610 3327 te
2640 3272 2823 3327 lumen
2849 3271 3141 3340 accipiunt.
3168 3268 3270 3334 Qui
3300 3266 3421 3322 ideo
3447 3274 3676 3335 agentes
3696 3274 3846 3334 operr.

2266 3366 2615 3423 tenebrarum
2666 3364 2944 3435 ﬂagellas,
2996 3378 3064 3419 ne
3113 3360 3490 3431 temporalium
3538 3358 3844 3413 deliciarum

2266 3459 2631 3516 oblectatione
2661 3458 2885 3525 caecati,
2914 3456 3059 3510 bona
3086 3470 3195 3509 non
3224 3453 3603 3520 desideremus
3636 3462 3845 3505 aeterna.

2266 3552 2435 3607 Nocte
2465 3562 2641 3607 autent
2674 3550 2834 3605 nobis
2864 3549 3047 3604 lucere
3077 3547 3221 3602 soles
3242 3584 3258 3611 ,
3299 3555 3353 3600 et
3399 3555 3676 3614 tamquam
3722 3542 3846 3596 diem

2266 3646 2431 3712 facis,
2465 3660 2586 3700 cum
2617 3658 2714 3713 per
2742 3652 2955 3698 austera
2988 3640 3228 3697 remedia
3254 3638 3321 3693 ad
3350 3637 3515 3693 vitam
3543 3652 3650 3692 nos
3679 3649 3846 3699 vocas,

2268 3748 2329 3793 nt
2357 3738 2534 3793 dulcia
2563 3737 2672 3791 sint
2699 3736 2909 3807 ﬂagella
2943 3734 3141 3805 patris,
3172 3747 3238 3788 ne
3269 3732 3337 3785 sit
3365 3744 3551 3784 amara
3579 3728 3604 3767 δ
3643 3737 3847 3785 sentcn-

2268 3832 2341 3886 tia
2373 3831 2560 3900 patris.
2589 3830 2724 3896 Quia
2754 3843 2884 3897 ergo
2923 3836 2977 3882 et
3010 3826 3235 3881 adversa
3277 3823 3403 3878 vitae
3446 3821 3637 3891 istius,
3686 3831 3735 3876 et
3774 3833 3850 3874 se-

2268 3923 2443 3980 cunda
2468 3922 2624 3993 501
2656 3936 2761 3975 non
2784 3929 2969 3975 carent
2993 3917 3309 3980 tentatione,
3340 3930 3444 3985 qua
3467 3924 3555 3967 aut
3581 3914 3851 3968 elevamur

2270 4028 2359 4070 aut
2388 4017 2712 4086 premimur;
2744 4021 3033 4083 utrumque
3058 4013 3114 4064 tit
3136 4024 3263 4073 nox,
3288 4009 3331 4062 si
3356 4006 3495 4062 desit
3519 4006 3609 4059 illa
3641 4005 3728 4060 lux
3745 4016 3852 4074 qua:

2272 4124 2371 4164 nec
2398 4107 2679 4177 superbire
2707 4120 2804 4160 nos
2828 4106 2999 4167 sinat.
3032 4117 3131 4159 nec
3155 4102 3448 4169 desperare
3480 4092 3777 4167 permittat.

2345 4202 2519 4274 (Vers.
2556 4199 2668 4270 15.)
2701 4198 2958 4266 Quoniam
2987 4207 3041 4251 tu
3066 4194 3349 4269 ,possedisti
3376 4208 3519 4247 renes
3548 4209 3715 4257 meos,
3749 4189 3847 4242 Do-

2271 4295 2427 4348 mine.
2454 4294 2556 4357 Tu,
2582 4291 2775 4361 inquit,
2801 4288 3050 4348 Domine.
3081 4302 3186 4341 non
3214 4285 3387 4339 solum
3417 4299 3513 4339 cur
3538 4298 3749 4350 meum,
3768 4278 3852 4335 sed

2278 4396 2334 4441 et
2376 4399 2535 4439 renes
2574 4396 2724 4437 meos
2765 4378 3042 4449 possides;
3074 4385 3128 4431 et
3181 4387 3229 4430 te
3277 4376 3550 4428 habitante
3601 4370 3853 4428 interiora

2272 4493 2417 4545 mea,
2442 4475 2641 4530 factum
2664 4481 2744 4527 est
2766 4479 2824 4525 ut
2847 4486 2933 4526 me
2967 4468 3162 4537 aliquid
3205 4465 3340 4521 lucis
3368 4465 3672 4519 delectaret
3693 4463 3747 4517 in
3770 4476 3855 4516 no-

573 4552 857 4651 potestatis
885 4577 1134 4632 libertate
1162 4574 1419 4641 delector,
1451 4574 1625 4628 factus
1649 4587 1767 4627 sum
1798 4574 2045 4642 egentior
2076 4580 2154 4627 at-
2184 4552 2236 4611 D
2263 4580 2374 4625 cte.
2403 4568 2686 4638 Suscepisti
2717 4581 2795 4618 me
2836 4579 2899 4617 ea
2931 4571 3073 4616 utero
3114 4560 3291 4613 matris
3320 4574 3463 4611 mete.
3494 4557 3594 4622 Qui
3639 4556 3850 4611 Paulum

571 4682 677 4743 que
706 4670 961 4724 tenerior.
999 4666 1084 4722 Et:
1109 4684 1187 4721 me
1217 4668 1348 4721 milii
1378 4670 1479 4721 ista
1518 4666 1810 4722 difficultas
1839 4666 2115 4720 convaluit
2140 4685 2155 4733 ;

569 4780 634 4819 ea:
658 4781 737 4818 me
762 4771 911 4817 extra
941 4763 1121 4816 lumen
1146 4760 1387 4815 scientia:
1409 4768 1514 4815 tua;
1543 4760 1713 4814 factus
1740 4773 1859 4813 sum
1878 4799 1893 4825 ,
1923 4757 1989 4812 ad
2014 4759 2157 4829 quod

574 4856 679 4910 nisi
710 4869 776 4910 ex
808 4863 859 4908 te
889 4853 1067 4908 redire
1097 4867 1203 4906 non
1233 4862 1439 4923 potero.

641 4951 826 5021 (Vers.
851 4946 930 5017 7.)
962 4949 1074 5013 Quo
1096 4946 1177 5000 ibe
1204 4964 1235 5001 a
1258 4946 1459 5016 Spiritu
1487 4956 1596 5010 tuo,
1620 4955 1708 4999 aut
1733 4962 1834 5015 quo
1858 4961 1891 4998 a
1912 4945 2042 5015 facie
2069 4953 2158 4997 tua

570 5042 812 5114 fugiant?
861 5038 1168 5094 Discedenti
1215 5053 1245 5091 a
1298 5037 1501 5107 Spiritu
1542 5037 1637 5090 Dei
1677 5037 1856 5091 nullus
1885 5036 2160 5090 invenitur

566 5135 758 5200 locus,
803 5134 892 5204 qui
943 5131 1061 5202 ejus
1099 5132 1385 5200 praesentia
1424 5139 1478 5185 et
1513 5136 1782 5198 potestate
1825 5130 1895 5182 sit
1934 5143 2155 5184 vacuus.

565 5225 738 5280 Nemo
777 5226 910 5280 iram
947 5223 1070 5295 ejus
1103 5222 1264 5293 fugit,
1310 5222 1411 5276 nisi
1448 5221 1539 5292 qui
1577 5221 1642 5275 ad
1682 5221 1877 5276 iratum
1918 5222 2164 5293 confugit

568 5314 744 5384 (Sent.
770 5316 922 5387 255).

644 5506 669 5535 ι
699 5496 973 5553 Editiones
994 5498 1235 5566 Lugdun.
1267 5506 1321 5555 et
1348 5498 1572 5560 Lovan.,
1598 5498 2015 5553 immortalitatis.
2040 5499 2150 5555 Mea

566 5568 674 5625 lius
705 5568 868 5622 Duae.
901 5578 954 5621 et
977 5567 1188 5635 Colum,
1217 5570 1566 5622 mortalitatis.
1594 5571 1899 5635 Augustino
1928 5572 2150 5627 dicente

567 5638 688 5713 bis,
722 5638 925 5710 quando
956 5640 1006 5691 in
1033 5642 1183 5713 istam
1210 5641 1572 5695 mortalitatem
1604 5640 1914 5693 laboriosam
1944 5645 2149 5713 pericu-

565 5710 830 5781 losamque
858 5712 1193 5778 pervenimus.

637 5781 670 5823 δ
710 5784 1042 5857 Augustinus
1082 5781 1407 5852 scripserat,
1438 5784 1689 5838 sententia
1719 5782 1940 5854 judicia.
1992 5784 2153 5841 Unde

2266 4661 2574 4733 apostolum
2599 4655 3149 4729 segregavitabutero
3172 4651 3357 4706 matris
3379 4665 3491 4705 sua:
3514 4646 3667 4719 (Gal.
3693 4664 3730 4711 I,
3749 4646 3849 4715 15),

2268 4755 2386 4823 ipse
2413 4761 2465 4806 et
2499 4766 2597 4805 nos
2626 4751 2928 4818 segregavit
2958 4745 3025 4799 ab
3052 4755 3205 4800 utero
3229 4744 3415 4799 matris
3442 4751 3464 4778 ε
3487 4751 3693 4795 nostra:
3720 4736 3851 4791 illius

2268 4843 2599 4916 Babyloniae,
2636 4841 2775 4896 unde
2817 4840 2871 4895 in
2918 4852 3113 4894 novam
3154 4837 3319 4891 vitam
3361 4833 3698 4903 regenerati,
3724 4845 3854 4885 nova

2267 4952 2384 5007 spe,
2416 4937 2566 4991 novis
2616 4932 2840 4998 deliciis,
2882 4947 3021 4987 nova
3073 4930 3189 4984 luce
3236 4926 3556 4997 gaudemus.
3591 4923 3853 4992 Quoniam

2268 5046 2370 5085 nec
2400 5027 2626 5083 felicitas
2649 5026 2829 5083 saeculi
2854 5023 3010 5094 hujus
3034 5036 3131 5077 nos
3160 5021 3346 5075 beatos
3373 5017 3526 5081 facit,
3544 5032 3645 5070 nec
3670 5012 3860 5069 adver-
3906 5000 3911 5005 ’

2267 5126 2401 5180 sitas
2430 5124 2677 5185 miseros,
2707 5124 2749 5175 si
2782 5135 2907 5175 vera
2933 5120 3070 5173 bona
3103 5124 3157 5172 et
3182 5126 3432 5168 mansura
3467 5109 3784 5179 diligamus.

2342 5212 2520 5291 (Vers.
2551 5216 2665 5285 14.)
2696 5212 2983 5284 Conﬁtebor
3010 5211 3122 5277 tibi,
3153 5207 3395 5279 quoniam
3440 5199 3742 5257 terribiliter
3773 5200 3864 5251 mi-

2266 5316 2499 5384 riﬁcatus
2526 5328 2607 5377 es;
2629 5306 2885 5363 mirabilia
2916 5322 3067 5377 opera
3099 5314 3206 5372 tua,
3235 5312 3281 5357 et
3310 5299 3487 5355 anima
3526 5312 3641 5349 mea
3676 5309 3863 5365 cogno-

2262 5500 2581 5568 conjicimus
2610 5506 2855 5553 erratum
2884 5494 3022 5549 forte
3050 5488 3338 5568 irrepsisse
3373 5493 3427 5544 in
3453 5484 3679 5543 codices
3734 5476 3867 5538 Pro-

2263 5562 2548 5644 sperianos
2564 5569 2658 5624 ubi
2686 5569 2904 5637 legitur,
2921 5566 3187 5644 sententia
3202 5562 3385 5644 patris.

2341 5624 2361 5681 ἒ
2399 5624 2538 5696 Editi
2564 5624 2969 5703 entnesjmat'ris
2997 5649 3125 5691 sum.
3148 5624 3341 5688 Errore
3360 5624 3672 5703 manifesto,
3703 5638 3867 5695 quem

2259 5716 2387 5843 (alet;
2411 5711 2695 5781 Augustini
2737 5698 2978 5766 lectione
3024 5706 3350 5775 suffragante
3406 5698 3711 5758 emendare
3761 5710 3871 5755 sese

2304 5804 2337 5843 u
2378 5798 2577 5841 namus

2304 5798 2577 5843 ubitamus
