4006 6356
577 290 682 351 899

1821 273 1880 331 S.
1923 268 2268 328 PROSPERI
2306 270 2636 338 AQUITANI

3699 286 3781 346 ιω

578 426 647 468 ex
685 406 890 465 semine
912 399 1083 459 David
1114 397 1291 471 (Rom.
1328 411 1370 464 ι,
1401 394 1480 467 5).
1508 393 1651 464 Ergo
1692 405 1802 448 non
1858 388 2160 446 secundum
2189 391 2244 451 Δ
2266 405 2419 447 suam
2450 392 2629 463 detegi
2676 393 3097 453 simulationem.
3124 398 3303 468 Agunt
3345 414 3465 473 ergo
3500 404 3661 463 omnia
3693 420 3783 468 arte

578 502 937 566 divinitatem,
961 509 1065 566 qua
1108 492 1334 548 Creator
1372 497 1458 545 est
1496 503 1603 543 non
1634 486 1811 543 solum
1857 483 2048 553 David,
2074 497 2167 538 ve-

579 613 697 655 rum
723 594 885 651 etiam
914 588 1203 646 visibilium
1240 596 1401 656 atque
1428 582 1784 638 invisibilium
1820 589 2163 644 naturarum;

580 690 677 749 sed
703 685 998 743 secundum
1025 695 1243 738 carnem
1270 679 1412 734 illius
1437 676 1605 733 David
1631 691 1755 732 esse
1782 674 2035 745 dignatus
2060 682 2164 739 est,

580 792 641 838 ut
683 790 853 837 totum
896 790 1093 848 corpus
1136 775 1274 845 ejus,
1308 772 1361 827 id
1410 780 1515 836 est,
1540 769 1812 835 Ecclesia,
1843 766 2040 838 capitis
2085 764 2169 819 sui

582 882 763 931 utatur
799 870 1024 939 auxilio,
1046 876 1102 926 et
1148 882 1309 924 omne
1338 862 1640 920 membrum
1668 860 1787 932 ejus
1830 873 1965 916 voce
2002 858 2170 928 ipsius

582 968 726 1025 dicat
754 984 767 1020 :

656 1059 836 1134 (γεγε.
858 1054 945 1129 2,)
973 1054 1134 1125 Eripe
1172 1069 1273 1120 me,
1309 1051 1549 1119 Domine,
1580 1049 1643 1103 ab
1682 1047 1891 1101 homine
1936 1043 2113 1110 malo;
2138 1058 2173 1096 a

583 1156 694 1212 uiro
722 1154 897 1225 iniquo
927 1149 1087 1205 libera
1131 1163 1231 1201 me.
1261 1145 1378 1201 Non
1408 1145 1476 1199 ab
1520 1157 1629 1198 uno
1677 1141 1937 1211 maligno,
1966 1137 2065 1195 sed
2104 1135 2173 1191 ab

583 1264 694 1305 uno
732 1260 932 1319 genere
961 1242 1347 1314 malignorum;
1380 1253 1480 1294 nec
1501 1237 1690 1294 avasis
1719 1243 1951 1300 tantum,
1980 1231 2077 1288 sed
2104 1231 2174 1286 ab

582 1340 704 1411 ipso
733 1337 996 1408 principe,
1032 1334 1085 1389 id
1120 1344 1223 1401 est,
1264 1332 1331 1386 ab
1360 1332 1479 1401 ipso
1511 1329 1729 1385 diabolo
1757 1342 1818 1382 se
1853 1326 1969 1381 erui
2000 1322 2171 1395 cupit,

584 1432 823 1505 quivult
859 1430 928 1484 ab
969 1428 1235 1498 injustitia
1282 1423 1521 1481 liberari.
1572 1422 1713 1477 Dicit
1752 1420 1898 1477 enim
1941 1418 2175 1490 Aposto-

584 1526 692 1590 lus,
727 1522 847 1578 Non
873 1530 947 1577 est
969 1521 1114 1575 nobis
1143 1518 1440 1573 colluctatio
1461 1516 1711 1570 adversus
1740 1530 1947 1568 carnem
1975 1521 2023 1566 et
2050 1527 2174 1566 san-

585 1621 814 1691 guinem,
845 1616 936 1672 sed
969 1615 1214 1671 adversus
1266 1614 1519 1686 principes
1551 1622 1599 1665 et
1640 1619 1947 1681 potestates,
2004 1617 2051 1661 et
2099 1623 2175 1661 re-

586 1718 751 1765 ctores
793 1708 971 1763 mundi
1017 1706 1342 1763 tenebrarum
1386 1705 1572 1759 harum
1613 1700 1831 1775 (Ephes.
1873 1716 1945 1766 vr,
1982 1698 2093 1768 12),
2120 1697 2174 1753 id

2269 484 2519 549 fallaciae,
2551 498 2609 541 ut
2645 487 2908 545 subruant
2947 504 3164 559 gressus
3203 491 3476 559 bonorum,
3501 504 3554 553 et
3592 499 3785 558 imitato-

2270 593 2360 635 res
2384 580 2467 634 sui
2496 580 2717 651 faciant,
2750 597 2885 652 quos
2930 583 2997 638 ad
3038 584 3526 643 condemnationem
3559 606 3691 648 suam
3713 593 3789 650 do-

2270 675 2382 731 lent
2417 690 2538 731 esse
2560 676 2833 732 meliores.
2866 676 2985 732 Doli
3005 687 3185 733 autem
3215 679 3509 749 iniquorum
3535 682 3642 739 ideo
3662 695 3789 742 restes

2271 766 2546 835 dicuntur,
2577 767 2701 838 quia
2735 766 3056 825 insidiantes
3096 779 3364 826 rectorum
3394 773 3662 842 gressibus,
3687 777 3792 847 adji-

2271 859 2421 915 ciunt
2466 861 2732 918 malitiam
2757 877 2925 934 super
2956 862 3242 931 malitiam,
3274 874 3329 920 et
3365 866 3583 936 peccatis
3614 880 3794 937 peccata

2270 962 2587 1011 contexunt.

2345 1049 2528 1121 (Vers.
2556 1050 2612 1119 6,
2637 1049 2736 1123 7.)
2762 1050 2928 1107 Juxta
2970 1053 3177 1108 semitas
3231 1052 3525 1107 scandalum
3565 1065 3798 1123 posuerunt

2274 1140 2420 1195 mihi.
2437 1140 2560 1197 Dixi
2579 1141 2823 1208 Domino,
2846 1144 2988 1199 Deus
3012 1161 3153 1200 meus
3179 1160 3231 1199 es
3250 1154 3323 1201 tu.
3346 1145 3554 1201 Semita:
3579 1144 3799 1214 iustorum

2276 1234 2529 1289 mandata
2569 1245 2696 1291 sunt
2742 1237 2834 1292 Dei
2866 1256 2879 1290 :
2908 1237 2960 1293 in
3009 1237 3202 1307 quibus
3243 1237 3488 1294 scandala
3527 1238 3803 1293 constituere

2276 1327 2405 1383 mali
2434 1338 2729 1399 nequeunt,
2759 1330 2855 1385 sed
2894 1333 3055 1403 juxta
3090 1330 3316 1386 insidias
3355 1330 3591 1396 tendunt,
3620 1341 3669 1387 et
3692 1334 3805 1387 veris

2278 1421 2593 1477 verisimilia
2622 1422 2942 1495 adjungunt,
2972 1439 3041 1479 ne
3080 1440 3111 1479 a
3154 1425 3275 1495 lcge
3300 1424 3521 1494 iustitia:
3546 1425 3807 1482 discordare

2277 1512 2579 1569 videantur.
2602 1514 2721 1571 Non
2753 1531 2885 1587 ergo
2922 1516 3239 1573 discedatur
3267 1533 3298 1572 a
3331 1519 3558 1585 semitis,
3580 1528 3631 1574 et
3667 1518 3808 1573 tendi-

2278 1608 2415 1665 culae
2445 1625 2551 1664 non
2576 1610 2871 1666 nocebunt.
2901 1611 3199 1667 Ambulans
3226 1620 3407 1667 autem
3435 1626 3531 1682 per
3551 1612 3674 1667 viam
3695 1627 3812 1666 man~

2278 1701 2526 1759 datorum
2579 1705 2670 1760 Dei
2717 1704 2864 1761 dicat
2909 1704 3166 1769 Domino,
3197 1703 3341 1759 Deus
3372 1721 3511 1759 meus
3558 1721 3605 1760 es
3639 1714 3704 1770 tu,
3722 1720 3813 1774 qua:

588 1812 699 1873 est,
722 1812 963 1859 rectores
993 1810 1359 1872 peccatorum,
1389 1799 1583 1870 quibus
1613 1797 1869 1867 praesidet
1906 1805 1961 1851 et
2002 1794 2178 1849 domi-
2203 1786 2256 1850 Β
2283 1810 2388 1851 vox
2420 1797 2639 1867 proprie
2660 1797 2929 1867 iustorum
2962 1806 3066 1862 est,
3090 1812 3213 1852 cum
3236 1797 3383 1853 Deus
3408 1797 3563 1851 etiam
3598 1794 3813 1850 malorum

586 1904 748 1951 natur
792 1895 957 1951 totius
1011 1892 1361 1964 malignitatis
1410 1892 1678 1947 incentor.
1717 1888 1820 1955 Qui
1863 1896 2044 1943 autem
2098 1898 2181 1942 est

587 1987 753 2045 homo
791 1989 986 2053 malus,
1014 1988 1156 2043 idem
1186 1997 1270 2043 est
1311 1994 1366 2041 et
1407 1985 1494 2041 vir
1532 1984 1769 2053 iniquus.
1809 1982 1995 2037 Nullus
2036 1980 2180 2036 enim

588 2082 824 2153 injustus
863 2081 1067 2137 malitia
1120 2089 1293 2145 caret,
1324 2088 1380 2134 et
1433 2078 1488 2132 in
1546 2076 1899 2132 dissimilibus
1943 2075 2180 2144 peccatis

588 2174 749 2228 unius
777 2188 975 2228 nomen
1006 2182 1089 2227 est
1116 2169 1450 2241 peccatoris;
1483 2168 1575 2239 qui
1600 2168 1763 2223 etiam
1793 2166 1840 2220 si
1862 2167 1941 2221 sic
1971 2173 2176 2236 peccet,

588 2274 649 2319 ut
673 2266 741 2319 ab
770 2264 1002 2319 aliorum
1031 2278 1091 2319 se
1119 2262 1340 2317 laesione
1382 2261 1683 2326 contineat,
1713 2259 1961 2331 quolibet
1996 2266 2177 2314 tamen

587 2359 754 2415 modo
781 2358 882 2415 sibi
915 2372 1142 2423 nocens,
1168 2358 1429 2410 innocens
1457 2369 1565 2409 non
1590 2362 1690 2409 est.

660 2450 1004 2527 WVers.
1020 2449 1102 2521 5.)
1121 2448 1226 2514 Qui
1252 2448 1611 2521 cogitaverunt
1631 2445 1915 2518 injustitias
1937 2445 1989 2497 in
2002 2443 2177 2508 corde,

594 2553 703 2599 tota
733 2544 817 2597 die
834 2543 1206 2597 constituerunt
1231 2540 1386 2594 bella.
1434 2539 1609 2595 Minus
1636 2538 1793 2592 noxia
1822 2545 1906 2592 est
1928 2536 2180 2606 iniquitas

589 2646 777 2706 aperta
801 2650 960 2706 quam
995 2642 1166 2698 tecta;
1195 2641 1249 2687 et
1288 2630 1382 2687 ille
1422 2639 1509 2686 est
1550 2630 1863 2685 insidiosior
1903 2628 2178 2691 inimicus,

589 2731 680 2801 qui
710 2730 763 2784 in
791 2727 949 2783 labiis
992 2734 1175 2797 portat
1213 2724 1374 2791 bona,
1402 2733 1456 2779 et
1502 2723 1555 2777 in
1603 2719 1968 2791 penetralibus
2014 2717 2182 2773 animi

589 2822 788 2877 occulit
809 2820 970 2874 mala.
992 2818 1051 2873 In
1076 2816 1273 2872 talibus
1296 2824 1478 2871 autem
1507 2815 1738 2869 secretis
1765 2828 1872 2866 non
1905 2810 2007 2865 nisi
2040 2810 2180 2865 bella

590 2913 1018 2977 constituuntur,
1051 2908 1154 2964 hoc
1184 2917 1290 2975 est,
1322 2923 1385 2963 ea
1408 2906 1728 2962 ordinantur
1750 2920 1870 2975 quae
1894 2904 2051 2958 bonis
2072 2904 2183 2958 sint

591 3006 822 3060 adversa
867 3014 921 3059 et
961 3001 1347 3073 repugnantia;
1398 3000 1521 3070 quia
1575 3006 1763 3053 contra
1821 2996 2001 3052 omnia
2053 2996 2179 3049 vitia

590 3096 848 3153 continua
878 3102 1006 3150 sunt
1032 3094 1176 3149 bella
1206 3092 1515 3148 virtutibus.

2284 1891 2355 1946 sit
2383 1890 2549 1946 Deus.
2571 1890 2679 1947 Sed
2704 1891 2804 1946 hac
2826 1890 3170 1946 confessione
3190 1906 3300 1946 non
3326 1890 3819 1959 adjuvantur,quam-

2283 1984 2377 2039 diu
2416 1984 2671 2053 Domino,
2703 1984 3013 2041 conditione
3043 1985 3219 2055 potius
3245 2000 3409 2056 quam
3432 1983 3691 2039 voluntate
3721 1982 3817 2036 sub-

2282 2078 2504 2134 duntur.

2354 2171 2539 2241 (νει-ε.
2571 2172 2627 2239 7,
2661 2172 2742 2242 8.)
2776 2172 2995 2243 Percipe
3034 2173 3249 2228 auribus
3286 2189 3459 2229 uocem
3503 2170 3821 2241 deprecationis

2282 2281 2427 2330 mete,
2456 2264 2692 2335 Domine,
2711 2265 2955 2333 Domine,
2984 2267 3149 2320 virtus
3173 2266 3361 2321 salutis
3388 2280 3530 2321 ntere.
3555 2261 3698 2337 505
3718 2260 3821 2315 Cum

2284 2357 2529 2412 videatur
2552 2368 2697 2414 recte
2726 2367 2751 2395 ι
2774 2359 3017 2428 potuisse
3042 2357 3251 2423 dicere,
3288 2358 3517 2427 Percipe
3536 2355 3731 2411 auribus
3746 2352 3821 2407 de-

2286 2449 2655 2518 precationem
2679 2464 2876 2515 meam,
2895 2449 2945 2504 id
2973 2460 3074 2516 est,
3102 2466 3209 2505 non
3242 2465 3464 2516 sonum,
3488 2449 3575 2521 qui
3601 2457 3677 2504 est
3698 2445 3825 2501 etiam

2283 2542 2618 2612 animalium,
2651 2544 2746 2599 sed
2789 2558 3001 2610 vocem,
3031 2560 3153 2615 quas
3178 2554 3265 2600 est
3294 2544 3323 2584 ι)
3350 2544 3673 2615 sperantium
3697 2549 3825 2609 atque

2282 2633 2579 2689 viventium
2610 2651 2626 2687 :
2655 2650 2777 2688 nam
2808 2634 3141 2691 infernarum
3173 2640 3294 2692 soni
3326 2644 3478 2703 sunt,
3511 2647 3663 2690 voces
3683 2640 3827 2687 autem

2283 2728 2388 2783 nisi
2418 2743 2600 2782 rerum
2630 2727 2925 2782 viventium
2974 2743 3080 2781 non
3124 2737 3287 2795 sunt;
3322 2742 3547 2799 magnus
3588 2737 3748 2781 tamen
3769 2720 3829 2775 al-

2284 2817 2456 2872 lectus
2479 2818 2755 2887 precantis
2785 2817 3107 2888 ostenditur,
3135 2834 3257 2874 cum
3289 2828 3348 2875 et
3377 2818 3590 2875 Domini
3630 2812 3827 2887 appella-

2285 2911 2487 2965 tionem
2513 2912 2727 2980 repetit,
2754 2922 2806 2966 et
2836 2912 3028 2967 salutis
3052 2928 3165 2967 suae
3188 2928 3298 2968 non
3331 2915 3386 2968 in
3408 2928 3468 2968 se
3489 2925 3609 2968 esse
3631 2921 3829 2967 causam.

2284 3004 2380 3059 sed
2430 3005 2479 3058 in
2523 3004 2731 3059 Domini
2771 3005 2970 3061 virtute
3010 3006 3322 3076 proﬁtetur.
3370 3003 3685 3063 Obumbrasti
3715 3013 3836 3069 super

2285 3106 2437 3169 caput
2459 3113 2624 3151 meum
2659 3098 2713 3151 in
2743 3097 2826 3151 die
2850 3097 2986 3153 belli.
3020 3098 3271 3154 Prmsens
3300 3101 3434 3165 vita,
3468 3114 3584 3169 qua:
3616 3104 3715 3151 tota
3740 3103 3833 3147 ten-

662 3186 842 3257 (Vers.
872 3184 959 3255 ι.)
991 3186 1257 3239 Acuerunt
1287 3183 1521 3255 linguam
1548 3197 1697 3235 suam
1722 3181 1854 3235 sicut
1884 3188 2181 3251 serpentes;
2208 3173 2257 3239 C
2288 3189 2441 3254 ratio,
2471 3188 2586 3244 dies
2626 3197 2710 3245 es:
2754 3190 2879 3245 belli
2905 3189 3045 3261 (Job,
3076 3207 3169 3258 νιι,
3207 3190 3284 3263 ι);
3309 3192 3439 3263 quia
3481 3190 3562 3247 vel
3598 3189 3750 3253 foras,
3774 3183 3840 3237 vel

588 3296 836 3336 uenenum
872 3279 1113 3349 aspidum
1156 3277 1250 3332 sub
1297 3275 1445 3330 labiis
1473 3290 1669 3329 eorum.
1692 3272 1810 3329 Non
1848 3283 1934 3329 est
1959 3273 2185 3328 dubittm

590 3376 778 3448 quales
822 3375 932 3432 sint
976 3373 1069 3444 qui
1097 3371 1442 3443 serpentibus
1481 3376 1888 3439 comparantur,
1923 3365 2015 3437 qui
2068 3366 2187 3422 sine

590 3468 821 3539 strepitu
867 3481 931 3523 ac
981 3480 1117 3523 sono
1156 3465 1355 3521 leniter
1398 3470 1647 3533 serpunt,
1670 3461 1765 3517 sed
1811 3468 2072 3516 nocenter
2111 3459 2187 3515 ir-

587 3571 802 3633 repunt.

658 3654 841 3729 (Vers.
869 3651 951 3720 5.)
984 3649 1240 3707 Conserva
1284 3665 1389 3715 me,
1421 3648 1662 3718 Domine,
1694 3648 1758 3702 de
1808 3664 1968 3701 manu
2006 3662 2188 3716 pecca-

588 3751 735 3816 toris,
763 3757 814 3803 et
857 3747 920 3801 ab
958 3744 1246 3801 hominibus
1267 3745 1476 3816 injustis
1507 3761 1632 3799 erue
1674 3759 1775 3797 me.
1809 3742 1911 3809 Qui
1933 3743 2189 3813 cogitave-

586 3851 708 3897 runt
733 3841 1074 3912 supplantare
1111 3854 1314 3911 gressus
1354 3854 1512 3892 meos.
1543 3842 1744 3892 Omnes
1774 3835 1995 3906 quidem
2030 3835 2187 3890 mali-

590 3937 703 4007 gni,
734 3935 852 3990 sive
870 3934 1091 4001 occulti,
1115 3933 1230 3988 sive
1251 3931 1547 3999 manifesti,
1577 3932 1809 3987 sollicite
1840 3940 1965 3985 sunt
1987 3944 2186 3985 caven-

593 4027 672 4095 di,
734 4041 803 4081 ne
854 4025 983 4095 quid
1038 4025 1278 4080 excitent
1327 4025 1590 4094 periculi,
1638 4040 1708 4079 ne
1765 4023 1895 4094 quid
1948 4022 2187 4078 inferant

589 4119 774 4174 damni
792 4134 807 4185 ;
824 4116 919 4173 sed
946 4117 1002 4173 in
1026 4117 1178 4172 nullo
1203 4119 1372 4186 magis
1392 4132 1582 4173 eorum
1612 4117 1897 4171 metuenda
1921 4117 2183 4186 versutia,

588 4227 750 4285 quam
776 4226 844 4267 ne
870 4225 972 4266 nos
995 4211 1173 4265 socios
1222 4224 1349 4264 suos
1388 4210 1608 4275 faciant,
1640 4219 1696 4265 et
1722 4226 1940 4281 gressus
1967 4222 2184 4268 nostros

592 4324 623 4361 a
650 4307 737 4362 via
762 4315 911 4361 recta
946 4304 1002 4359 in
1035 4319 1129 4360 sua
1170 4304 1365 4359 itinera
1411 4318 1699 4373 moresque
1733 4304 2030 4361 traducant.
2065 4306 2184 4374 lpsa

590 4411 675 4457 est
711 4398 1009 4457 saevissima
1048 4398 1436 4470 supplantatio,
1483 4399 1701 4472 quando
1742 4400 1928 4455 ﬁdeles
1967 4408 2021 4455 et
2056 4400 2185 4456 reli-

590 4492 749 4562 giosi,
782 4490 974 4546 relicto
1010 4491 1291 4562 proposito
1320 4491 1482 4558 bono,
1508 4492 1565 4547 in
1608 4491 1965 4547 imitationem
2008 4500 2185 4548 trans-

587 4591 718 4639 eunt
739 4581 1052 4653 impiorum.

531 4735 538 4750 ,
662 4673 843 4746 (Vers.
878 4674 961 4745 6.)
988 4674 1379 4730 Absconderunt
1406 4676 1609 4748 superbi
1638 4677 1984 4747 muscipulam
2014 4679 2140 4733 mihi
2158 4697 2178 4746 ;

538 4796 543 4801 ο
586 4778 634 4823 ει
665 4776 821 4824 restes
841 4769 1175 4823 extenderunt
1201 4771 1254 4823 in
1284 4770 1523 4840 laqueum
1556 4772 1768 4841 pedibus
1801 4775 1947 4827 meis.
1980 4774 2175 4830 Totum

585 4875 790 4931 corpus
831 4860 1031 4917 diaboli
1079 4860 1313 4916 breviter
1355 4864 1665 4933 explicavit,
1700 4865 1908 4933 dicens,
1950 4868 2174 4941 superbi.

584 4951 716 5008 Inde
734 4960 818 5009 est
843 4953 986 5009 enim
1024 4952 1168 5023 quod
1195 4953 1369 5023 justos
1409 4969 1468 5010 se
1496 4956 1668 5011 videri
1688 4958 1874 5014 volunt
1912 4974 2033 5015 cum
2067 4962 2178 5017 sint

584 5044 775 5115 iniqui,
795 5054 850 5101 et
895 5044 1030 5100 nihil
1077 5046 1249 5116 magis
1295 5046 1565 5118 refugiunt
1616 5065 1777 5120 quam
1825 5062 2172 5122 peccatorum

581 5139 1012 5207 confessionem;
1046 5156 1276 5212 cumque
1324 5142 1432 5197 sint
1482 5144 1602 5200 falsi
1637 5145 1792 5216 justi,
1822 5150 1965 5205 veris
2011 5152 2173 5220 justis

583 5234 848 5303 invident,
898 5235 1024 5303 quia
1068 5235 1293 5292 moleste
1338 5234 1518 5293 ferunt
1574 5238 1789 5295 illorum
1857 5242 2173 5305 sinceritate

656 5382 683 5410 ι
715 5372 856 5444 Editi
886 5387 1074 5429 omnes
1108 5376 1277 5444 potius
1319 5390 1372 5427 se
1418 5374 1621 5440 dicere;
1665 5377 1759 5431 sed
1801 5378 1975 5435 facilis
2007 5398 2162 5442 error

584 5444 760 5527 potuit
784 5443 1043 5527 irrepere,
1073 5446 1167 5526 ubi
1193 5445 1418 5527 potuisse
1448 5446 1552 5516 legi
1578 5446 1870 5527 debuisset,
1903 5454 2044 5508 nulla
2072 5458 2162 5511 ad-

581 5515 859 5594 jectione,
886 5526 941 5594 et
982 5515 1171 5594 leviori
1218 5515 1521 5594 litterarum
1560 5524 1970 5594 permutatione.
2004 5528 2163 5594 Quod

581 5584 870 5660 senserant
909 5584 1019 5653 jam
1061 5586 1226 5642 Duac.
1256 5596 1311 5643 et
1350 5585 1541 5644 Colon.
1562 5584 1829 5660 editores,
1876 5606 1929 5650 et
1974 5584 2049 5652 in‘
2068 5616 2162 5656 ora

582 5658 707 5712 libri
737 5656 1107 5711 observaram.

650 5728 678 5767 δ
708 5727 1201 5808 Fortassis‘melins
1239 5733 1511 5808 legeretur
1543 5732 1870 5808 spirantium,
1900 5752 2022 5795 cum
2067 5758 2163 5798 ex-

579 5808 743 5867 ponat
779 5801 1130 5870 Augustinus,
1177 5816 1349 5857 vocem
1395 5804 1767 5875 deprecationis
1808 5801 1955 5880 mete,
2004 5816 2163 5869 vitam

2290 3284 2437 3337 intus
2487 3298 2781 3353 numquam
2821 3284 2974 3339 deest
3013 3283 3350 3353 adversitas,
3385 3287 3475 3341 cui
3505 3284 3688 3340 debeat
3715 3292 3843 3348 repu-

2290 3376 2464 3448 gnari.
2498 3376 2777 3432 Laborans
2801 3377 2965 3448 igitur
2988 3377 3040 3432 in
3075 3380 3176 3434 hoc
3198 3378 3377 3446 bello,
3399 3386 3549 3435 recte
3576 3375 3670 3432 sibi
3693 3373 3849 3429 obum-

2288 3468 2588 3524 brationem
2620 3469 2753 3539 petit
2776 3468 2963 3540 gratiae
2994 3468 3114 3540 Dei,
3146 3486 3215 3526 ne
3238 3481 3385 3528 aestu
3411 3471 3655 3527 laborum
3682 3466 3845 3533 fatiga-

2290 3568 2374 3615 tus
2402 3568 2629 3615 arescat.

2363 3650 2543 3721 (Vers.
2577 3650 2656 3720 9.)
2690 3650 2774 3705 Ne
2808 3652 2987 3706 tradas
3014 3668 3092 3707 me
3116 3669 3148 3706 a
3172 3653 3446 3709 desiderio
3472 3669 3580 3706 meo
3614 3658 3848 3725 peccatort.

2286 3741 2415 3797 ldeo
2441 3744 2516 3797 ait
2540 3742 2917 3799 obumbratum
2950 3759 3009 3800 se
3032 3746 3082 3799 in
3115 3745 3202 3800 die
3232 3745 3396 3812 belli,
3429 3756 3488 3801 ut
3517 3760 3626 3801 non
3646 3749 3854 3799 ureretur

2289 3846 2421 3890 testu
2454 3834 2708 3891 desiderii
2739 3854 2752 3890 :
2780 3853 2889 3906 quo
2914 3837 3003 3908 qui
3032 3837 3287 3905 vincitur,
3330 3839 3574 3895 traditur
3603 3830 3853 3908 peccatori.

2290 3936 2345 3984 et
2365 3929 2607 3997 adversae
2628 3929 2910 3999 subjicitur
2933 3931 3205 4001 potestati.
3227 3931 3551 3988 Pertinacia
3575 3930 3712 3987 enim
3732 3923 3859 3981 mala

2288 4022 2583 4079 voluntatis
2611 4022 2759 4078 ducit
2788 4023 2842 4077 in
2896 4023 3174 4093 laqueum,
3217 4040 3247 4077 a
3288 4040 3411 4095 quo
3458 4024 3710 4081 eximitur
3735 4016 3861 4086 cujus

2289 4116 2728 4186 concupiscentia
2758 4130 2991 4186 superna
3016 4115 3449 4173 ohumbratione
3471 4117 3707 4173 sedatur.
3734 4108 3861 4179 (logi.

2290 4225 2525 4271 taverunt
2546 4222 2791 4272 adversus
2819 4233 2929 4284 me;
2953 4232 3015 4271 ne
3036 4215 3371 4288 derelinquas
3393 4235 3496 4285 me,
3526 4236 3589 4273 ne
3610 4221 3736 4289 forte
3748 4210 3865 4267 exal-

2290 4330 2483 4376 tentur.
2510 4319 2774 4391 Cogitatio
2801 4320 3199 4377 adversantium
3233 4320 3594 4378 fraudulenta
3633 4327 3753 4377 est:
3785 4308 3863 4369 sed

2291 4438 2349 4482 ut
2378 4428 2532 4493 mihi,
2581 4427 2775 4497 inquit,
2816 4442 2923 4481 non
2964 4434 3189 4493 noceat,
3233 4442 3299 4480 ne
3329 4428 3675 4497 derelinquas
3702 4436 3792 4485 me,
3815 4429 3868 4470 ne

2204 4562 2262 4626 Ι)
2288 4529 2357 4585 de
2378 4544 2499 4584 mea
2522 4530 2827 4599 abjectione
2854 4530 3121 4586 laetentur.

2358 4632 2542 4706 (Vera.
2574 4630 2690 4702 ‘10.)
2718 4632 2884 4703 Caput
2912 4632 3153 4686 circuitus
3183 4632 3425 4703 illorum,
3464 4634 3620 4690 labor
3649 4631 3873 4686 labiorum

2190 4759 2199 4769 υ
2284 4738 2518 4806 ipsorum
2541 4746 2673 4808 teget
2712 4753 2816 4790 eos.
2852 4738 2958 4803 Me,
2988 4737 3178 4806 inquit,
3204 4737 3407 4793 umbra
3440 4738 3661 4793 alarum
3695 4743 3880 4790 tuarum

2285 4846 2433 4908 tegat
2468 4839 2519 4891 in
2550 4836 2639 4891 die
2667 4835 2814 4891 belli.
2841 4835 2924 4891 llli
2947 4846 3127 4892 autem
3157 4837 3455 4893 mendacio
3485 4854 3590 4894 suo
3620 4853 3680 4893 se
3723 4845 3879 4902 tegere

2283 4938 2628 5005 laborabunt,
2660 4946 2715 4991 et
2763 4937 2867 4993 hoc
2908 4938 3011 4993 erit
3041 4946 3203 5007 caput
3231 4938 3600 4995 circuitionis
3643 4940 3882 5008 ipsorum.

2282 5043 2397 5100 Non
2429 5045 2574 5098 enim
2604 5056 2857 5111 umquam
2888 5039 3174 5110 quiescent
3202 5040 3254 5094 in
3288 5042 3413 5095 suis
3446 5038 3777 5097 commentis
3806 5048 3884 5084 ve-

2282 5146 2461 5201 ritatis
2492 5142 2694 5200 inimici
2720 5160 2732 5196 :
2761 5142 2852 5212 qui
2894 5143 3141 5197 volentes
3169 5141 3280 5195 suis
3309 5156 3376 5195 se
3410 5144 3647 5212 operire
3693 5132 3891 5193 menda-

2282 5250 2402 5317 ciis,
2434 5247 2501 5301 ad
2531 5247 2635 5302 hoc
2673 5244 2926 5300 laborant
2958 5252 3019 5300 ut
3046 5259 3153 5300 non
3189 5242 3460 5298 finiendis
3493 5241 3778 5299 laboribus
3806 5235 3891 5290 im-

2274 5384 2652 5454 deprecationis
2682 5399 2828 5447 mete,
2858 5400 2960 5438 non
2985 5386 3125 5447 quod
3151 5394 3297 5437 sonat
3325 5384 3387 5436 in
3422 5384 3607 5439 verbis
3640 5382 3787 5443 meis,
3817 5373 3893 5454 ⁸θᾷ

2270 5452 2407 5512 unde
2430 5457 2602 5508 vivunt
2632 5454 2782 5509 verba
2817 5472 2951 5510 mea.
2989 5455 3103 5509 Vox
3147 5456 3357 5525 proprie
3412 5456 3785 5509 animatorum
3813 5452 3895 5505 εει.

2270 5530 2499 5583 vivorum
2526 5535 2620 5580 est.
2657 5528 2823 5587 (luam
2849 5526 2997 5580 multi
3036 5523 3205 5579 autem
3234 5526 3613 5595 deprecantur
3646 5524 3837 5579 Deum.
3859 5523 3902 5566 ει

2270 5616 2373 5654 non
2404 5599 2630 5651 sentiunt
2657 5596 2845 5662 Deum,
2880 5614 2972 5652 nec
3005 5600 3127 5652 bene
3168 5598 3406 5667 cogitant
3437 5599 3511 5651 de
3562 5599 3699 5663 Deo,
3732 5600 3902 5667 sentit!

2272 5670 2650 5794 depregntionis
2679 5669 2862 5725 habere
2889 5678 3124 5741 possunt,
3158 5683 3327 5723 vocem
3352 5683 3473 5722 non
3511 5676 3766 5739 possunt,
3795 5672 3905 5733 ᾳιιω

2272 5752 2376 5794 vita
2408 5757 2423 5793 π
2461 5758 2475 5794 ι
2508 5757 2610 5793 non
2639 5751 2729 5794 est.

2270 5751 2376 5796 vita
2408 5751 2475 5794 τοι
2508 5757 2610 5793 non
2639 5751 2729 5794 (Si.
