4006 6356
218 348 311 409 ιοι

996 335 1425 397 PSALMORUM
1463 333 1505 390 Α
1548 331 1589 390 C
1629 333 1723 391 AD
1763 332 1849 391 CL
1886 334 2270 395 EXPOSITIO.
2312 335 2509 396 PSAL.
2550 338 2706 397 CXL.

3390 340 3500 402 ιοι

217 464 478 534 plicentur
512 475 528 514 :
557 458 686 529 quia
716 456 899 513 velare
926 470 988 511 se
1015 469 1122 510 non
1154 464 1424 525 poterunt,
1459 453 1559 507 nisi
1592 461 1618 491 ι
1650 466 1803 507 men-
1830 456 1880 515 Α
1909 464 2085 525 spectu
2105 458 2442 521 tuo,elevatio
2457 474 2705 512 manuum
2724 472 2952 513 mearum
2972 455 3287 527 sacri/icium
3303 472 3500 529 uesper-

218 558 424 613 dacium
458 553 718 608 laborent
745 550 1030 606 labiorum.

1911 550 2095 601 tinum.
2121 550 2233 604 Hoc
2258 549 2325 605 de
2350 550 2467 619 ipso
2496 552 2672 618 capite
2706 550 3111 620 intelligendum
3136 551 3311 606 omnis
3335 550 3496 623 507

286 648 465 720 (Vers.
490 649 551 703 ll
570 645 826 718 .)Cadent
848 659 1002 715 super
1026 657 1112 696 eos
1138 640 1380 695 carbones
1406 642 1571 711 ignis;
1597 640 1651 693 in
1672 649 1810 694 terra
1911 640 2249 698 Christianus
2279 646 2542 713 agnoscit.
2591 644 2902 700 Declinante
2930 646 3076 700 enim
3106 644 3195 700 die
3221 645 3275 700 in
3300 660 3498 714 vespe-

219 743 423 817 dejicies
450 757 560 794 eos.
594 740 747 795 Sicut
776 735 1094 808 praedicatio
1117 734 1294 791 crucis
1319 730 1525 788 Christi
1551 732 1670 787 aliis
1696 741 1814 788 erat

222 836 343 891 odor
370 834 488 888 vita:
513 833 568 885 in
590 832 770 897 vitam,
794 830 913 884 aliis
943 828 1071 883 odor
1093 828 1272 883 mortis
1298 827 1352 881 in
1377 833 1593 882 mortem
1619 825 1665 895 (Ι
1688 824 1805 881 Cor.

222 943 277 995 ιι,
302 926 417 995 16),
446 924 525 979 sic
549 932 604 979 et
625 923 714 978 isti
734 921 998 978 carbones
1021 920 1138 990 ejus
1165 929 1291 974 sunt
1312 919 1667 990 operationis,
1693 933 1813 988 qua

222 1029 272 1076 et
300 1020 581 1074 illustrare
607 1018 781 1071 valeat
812 1015 1021 1081 ﬁdeles,
1050 1026 1106 1068 et
1132 1013 1323 1083 punire
1350 1021 1686 1083 peccatores.
1730 1011 1817 1066 Fit

223 1122 400 1166 autem
433 1110 552 1165 haec
600 1109 864 1162 malorum
896 1121 1053 1176 pruna
1102 1106 1157 1158 in
1200 1112 1359 1170 terra,
1393 1104 1446 1157 id
1477 1113 1579 1167 est,
1627 1103 1682 1157 in
1714 1102 1817 1157 hoc

223 1206 444 1267 szeculo.
476 1214 532 1260 et
567 1202 623 1258 in
653 1204 753 1258 hac
780 1201 908 1269 vita,
957 1200 1188 1255 cadente
1225 1214 1389 1269 super
1412 1213 1513 1254 eos
1539 1199 1663 1268 igne
1689 1211 1819 1266 sup-

222 1298 371 1369 plicii
401 1296 712 1370 temporalis
732 1336 748 1362 ,
777 1304 1068 1365 antequam
1090 1294 1274 1350 veniat
1308 1293 1446 1363 ignis
1468 1303 1725 1347 aeternus.
1749 1289 1819 1345 In

224 1392 446 1446 miseriis
474 1407 581 1444 non
608 1390 907 1444 subsistent.
939 1387 1104 1456 Victi,
1139 1385 1331 1456 inquit,
1378 1385 1819 1443 tribulationibus

230 1484 457 1550 cadent;
489 1491 545 1539 et
587 1481 751 1554 506
784 1498 890 1535 non
928 1480 1221 1545 subsistent,
1252 1480 1376 1549 quia
1417 1478 1616 1535 debitis
1645 1477 1819 1548 plagis

223 1594 326 1633 non
362 1575 813 1641 emendabuntur,
846 1573 939 1629 sed
970 1574 1190 1642 pejores
1216 1571 1372 1628 ﬁent.

288 1670 482 1741 (Vers.
514 1667 631 1741 12.)
668 1666 760 1722 Vir
784 1666 1057 1737 linguosus
1089 1681 1192 1719 non
1228 1666 1485 1739 dirigetur
1520 1680 1675 1737 super
1721 1673 1823 1719 ter-

224 1778 360 1816 ram.
424 1760 730 1832 Linguosus
795 1774 904 1814 non
976 1760 1123 1829 capit
1172 1758 1453 1815 scientiam
1510 1758 1753 1814 veritatis
1800 1773 1817 1812 :

1914 751 2052 802 ram,
2078 736 2337 792 Dominus
2353 736 2407 791 in
2434 752 2593 793 cruce
2614 738 2793 794 emisit
2822 738 3069 808 spiritum
3098 736 3501 810 (Matth.xxvu,

1914 827 2029 895 50),
2076 843 2290 883 rursum
2332 828 2676 885 inserendum
2721 831 2975 900 corpori:
3006 838 3066 885 ut
3102 846 3228 900 spes
3257 831 3503 886 omnium

1916 922 2157 978 ﬁdelium
2186 922 2290 979 hoc
2336 926 2390 978 in
2422 939 2482 980 se
2512 940 2619 979 non
2648 924 2920 980 dubitaret
2952 925 3310 995 implendum,
3355 924 3504 996 quod

1916 1018 1971 1071 in
2002 1018 2183 1087 capite
2230 1018 2621 1087 praecessisset.
2672 1020 2844 1089 Supra
2873 1019 3051 1074 omnia
3088 1035 3217 1091 ergo
3248 1020 3505 1077 holocau-

1919 1117 2118 1164 tomata
2166 1109 2269 1165 hoc
2304 1110 2632 1166 sacriﬁcium
2679 1110 2799 1178 fuit,
2840 1111 2981 1182 quod
3019 1113 3296 1167 imitantur
3338 1110 3505 1168 corda

1921 1210 2255 1267 sanctorum,
2285 1216 2407 1256 cum
2439 1201 2506 1256 de
2533 1202 2675 1257 bona
2701 1200 2979 1271 ﬂagrantia
3009 1204 3333 1270 orationum,
3361 1213 3503 1259 tam.

1918 1308 2078 1364 quam
2110 1293 2176 1348 de
2202 1308 2321 1362 ara,
2346 1293 2413 1347 ad
2440 1293 2607 1348 Deum
2637 1293 2773 1348 odor
2798 1293 2972 1348 tendit
2998 1294 3201 1351 incensi
3235 1296 3418 1368 (Apoc.
3450 1311 3503 1363 v,

1920 1386 1975 1453 8,
2008 1396 2055 1441 et
2078 1402 2195 1452 vin,
2225 1386 2301 1457 3).
2344 1386 2511 1455 Cujus
2555 1385 2759 1441 oblatio
2789 1400 2895 1441 non
2936 1385 2998 1441 ﬁt
3025 1387 3142 1442 sine
3180 1388 3269 1442 illa
3294 1388 3511 1444 confes.

1920 1480 2093 1544 sione,
2123 1494 2285 1549 quam
2314 1478 2565 1534 Christus
2595 1493 2663 1533 ex
2692 1492 2923 1548 persons
2948 1477 3034 1533 sui
3068 1480 3311 1548 corporis
3355 1494 3509 1534 suam

1921 1570 2067 1640 fecit,
2102 1572 2312 1639 dicens,
2360 1569 2521 1625 Verba
2565 1569 2877 1625 delictorum
2922 1587 3148 1625 meorum
3195 1568 3365 1640 (Psal.
3394 1587 3507 1637 ut,

1920 1664 1988 1737 2)
2017 1684 2032 1720 :
2054 1676 2111 1720 ut
2135 1678 2557 1736 agnosceremus
2582 1679 2797 1733 semper
2821 1664 2980 1720 nobis
3002 1663 3360 1719 necessariam
3386 1678 3515 1718 con-

1924 1762 2209 1817 fessionem
2246 1768 2616 1829 peccatorum,
2649 1774 2770 1829 quas
2800 1759 2981 1814 inesse
3011 1758 3189 1828 nobis,
3222 1758 3391 1827 ipsius
3420 1755 3513 1827 qui

228 1870 417 1910 amans
448 1856 592 1909 enim
623 1868 839 1923 semper
862 1854 1030 1923 loqui,
1055 1869 1161 1909 non
1193 1862 1371 1925 potest
1393 1852 1616 1909 erudiri.
1646 1852 1820 1909 Prava
1849 1836 1899 1897 Β
1926 1869 2024 1910 nos
2045 1853 2281 1923 suscepit
2310 1867 2442 1907 voce
2466 1853 2864 1922 cognoscimus.

228 1964 358 2020 ergo
383 1947 559 2004 studia
604 1946 775 2018 ipsius
822 1961 929 2001 non
982 1945 1303 2017 dirigentur,
1354 1948 1481 2017 quia
1519 1946 1821 2015 loquacitas

225 2043 471 2117 imperita
502 2043 706 2098 mavult
734 2041 933 2098 docere
960 2056 1121 2111 quam
1166 2041 1400 2096 discere.
1447 2040 1631 2094 Virum
1672 2041 1821 2111 inju-

225 2147 361 2194 stam
387 2137 527 2191 mala
566 2135 885 2190 venabuntur
909 2137 963 2189 in
1004 2136 1289 2190 interitum.
1316 2134 1729 2201 Venientntala,
1768 2142 1825 2189 et

231 2244 337 2285 non
370 2228 669 2283 subsistent
699 2226 921 2297 injusti;
951 2241 1077 2282 cum
1107 2227 1286 2297 aliqua
1316 2226 1469 2283 clade
1499 2227 1820 2297 opprimun-

228 2333 332 2390 tur,
369 2324 664 2378 intereunt.
698 2320 816 2376 Non
864 2321 1010 2377 enim
1038 2336 1161 2390 qua:
1192 2320 1488 2376 inciderint
1519 2321 1682 2387 mala,
1726 2335 1824 2390 pro

227 2417 429 2489 justiti:
477 2417 772 2486 patiuntur,
826 2422 882 2470 et
923 2414 1047 2470 ideo
1088 2429 1193 2469 non
1239 2415 1560 2481 subsistent,
1597 2416 1721 2484 quia
1767 2416 1822 2471 in

232 2509 462 2567 miseriis
506 2510 619 2564 suis
650 2508 792 2564 nulla
820 2517 1055 2580 possunt
1081 2508 1241 2564 bona:
1269 2508 1382 2578 spei
1416 2508 1607 2563 ﬁducia
1657 2509 1826 2564 susti-

232 2618 378 2657 nere.

303 2693 481 2765 (Vers.
515 2692 628 2764 15.)
672 2692 899 2764 Cognovi
927 2692 1048 2762 quia
1092 2691 1245 2761 faciet
1275 2690 1528 2745 Dominus
1561 2692 1823 2765 judicium

235 2785 468 2856 inopis,b
496 2795 542 2840 et
564 2788 615 2840 iu
642 2802 852 2840 causam
881 2802 1167 2858 pauperum
1195 2784 1417 2839 ostendit
1445 2784 1661 2856 iniquis.
1687 2786 1827 2840 Pall—

240 2895 397 2951 peres
423 2891 547 2935 sunt
577 2879 829 2946 humiles,
861 2888 918 2935 et
941 2887 1130 2935 sancto
1172 2893 1395 2949 semper
1431 2878 1707 2934 desiderio
1734 2894 1827 2935 su-

235 2972 526 3043 spirantes,
557 2974 644 3043 qui
674 2972 906 3027 esuriant
948 2980 997 3026 et
1027 2973 1204 3026 sitiunt
1221 2972 1486 3044 justitiam
1516 2970 1735 3045 (Matth.
1765 2989 1823 3039 v,

231 3067 265 3122 5
289 3074 333 3120 et
359 3066 449 3135 6);
480 3081 585 3136 qua
615 3066 1002 3122 saturabuntur
1026 3082 1261 3136 quorum
1295 3081 1514 3121 causam
1546 3067 1692 3121 Deus
1715 3081 1825 3121 non

233 3159 466 3229 negligit,
512 3168 566 3214 et
603 3158 656 3213 in
694 3174 924 3229 quorum
968 3158 1141 3229 gloria
1184 3158 1446 3214 videbunt
1495 3159 1645 3230 impii
1692 3158 1825 3230 quid

233 3252 508 3309 amiserint
538 3250 695 3324 (Sap.
724 3266 780 3317 v,
808 3251 862 3321 5,
884 3252 1029 3321 etc.).

304 3345 488 3416 (Vers.
526 3345 637 3415 14.)
681 3344 1041 3400 Verumtamen
1063 3346 1197 3416 justi
1225 3346 1602 3415 conﬁtebuntur
1630 3347 1829 3402 nomini

236 3448 341 3505 tuo,
366 3437 673 3492 habitabant
716 3439 843 3492 recti
881 3454 997 3493 cum
1025 3440 1171 3493 vultu
1198 3448 1307 3493 tuo.
1339 3438 1825 3506 Gloriﬁcabuntur,

232 3528 422 3599 inquit,
469 3528 625 3597 justi,
649 3536 705 3583 et
743 3538 941 3583 aeterna
974 3528 1310 3585 beatitudine
1339 3530 1686 3596 ditabuntur;
1730 3531 1825 3586 sed

236 3630 411 3674 tamen
463 3619 599 3675 nihil
638 3634 860 3689 operum
910 3629 1126 3675 tuorum
1172 3621 1287 3676 suis
1329 3621 1542 3677 meritis
1590 3623 1828 3678 vindica-

235 3709 387 3770 bunt.
423 3710 845 3767 Conﬁtebuntur
874 3712 967 3767 tibi
998 3728 1163 3784 opera
1191 3714 1579 3771 misericordia:
1612 3727 1739 3783 Iure,
1771 3725 1828 3772 et

234 3819 395 3860 omne
443 3804 649 3859 bonum
694 3820 851 3860 suum
902 3813 1008 3861 tuae
1036 3806 1228 3876 gratim
1276 3806 1642 3877 deputabunt;
1690 3810 1827 3865 etin

233 3893 331 3952 hoc
362 3895 733 3950 inhabitabant
762 3913 879 3951 cum
908 3898 1053 3952 vultu
1080 3908 1192 3963 tuo,
1219 3897 1325 3953 hoc
1352 3910 1453 3967 est,
1481 3909 1679 3955 aeterna
1712 3902 1829 3956 vul-

230 3995 309 4041 tus
338 3988 420 4043 tui
469 3989 679 4046 visione
709 3990 1006 4059 potientur.
1058 3990 1207 4044 Beati
1245 3992 1387 4046 enim
1428 3993 1625 4047 mundo
1652 3994 1824 4061 corde,

228 4084 473 4150 quoniam
502 4083 605 4153 ipsi
629 4084 794 4138 Deum
820 4084 1064 4138 videbunt
1098 4084 1317 4155 (Matth.
1349 4101 1405 4154 v,
1437 4086 1513 4156 8).

775 4217 1095 4274 PSALMUS
1132 4217 1289 4275 CXL.

293 4356 479 4427 (Vers.
507 4353 587 4425 l.)
644 4354 877 4419 Domine,
908 4357 1125 4409 clamavi
1155 4357 1224 4410 ad
1260 4365 1326 4423 te,
1358 4359 1549 4412 exaudi
1578 4375 1691 4423 me;
1739 4361 1824 4415 in-

224 4449 371 4503 tende
403 4448 517 4502 ooci
548 4448 925 4516 deprecationis
966 4464 1114 4515 mete,
1156 4450 1279 4504 dum
1308 4452 1595 4507 clamavero
1634 4456 1702 4508 ad
1751 4465 1820 4511 te.

223 4542 414 4599 Oratio
446 4542 696 4612 corporis
722 4542 925 4599 Christi
959 4559 1065 4599 non
1086 4556 1371 4617 separatur
1396 4564 1426 4603 a
1457 4550 1652 4620 capite,
1676 4551 1820 4623 quod

224 4635 275 4691 in
325 4646 586 4705 suscepta
634 4636 1004 4692 membrorum
1055 4649 1245 4695 natura
1300 4654 1502 4707 manet,
1558 4652 1614 4699 et
1663 4661 1822 4704 orare

225 4737 391 4784 totam
429 4729 731 4785 Ecclesium
763 4728 910 4797 facit,
943 4731 1163 4788 dicente
1210 4734 1453 4799 Domino,
1498 4736 1727 4791 διαπιαυί
1756 4739 1825 4791 ad

225 4830 290 4888 te,
324 4838 437 4876 non
477 4821 583 4875 alta
613 4835 768 4886 voce,
800 4821 895 4877 sed
926 4821 1053 4877 forti
1077 4822 1204 4879 ﬁde.
1251 4824 1358 4881 Nec
1387 4828 1510 4896 quia
1536 4829 1825 4897 exaudisti,

223 4912 347 4968 ideo
379 4914 627 4968 clamare
651 4914 899 4982 cessabo,
950 4930 1072 4970 cum
1111 4918 1431 4974 humilitatis
1476 4936 1610 4975 mea:
1643 4923 1831 4977 condi-

223 5006 297 5059 tio
348 5006 478 5061 talis
533 5008 625 5071 sit,
684 5017 744 5062 ut
798 5024 906 5064 non
960 5014 1299 5068 cessantibus
1360 5014 1827 5084 tribulationibus,

222 5113 447 5169 semper
470 5099 707 5169 gaudeat
737 5100 1004 5170 adjuvari.

286 5192 475 5263 (Vers.
495 5190 579 5262 2.)
602 5190 872 5264 Dirigatur
888 5197 1053 5250 oratio
1075 5212 1189 5251 mea
1208 5198 1341 5251 sicut
1362 5199 1623 5254 incensum
1640 5202 1694 5255 in
1712 5219 1833 5258 con-

253 5423 265 5434 .
295 5360 322 5388 ⁸
346 5350 447 5408 Sic
472 5350 747 5408 editiones
776 5354 1009 5419 Lovan.,
1041 5354 1211 5411 Duae.
1236 5366 1289 5412 et
1312 5358 1496 5413 Colon.
1523 5357 1839 5431 Lugdunen-

254 5438 300 5477 Is
330 5434 519 5477 vetus.
547 5425 872 5477 mendacium
902 5425 1073 5477 labore
1095 5429 1369 5477 labiorum.
1416 5429 1583 5477 LuatL
1636 5446 1824 5477 mann-

222 5426 300 5477 sis
330 5434 519 5488 vetus,
547 5426 872 5478 mendacium
902 5426 1073 5479 labore
1095 5429 1369 5483 labiorum.
1415 5429 1584 5500 Lugd.
1610 5426 1824 5488 'recen-

222 5494 665 5574 tio‘r,_m__endacio
696 5494 1237 5574 laborenttabiorum.

254 5635 268 5647 .
297 5563 327 5603 ι)
362 5565 725 5655 Εὐξῇοηιηεε
753 5568 980 5638 antiqui,
1007 5570 1063 5623 in
1082 5587 1291 5626 causam
1314 5588 1622 5655 pauperum,
1651 5586 1833 5643 poste-

223 5635 341 5690 rior
394 5635 566 5718 editio
610 5653 822 5693 causam
871 5635 1174 5711 pauperum,
1221 5652 1279 5696 ut
1316 5635 1518 5713 legitur
1554 5635 1619 5699 in'
1654 5635 1831 5718 Opere

225 5707 543 5763 Aumsttni.
594 5708 722 5763 Haec
765 5719 946 5763 autem
980 5713 1165 5763 verba.
1212 5716 1433 5763 ostendit
1466 5717 1675 5763 im'meis-
1708 5733 1828 5763 cum

314 5713 543 5796 guLstiLngi.
765 5719 946 5796 autem
980 5713 1165 5794 verba,
1212 5716 1433 5796 ostendit
1466 5713 1829 5796 iniquis_,_cum

225 5794 341 5867 non
366 5777 679 5862 habeantur
797 5783 1247 5867 Augustinoune‘c.
1278 5786 1327 5839 in
1360 5777 1602 5867 utraque
1642 5789 1832 5845 lliero-

225 5850 384 5921 nymi
416 5851 666 5908 versione
712 5850 955 5908 Romana
1007 5863 1061 5911 et
1106 5850 1408 5929 Gallicana,
1442 5850 1545 5914 nec
1588 5858 1643 5915 in
1676 5868 1828 5919 textu

1994 1947 2178 2019 (Vers.
2209 1945 2290 2017 5.)
2342 1945 2509 2011 Pone,
2556 1945 2797 2015 Domine,
2838 1945 3125 1999 custodiam
3169 1946 3246 1999 ori
3288 1960 3425 2012 meo,
3466 1954 3518 1999 et

1926 2040 2114 2093 ostium
2140 2038 2537 2092 circumstantia:
2582 2038 2731 2092 labiis
2768 2039 2914 2093 meis.
2940 2036 3212 2108 Numquid
3242 2036 3348 2093 hoc
3377 2052 3518 2108 prm-

1925 2132 2067 2187 sidio
2096 2140 2151 2187 et
2177 2131 2279 2186 hac
2304 2132 2605 2187 munitione
2651 2130 2859 2201 indiget
2885 2131 3078 2200 caput?
3111 2132 3221 2186 Sed
3258 2131 3369 2201 agit
3393 2144 3520 2185 cau-

1925 2242 2041 2283 sam
2077 2226 2323 2295 corporis
2353 2226 2458 2290 sui,
2503 2234 2557 2281 et
2598 2240 2719 2294 quas
2770 2224 3000 2280 membri
3042 2234 3187 2290 sunt,
3237 2227 3518 2295 prolutura

1926 2320 2031 2376 sibi
2058 2320 2318 2391 postulat.
2352 2320 2619 2385 Quoniam
2651 2318 2740 2389 qui
2770 2318 2924 2385 dicit,
2952 2316 3078 2372 Cum
3120 2319 3211 2371 uni
3237 2333 3414 2372 eorum
3440 2318 3521 2386 fe-

1928 2412 2088 2478 cistis,
2120 2412 2248 2465 mini
2275 2412 2469 2481 fecistis
2511 2409 2726 2481 (Matth.
2761 2424 2887 2475 xxv,
2934 2409 3050 2480 40),
3090 2420 3143 2464 et
3176 2408 3521 2479 persequenti

1927 2505 2227 2561 Ecclesiam
2256 2505 2351 2570 ait,
2389 2504 2529 2569 Quid
2555 2520 2634 2557 me
2663 2502 2974 2572 persequeris
3005 2501 3139 2572 (Act.
3172 2517 3250 2567 ιι,
3281 2501 3375 2571 4)?
3404 2500 3522 2570 ipse

1928 2605 2013 2652 est
2055 2597 2145 2666 qui
2193 2612 2259 2652 ex
2290 2610 2522 2666 persona
2555 2610 2773 2651 suorum
2807 2594 3001 2663 poscit,
3042 2603 3096 2649 et
3148 2593 3302 2660 dicit,
3348 2592 3517 2657 Pone,

1930 2688 2166 2755 Domine,
2200 2688 2485 2744 custodiam
2527 2688 2607 2742 ori
2644 2703 2778 2754 meo,
2817 2694 2865 2740 et
2902 2686 3085 2741 ostium
3120 2686 3522 2740 circumstantia:

1929 2782 2079 2836 labiis
2103 2781 2249 2836 meis.

2002 2875 2185 2946 (Vers.
2219 2874 2300 2945 4.)
2330 2875 2453 2929 Non
2481 2875 2707 2930 declines
2727 2892 2815 2929 cer
2839 2891 3008 2929 meum
3034 2876 3089 2928 in
3108 2872 3260 2928 verba
3278 2870 3519 2937 malitia,

1930 2968 1999 3021 ad
2014 2969 2335 3022 excusandas
2361 2968 2714 3022 excusationes
2735 2969 2787 3020 in
2817 2968 3071 3037 peccatis;
3092 2982 3206 3019 cum
3230 2964 3522 3019 hominibus

1934 3060 2259 3129 operantibus
2289 3060 2631 3130 iniquitatem.
2661 3056 2972 3115 Custodiam
3011 3073 3141 3127 ergo
3181 3057 3284 3112 sibi
3322 3055 3525 3127 apponi

1934 3169 1994 3208 os
2020 3154 2260 3208 ﬁdelium
2294 3154 2445 3221 petit,
2479 3163 2533 3207 et
2561 3162 2619 3206 ut
2647 3152 2789 3207 ostio
2825 3151 3175 3207 continentiae
3206 3149 3476 3204 muniatur
3508 3165 3523 3200 :

1852 3222 1902 3290 ο
1931 3249 2073 3319 quod
2103 3263 2203 3303 nec
2228 3247 2477 3303 clausum
2508 3246 2577 3301 sit
2603 3246 2669 3300 ad
2702 3245 3026 3312 conﬁtenda,
3053 3258 3153 3299 nec
3183 3253 3431 3313 apertum
3454 3241 3525 3296 ad

1930 3340 2233 3396 excusanda
2263 3349 2503 3410 peccata.
2530 3339 2667 3394 Sunt
2689 3339 2835 3395 enim
2858 3340 2949 3408 qui
2976 3337 3182 3393 scelera
3210 3350 3307 3393 sua
3333 3334 3527 3390 nolunt

1930 3434 2151 3490 sibimet
2178 3434 2451 3503 imputari,
2484 3440 2540 3487 et
2567 3431 2803 3501 pondera
2830 3431 2987 3485 malae
3016 3427 3427 3484 consuetudinis
3453 3424 3524 3480 ad

1934 3528 2322 3583 necessitatem
2346 3535 2666 3593 retorquent
2686 3532 2915 3588 naturai,
2936 3533 2991 3577 ut
3019 3520 3365 3576 accusatione
3387 3532 3523 3573 con-

1929 3622 2149 3676 ditionis
2177 3620 2471 3677 defendant
2508 3618 2734 3673 crimina
2765 3615 3062 3671 voluntatis
3095 3630 3109 3668 :
3154 3628 3280 3666 cum
3324 3610 3522 3682 quibus

1930 3717 2092 3769 homo
2121 3715 2367 3782 corporis
2394 3712 2592 3766 Christi
2626 3726 2730 3764 non
2762 3709 2874 3763 vult
2913 3708 3118 3762 habere
3161 3704 3520 3768 consortium.

1929 3808 2118 3862 dicens
2142 3824 2155 3859 :
2190 3802 2257 3859 Et
2284 3821 2391 3858 non
2414 3801 2804 3857 communicabo
2831 3815 2947 3854 cum
2973 3797 3147 3852 electis
3173 3812 3347 3849 eorum
3377 3810 3395 3848 :
3418 3792 3524 3850 hoc

1928 3908 2033 3964 est,
2080 3913 2188 3953 non
2220 3896 2471 3952 sociabor
2512 3908 2633 3949 cum
2674 3892 2861 3947 electis
2907 3905 3095 3945 eorum
3139 3900 3277 3957 quos
3330 3886 3387 3942 in
3436 3884 3524 3941 his

1929 3990 2366 4050 excusationibus
2408 3987 2716 4058 praecipuos
2763 3984 2981 4049 habent,
3020 3980 3250 4052 quadam
3294 3976 3522 4033 scientia

1933 4082 2189 4144 tumidos,
2224 4088 2278 4133 et
2315 4092 2532 4133 causam
2560 4073 2864 4130 facinorum
2906 4074 3057 4142 quasi
3097 4069 3311 4125 doctius
3336 4067 3525 4124 defen-

1929 4176 2141 4241 dentes,
2186 4188 2255 4226 ne
2284 4170 2571 4226 videantur
2618 4176 2835 4237 peccata
2881 4180 3001 4219 esse
3050 4162 3355 4227 hominum,
3403 4176 3525 4232 qua:

1929 4267 2067 4323 iacta
2090 4276 2214 4321 sunt
2235 4264 2493 4320 siderum.
2522 4262 2726 4317 Nomen
2760 4260 2941 4329 itaque
2962 4258 3261 4313 electorum
3287 4256 3341 4311 in
3368 4255 3526 4311 bonis

1929 4361 2131 4415 donum
2177 4367 2258 4413 est
2287 4357 2492 4426 gratim,
2527 4354 2581 4408 in
2633 4352 2788 4407 malis
2819 4350 3157 4406 mendacium
3212 4345 3523 4418 superbiae:

1929 4456 2020 4526 qui
2051 4454 2211 4509 etiam
2242 4450 2449 4521 perdita
2491 4447 2821 4514 innocentia,
2851 4444 3168 4499 defensione
3197 4442 3519 4499 commisso-

1929 4562 2049 4601 rum
2081 4546 2346 4600 scelerum
2378 4541 2701 4611 gloriantur.

2006 4639 2186 4708 (Vers.
2214 4635 2295 4707 5.)
2342 4633 2599 4702 Corripiet
2635 4648 2714 4686 me
2752 4634 2929 4703 justus
2969 4630 3021 4684 in
3051 4629 3426 4692 misericordia,
3474 4637 3530 4681 et

1931 4731 2216 4804 increpabit
2242 4746 2337 4783 me.
2386 4727 2685 4798 Castigatio
2726 4724 2858 4795 justi
2889 4741 2993 4781 non
3026 4722 3228 4780 saevitia
3260 4732 3345 4779 est
3390 4722 3525 4785 odii,

1935 4827 2031 4882 sed
2061 4823 2326 4879 medicina
2354 4819 2658 4887 charitatis,
2688 4834 2806 4889 quae
2840 4833 2945 4873 non
2978 4817 3181 4881 laudat,
3212 4814 3307 4871 sed
3347 4814 3528 4882 arguit

1938 4918 2373 4987 delinquentem.
2426 4912 2614 4967 Mélior
2642 4922 2723 4967 est
2752 4927 2940 4968 severa
2968 4912 3097 4981 justi
3129 4908 3524 4972 misericordia,

1936 5026 2098 5084 quam
2141 5008 2337 5063 blanda
2376 5006 2617 5062 adulatio
2674 5008 2991 5076 peccatoris,
3023 5005 3091 5060 de
3136 5018 3237 5072 qua
3280 5001 3477 5055 dicitur
3512 5021 3523 5054 :

1938 5106 2124 5163 Oleum
2151 5114 2325 5158 autem
2356 5102 2635 5171 peccatoris
2673 5116 2773 5154 non
2820 5101 3102 5170 impinguet
3147 5104 3301 5167 caput
3330 5111 3523 5148 meum.

1935 5204 2149 5267 lntima,
2180 5197 2375 5268 inquit,
2419 5195 2768 5251 conscientia).
2812 5208 2945 5248 mea:
2974 5206 3076 5246 non
3104 5188 3339 5246 oblectet
3387 5186 3523 5242 falsa

1946 5361 2195 5425 Hebrteo,
2226 5357 2368 5413 unde
2399 5358 2502 5413 huc
2548 5355 2866 5426 irrepserint
2904 5351 3124 5426 difﬁcile
3151 5349 3524 5426 Aconjicimus;

1946 5432 2048 5488 nisi
2078 5422 2215 5486 forte
2240 5446 2305 5484 ex
2334 5440 2481 5485 textu
2512 5422 2929 5499 Augustini,qui
2968 5432 3089 5499 post
3110 5422 3338 5499 citatum
3383 5423 3525 5499 hunc

1935 5518 2179 5567 versum,
2215 5502 2472 5569 Quoniam
2505 5495 2654 5568 faciet
2680 5498 2928 5569 Dominus
2950 5495 3212 5569 judicium
3242 5495 3525 5569 egentis._et

1936 5591 2144 5631 causam
2167 5565 2469 5643 pauperum,
2498 5565 2677 5624 statim
2705 5565 3027 5643 explicando
3048 5566 3251 5629 subdit,
3279 5565 3523 5643 Ostendet

1936 5647 2123 5716 iniquis
2149 5635 2403 5716 quomodo
2434 5642 2601 5716 diligit
2619 5644 2809 5716 justas.
2844 5637 3081 5716 Prosper
3108 5648 3287 5716 tamen
3308 5635 3526 5716 Eii-ila?)

1936 5705 2210 5787 respicere
2226 5715 2468 5787 (videtur,
2495 5705 2714 5787 Διῐιιιιῇίιι
2749 5708 2854 5787 line
2877 5705 3248 5787 expositionis
3290 5705 3439 5771 dicit,
3470 5706 3525 5760 in

1933 5779 2152 5858 quorum
2178 5786 2345 5857 gloria
2372 5784 2609 5838 videbunt
2634 5779 2783 5851 impii
2801 5780 2925 5854 quid
2950 5780 3236 5837 amiserint.
