4006 6356
498 286 607 345 ωδ
1746 283 1805 341 S.
1847 276 2080 337 PROSN

2156 276 2185 332 ιι
2225 275 2552 345 AQUITANI
3647 283 3738 344 ιθι

500 406 741 463 laudatio
785 424 797 460 :
842 407 1093 478 quoniam
1145 405 1295 477 argui
1355 417 1442 460 me
1486 402 1628 459 malo
1674 416 1831 473 quam
1879 399 2075 468 decipi.
2109 399 2159 459 Α
2184 410 2271 452 res
2297 396 2495 462 casuri,
2528 394 2651 467 quia
2696 393 2797 450 iste
2824 405 2983 449 casus
3014 394 3178 450 etiam
3210 408 3304 450 eos
3340 396 3428 467 qui
3465 395 3738 467 justivide-

505 499 631 568 Quis
659 499 799 555 enim
831 497 1137 571 gloriabitur
1164 506 1363 552 castum
1388 512 1442 551 se
1470 496 1652 550 habere
1677 510 1783 556 cor,
1813 500 1903 547 aut
1932 506 2083 545 mun-
2187 492 2385 545 bantur
2419 490 2546 546 facit
2576 499 2911 560 peccatores.
2950 487 3296 562 Singulariter
3324 506 3413 561 ego
3441 509 3570 560 sum,
3596 495 3736 552 donec

502 594 628 647 dum
668 609 719 646 se
747 608 854 646 esse
896 609 930 646 a
969 602 1177 661 peccato
1227 589 1406 663 (Prov.
1438 606 1524 655 sx,
1565 604 1665 643 sec.
1700 584 1909 657 LXX)?
1961 599 2085 639 cum
2186 590 2465 638 transeam.
2508 583 2667 637 Solus
2711 581 2958 637 Christus
3006 591 3303 653 martyrum
3349 580 3614 652 fortitudo,
3654 604 3736 659 pro

502 684 743 755 quotidie
774 699 896 738 caro
923 686 1237 754 concupiscit
1273 684 1518 738 adversus
1549 682 1809 753 spiritum,
1843 687 1891 733 et
1925 679 2087 751 508
2186 690 2293 747 quo
2324 678 2502 731 nullus
2528 684 2614 731 est
2653 677 2804 746 prius
2834 686 3077 729 mortuus
3109 688 3267 744 quam
3299 674 3415 743 ipse
3442 690 3733 747 moreretur,

501 778 715 847 spiritus
760 778 1002 831 adversus
1046 793 1251 831 carnem
1292 776 1437 846 (Gal.
1474 790 1527 841 v,
1571 775 1697 845 i7);
1748 774 1988 842 sciatque
2032 762 2088 826 et
2188 770 2329 825 sicut
2356 768 2507 829 dicit,
2538 768 2665 821 Cum
2695 768 2945 823 exaltatus
2969 770 3114 836 fuero
3148 783 3179 819 a
3207 775 3362 832 terra,
3394 769 3557 821 omnia
3580 772 3641 823 ad
3666 786 3735 826 me

503 888 659 927 suum
702 886 825 927 esse
855 872 998 942 quod
1034 873 1233 941 patitur
1276 885 1392 926 com
1415 871 1771 939 upiscentem,
1802 877 1855 922 et
1899 865 2087 936 gratim
2189 862 2391 915 traham
2419 859 2599 932 (Joan.
2629 876 2726 925 xu,
2756 860 2884 931 5%);
2917 868 2991 927 et,
3024 857 3144 913 Nisi
3170 874 3386 931 granum
3416 862 3643 931 frumenti
3662 880 3738 918 ca-

502 980 624 1021 esse
652 966 793 1035 quod
823 975 1042 1035 superat
1070 966 1445 1020 rebellantem.
1483 963 1740 1028 Quoniam
1770 960 1940 1014 adhuc
1969 973 2087 1013 ora-
2190 954 2315 1009 dens
2341 956 2395 1007 in
2421 961 2557 1008 terra
2580 962 2837 1007 mortuum
2868 954 3043 1025 fuerit,
3075 944 3243 1007 solum
3277 962 3475 1016 manet;
3516 953 3556 1007 si
3597 966 3740 1010 autem

502 1062 574 1115 tio
601 1076 714 1115 mea
742 1062 794 1113 in
820 1060 1143 1130 benaplacitis
1169 1075 1363 1113 eorum.
1393 1058 1602 1122 Oratio,
1636 1056 1827 1125 inquit,
1862 1052 2085 1121 Christi,
2190 1058 2450 1101 mortuum
2477 1048 2656 1117 fuerit,
2686 1045 2904 1099 multum
2936 1046 3160 1115 fructum
3201 1043 3353 1113 affert
3385 1044 3433 1113 (l
3443 1043 3619 1113 bidem,
3642 1046 3737 1117 9-4).

503 1153 622 1207 sive
649 1167 807 1222 quam
844 1152 1026 1208 docuit
1072 1151 1287 1222 (Matth.
1317 1166 1394 1217 vr,
1427 1150 1505 1219 9),
1540 1150 1655 1203 sive
1698 1162 1806 1218 qua
1848 1144 2089 1215 quotidie
2193 1141 2509 1210 Priusquam
2554 1154 2683 1209 ergo
2720 1146 3045 1205 moreretur,
3082 1147 3133 1194 et
3182 1151 3473 1207 resurgens
3520 1139 3744 1194 transiret

506 1220 824 1314 interpellat
857 1261 954 1314 pro
986 1220 1139 1299 nobis
1173 1244 1357 1317 (Hebr.
1394 1258 1489 1308 vn,
1514 1242 1633 1310 95),
1658 1241 1832 1295 adhuc
1862 1238 2092 1308 placebit
2194 1233 2259 1287 ad
2290 1234 2528 1298 Patrem,
2579 1231 2868 1299 singularis
2920 1230 3040 1292 fuit,
3076 1243 3179 1284 nec
3222 1220 3412 1283 habuit
3448 1228 3617 1282 socios
3645 1243 3745 1296 pas-

505 1338 606 1401 cis,
640 1337 727 1405 qui
754 1336 1029 1389 ridendam
1058 1343 1244 1404 putant
1272 1336 1664 1389 confessionem
1697 1345 1961 1398 nostram,
1986 1343 2089 1401 qua
2193 1326 2384 1389 sionis,
2417 1326 2504 1394 qui
2538 1334 2719 1394 postea
2752 1325 2803 1379 in
2836 1324 3183 1393 multiplcem
3229 1332 3465 1394 segetem
3511 1321 3575 1377 de
3605 1321 3740 1378 unius

506 1429 757 1496 dicimus,
785 1426 998 1481 Dimitte
1027 1428 1169 1481 nobis
1198 1427 1366 1482 debita
1401 1434 1597 1492 nostra,
1642 1426 1773 1480 sicut
1808 1434 1853 1479 et
1884 1439 1977 1477 nos
2006 1424 2090 1477 di-
2195 1420 2342 1489 grani
2375 1419 2696 1474 fecunditate
2725 1425 3032 1472 creverunt.
3294 1408 3303 1414 ’

506 1523 755 1579 mittimus
803 1521 1110 1576 debitoribus
1154 1521 1365 1592 (Matth.
1402 1537 1474 1586 γι,
1507 1520 1617 1590 η).
1666 1518 1725 1574 In
1781 1528 1894 1575 toto
1945 1518 2091 1573 enim

509 1572 1614 1687 magis;suisnomeng‘
1640 1572 1824 1686 etﬁqui
1846 1572 1924 1670 'g.
1955 1614 2093 1670 falso
2718 1574 3036 1634 ΡδΑωίυδ
3073 1572 3253 1632 CXLI-

505 1712 818 1781 justilicant,
851 1712 1149 1781 probabunt
1197 1712 1340 1767 hanc
1368 1712 1613 1767 homines
1648 1725 1828 1766 veram
1858 1724 1978 1766 esse
2008 1723 2095 1765 sa-
2138 1784 2153 1786 Α
2275 1714 2451 1786 (Vc-rs.
2496 1711 2576 1782 2.)
2626 1711 2763 1766 Voce
2798 1728 2910 1765 mea
2949 1712 3018 1764 ad
3062 1710 3343 1765 Dominum
3385 1709 3624 1774 clamavi,
3654 1724 3751 1762 voce

511 1805 792 1875 pientiam,
820 1815 875 1859 ut
912 1820 1071 1860 nemo
1100 1804 1164 1860 de
1203 1819 1263 1860 se
1302 1813 1611 1871 pra'sumat,
1646 1803 1743 1859 sed
1786 1804 1875 1874 qui
1904 1802 2096 1873 gloria-
2126 1784 2176 1847 Β
2201 1784 2314 1863 mea
2330 1807 2397 1860 ad
2420 1807 2696 1877 Dominum
2715 1806 3017 1876 deprecatus
3038 1820 3170 1858 sum.
3193 1803 3350 1872 Quod
3376 1802 3749 1883 dixit,clamavi,

513 1906 617 1965 tur.
651 1900 705 1951 in
734 1897 953 1951 Domino
976 1898 1222 1969 glorietur
1248 1897 1289 1967 (Ι
1320 1896 1438 1951 Cor.
1467 1913 1505 1958 ι.
1536 1898 1651 1964 51)-
2203 1901 2455 1970 esposnit
2499 1899 2765 1967 dicendo,
2800 1899 3102 1968 deprecatus
3130 1914 3244 1950 sum
3276 1911 3395 1950 voce
3428 1911 3561 1958 mea,
3591 1894 3636 1961 id
3661 1902 3752 1970 cst,

585 1989 765 2059 (ινα-ε.
788 1989 869 2059 6.)
900 1968 1138 2059 Absorpti
1158 1999 1275 2042 sunt
1285 1992 1439 2057 juxta
1464 1998 1659 2060 petram
1683 1987 1880 2055 iudices
1901 2002 2095 2041 eorum.

2202 1996 2449 2051 interiori
2481 1992 2698 2069 affectu,
2734 2007 2832 2048 nec
2865 1992 3109 2059 corporis
3133 2005 3293 2055 voce,
3327 1988 3422 2044 scd
3450 1987 3648 2042 mentis.

515 2080 731 2142 Iudices
751 2100 949 2150 eorum,
983 2081 1035 2135 id
1066 2090 1169 2151 est,
1202 2082 1445 2152 magistri
1472 2083 1733 2151 ipsorum,
1765 2080 1854 2151 qui
1884 2081 1981 2135 sibi
2016 2079 2102 2149 ju-
2278 2087 2464 2159 (Vers.
2496 2084 2576 2158 3.)
2607 2083 2835 2153 Eﬂundo
2868 2086 2919 2137 in
2948 2091 3220 2151 conspectu
3248 2084 3355 2154 ejus
3378 2096 3564 2151 precem
3591 2091 3752 2158 nteant;

515 2177 715 2232 dicium
754 2176 1031 2232 vindicant
1058 2174 1126 2229 de
1166 2176 1559 2229 mundanorum
1589 2176 1902 2243 dogmatum
1941 2172 2097 2225 disci-

2206 2180 2258 2235 id
2284 2190 2367 2235 est
2388 2221 2402 2245 ,
2451 2180 2505 2233 in
2542 2190 2753 2233 secreto
2782 2176 2982 2240 cordis,
3012 2175 3155 2246 quod
3201 2174 3354 2243 solus
3380 2173 3519 2227 Deus
3553 2169 3680 2224 audit
3712 2154 3754 2223 et

519 2271 703 2341 plinis,
732 2269 779 2324 si
810 2269 1306 2340 petraejungantur,
1338 2268 1389 2323 id
1419 2276 1520 2332 est,
1554 2269 1599 2321 si
1633 2266 1849 2322 Christo
1878 2279 2102 2334 compa-
2205 2270 2350 2325 videt
2396 2269 2447 2324 in
2482 2286 2587 2340 qun
2623 2269 2874 2324 cubiculo
2894 2310 2908 2335 ,
2934 2260 3123 2323 clauso
3152 2267 3299 2322 ostio
3320 2307 3333 2332 ,
3362 2265 3602 2336 juhcmur
3626 2274 3753 2333 orate

520 2370 729 2424 ιτοηιυτο
758 2360 1000 2429 δῠεονριί
1027 2369 1169 2423 sum.
1203 2358 1254 2413 Μ
1285 2366 1389 2424 εει.
1418 2359 1550 2413 nihil
1574 2360 1675 2414 1οοὶ
1699 2355 2103 2423 δθυεδιιιιῑ,εεά
2209 2366 2424 2435 (Matth.
2452 2380 2525 2428 vt,
2550 2364 2630 2434 6),
2653 2379 2718 2417 nc
2739 2362 3035 2433 penetralia
3060 2371 3249 2415 nostra
3272 2366 3487 2435 pateant
3516 2352 3749 2411 tentatnri.

520 2454 575 2509 in
606 2468 702 2513 sua
727 2454 967 2508 vanitate
991 2451 1263 2514 deficient,
1286 2451 1408 2523 quia
1440 2453 1541 2507 etsi
1566 2452 1767 2522 aliquid
1798 2451 1936 2507 recti
1961 2449 2106 2507 veri-
2211 2432 2324 2513 bno
2370 2432 2965 2527 quippe-suntqnibus
2994 2454 3233 2508 maxime
3269 2432 3501 2505 hominis
3539 2446 3753 2502 interiora

519 2563 625 2619 que
653 2547 911 2612 dixerint,
938 2563 1043 2602 non
1074 2548 1387 2617 cujusquam
1416 2547 1671 2613 hominis,
1703 2546 1796 2601 sed
1826 2555 1910 2601 est
1937 2547 2105 2608 ipsius
2211 2551 2524 2621 pulsantur,
2580 2564 2728 2603 amor
2758 2546 2970 2602 scilicet
2998 2556 3053 2601 et
3084 2547 3245 2599 timor
3281 2562 3293 2598 :
3330 2543 3523 2613 quibus
3565 2537 3755 2610 geminis

519 2642 784 2697 veritatis.
819 2642 1039 2697 Audient
1069 2642 1217 2695 verba
1254 2657 1387 2707 mea,
1419 2643 1659 2712 quoniam
1701 2642 2102 2709 pmvatucrunt.
2207 2645 2449 2698 motibus
2478 2643 2688 2697 animus
2713 2650 2804 2695 aut
2832 2642 3073 2709 aperitur
3104 2648 3196 2693 aut
3222 2637 3512 2694 clauditur.
3542 2633 3635 2691 Sed
3658 2646 3755 2701 cum

520 2733 870 2804 Evangelium
894 2735 1137 2788 veritatis
1161 2735 1303 2788 nulla
1332 2735 1707 2804 persecutione
1730 2733 2103 2803 superabitur:
2210 2744 2483 2791 terrenum
2528 2744 2613 2790 est
2637 2732 2779 2805 quod
2828 2730 2977 2801 cupit
3004 2732 3088 2786 vel
3116 2732 3305 2809 timet,
3356 2726 3561 2783 diabolo
3589 2723 3757 2795 prmbet

521 2826 716 2882 cedent
741 2827 909 2895 impii,
938 2827 1131 2881 cedent
1162 2826 1436 2896 loquaces,
1465 2839 1518 2881 et
1548 2827 1759 2897 ingenia
1810 2826 2108 2881 a’dversan-
2212 2828 2520 2891 introitum;
2551 2840 2671 2881 cum
2702 2836 2882 2879 autem
2915 2838 3035 2892 qua:
3069 2836 3284 2876 sursum
3324 2828 3447 2875 sunt
3473 2817 3633 2886 sapit,
3670 2827 3755 2868 non

521 2922 655 2977 tium
701 2922 999 2992 discipulos
1044 2921 1241 2975 Christi
1292 2921 1491 2975 facient
1538 2921 1808 2975 doctores.
1858 2920 1973 2975 Non
2014 2934 2109 2975 eos
2210 2935 2332 2992 qua:
2354 2936 2517 2988 super
2538 2929 2733 2973 terram
2763 2915 2983 2989 (Coloss.
3006 2931 3086 2983 tn,
3114 2916 3135 2970 l
3164 2923 3212 2969 et
3240 2914 3321 2984 ἓ),
3357 2914 3493 2968 Deus
3517 2908 3755 2985 recipitur,

526 3015 741 3078 exsilia,
773 3028 895 3067 non'
925 3012 1141 3077 damna,
1174 3026 1278 3065 non
1312 3022 1534 3079 mortes,
1566 3028 1671 3067 non
1700 3028 1831 3067 crux
1863 3013 1975 3083 ipsa
2002 3022 2110 3068 ter-
2214 3022 2269 3070 et
2290 3022 2525 3068 tentatur
2542 3008 3294 3067 excluditur.Tributationem
3321 3022 3481 3061 meant
3502 3004 3756 3073 anteipsum

525 3107 684 3173 rebit,
717 3106 969 3175 quoniam
1013 3104 1378 3173 praevalebunt
1418 3106 1581 3159 verba
1624 3120 1763 3173 mea,
1806 3114 1861 3160 et
1904 3106 2112 3175 passio-
2158 3176 2180 3180 Ar
2213 3106 2508 3180 pronuntio.
2553 3102 2708 3170 Quod
2750 3103 2950 3158 dictum
2978 3109 3090 3167 est,
3123 3102 3176 3154 in
3199 3107 3470 3169 conspectu
3508 3101 3634 3169 ejus,
3677 3092 3758 3147 lioc

526 3198 686 3254 nibus
707 3207 999 3267 martyrum
1028 3196 1472 3265 multiplicabitur
1497 3198 1665 3265 gloria
1691 3198 2105 3267 triumphorum.
2136 3176 2185 3243 δ
2216 3176 2318 3266 est,
2351 3208 2402 3253 et
2434 3206 2550 3251 ante
2592 3198 2796 3269 ipsum;
2824 3195 2917 3251 sed
2944 3192 3271 3265 repetitione
3313 3192 3603 3248 ostenditur
3628 3198 3757 3259 quam

598 3290 779 3355 (Vcrs.
814 3288 893 3361 7.)
925 3288 1073 3344 Sicut
1102 3289 1396 3343 crassitudo
1424 3296 1575 3344 terra:
1604 3290 1839 3359 disrupta
1864 3301 1936 3344 est
1959 3305 2114 3358 super
2212 3294 2550 3349 incessanter
2573 3292 2677 3346 hoc
2716 3291 2899 3356 faciat,
2932 3299 2985 3345 et
3007 3304 3164 3361 quam
3194 3287 3337 3361 nihil
3368 3288 3483 3342 sine
3510 3285 3609 3339 Deo
3634 3288 3756 3361 agat,

529 3393 737 3450 terram,
764 3383 997 3453 dispersa
1018 3390 1138 3436 sunt
1161 3398 1276 3435 ossa
1302 3393 1476 3436 nostra
1497 3399 1640 3437 secus
1666 3385 1945 3453 infernum.
1972 3384 2112 3440 Mor-
2215 3390 2304 3459 qui
2338 3401 2550 3457 semper
2578 3388 2751 3456 ipsum
2783 3399 2843 3457 se
2872 3382 3074 3455 habere
3106 3392 3160 3438 et
3190 3381 3491 3453 adjutorem
3521 3376 3758 3448 proﬁtetur

527 3477 671 3532 tibus
696 3486 991 3549 martyrum
1023 3486 1077 3531 et
1116 3477 1377 3547 sanguine
1425 3477 1729 3532 occisorum
1771 3488 2108 3547 sanctorum,
2215 3488 2270 3536 et
2296 3488 2512 3535 testem.

528 3585 755 3640 quorum
783 3584 904 3625 osSa
940 3570 1183 3638 disperso
1224 3577 1372 3636 sunt,
1406 3570 1701 3624 incrassata
1733 3578 1816 3626 est
1846 3582 2026 3637 terra;
2059 3580 2114 3627 et
2289 3571 2477 3645 (Vcrs.
2525 3572 2619 3640 4.)
2676 3567 2744 3624 In
2797 3568 3078 3640 deﬁciendo
3133 3568 3187 3621 in
3240 3584 3322 3622 me
3377 3566 3579 3637 spiritus
3627 3575 3755 3627 meus,

528 3664 668 3719 sicut
702 3667 812 3733 agri
835 3663 901 3717 de
928 3664 1132 3727 cinere,
1166 3676 1228 3717 ac
1257 3662 1322 3716 de
1354 3670 1615 3726 stercore,
1649 3678 1711 3718 ac
1741 3662 1808 3717 de
1839 3664 2113 3718 vilissimis
2214 3661 2497 3718 Confessio
2534 3670 2617 3715 cst
2662 3661 3019 3724 humilitatis,
3074 3668 3101 3695 ι
3150 3674 3254 3730 qua
3302 3670 3489 3730 potens
3517 3658 3573 3711 fit
3608 3652 3685 3725 qui
3716 3651 3759 3705 in

527 3758 884 3813 excrementis
911 3758 1055 3813 vires
1088 3758 1352 3812 ubertatis
1375 3758 1665 3827 accipiunt,
1690 3758 1764 3811 ita
1790 3772 1982 3812 cruore
2009 3772 2115 3812 (εω-
2214 3756 2563 3813 tribulatione
2584 3769 2691 3809 non
2714 3754 2919 3827 deficit.
2948 3752 3264 3809 Vinceretur
3286 3739 3426 3817 cnim
3448 3752 3530 3825 qui
3548 3740 3757 3831 spiritum

530 3865 713 3904 surum
739 3852 951 3905 testium
975 3850 1176 3904 Christi
1209 3858 1352 3904 totus
1379 3850 1700 3905 fecundatus
1727 3859 1812 3905 est
1840 3851 2069 3905 mundus
2096 3870 2108 3905 :
2218 3866 2324 3906 non
2353 3849 2696 3920 profiteretur
2718 3847 2995 3901 infirmum
3027 3862 3040 3899 :
3072 3845 3195 3915 quia
3219 3844 3311 3900 ille
3336 3843 3537 3913 Spiritu
3568 3839 3648 3895 Dei
3670 3834 3760 3905 agi-

530 3952 591 3997 ut
619 3944 816 4011 ubique
846 3957 1000 4013 seges
1021 3952 1312 4013 martyrum
1339 3951 1633 4009 cresceret,
1664 3952 1719 3997 et
1742 3944 2114 3998 insererentur
2216 3955 2334 4011 tur,
2376 3944 2467 4015 qui
2497 3956 2595 3996 suo
2644 3939 2835 4011 Spiritu
2864 3955 2974 4012 non
3020 3937 3256 3993 inﬂatur.
3311 3937 3379 3991 Et
3425 3945 3473 3991 tu
3523 3926 3760 4004 cognovisti

530 4033 687 4096 cosio,
717 4033 805 4102 qui
830 4033 1224 4103 deputabantur
1253 4035 1486 4089 inferno.
2216 4038 2422 4092 semitas
2444 4052 2598 4089 meas.
2632 4026 2768 4101 Quo,
2801 4031 2990 4102 inquit,
3022 4030 3354 4086 desiderium
3384 4044 3556 4085 meum
3582 4023 3759 4085 tendat,

598 4124 780 4193 (Vers.
811 4124 889 4193 8.)
920 4123 1174 4191 Quoniam
1203 4124 1271 4176 ad
1298 4132 1362 4189 te,
1393 4123 1631 4191 Domine,
1658 4126 1793 4179 oculi
1821 4128 1955 4192 mei;
1985 4128 2037 4181 in
2068 4136 2116 4181 te
2217 4138 2272 4185 et
2316 4128 2383 4182 ad
2424 4142 2582 4198 quem
2608 4126 2769 4187 finem
2798 4139 2993 4183 omnes
3032 4138 3167 4181 metu
3208 4130 3501 4193 properent
3528 4117 3759 4174 actionCS.

527 4217 747 4287 speravi,
786 4233 851 4271 ne
890 4216 1094 4286 auferas
1138 4217 1363 4270 animum
1393 4234 1576 4271 meam.
1625 4217 1822 4272 Contra
1855 4221 2114 4275 saevitiam
2218 4224 2498 4278 scientiam
2518 4231 2661 4276 tuam
2680 4236 2786 4275 non
2809 4219 2941 4274 latet
2961 4218 3087 4290 quia
3116 4217 3496 4274 semitasmeas
3518 4206 3761 4282 £05!wais

527 4308 968 4381 persequentium
999 4324 1107 4363 vox
1135 4309 1202 4363 ad
1251 4308 1536 4363 Dominum
1566 4311 1829 4365 emittitur
1856 4314 1910 4366 in
1942 4312 2115 4369 tribu-
2218 4332 2338 4373 esse
2360 4314 2764 4370 misericordias
2789 4324 2924 4367 tuas.
2949 4312 3196 4397 Coguitio
3220 4318 3402 4371 autem
3429 4309 3518 4365 Dei
3544 4307 3674 4362 salus
3697 4306 3762 4355 est

530 4402 726 4457 latione
751 4403 1069 4472 positorum,
1095 4416 1165 4456 ne
1190 4401 1313 4456 fidei
1339 4401 1705 4456 fortitudinem
1728 4413 1945 4472 superet
1974 4412 2117 4458 atro—
2219 4408 2416 4479 cogniti
2454 4424 2465 4459 :
2498 4421 2619 4461 eum
2647 4405 2789 4459 enim
2826 4420 2929 4459 non
2961 4404 3266 4475 cognoscit,
3300 4402 3354 4457 in
3385 4416 3488 4473 quo
3514 4413 3659 4468 opera
3684 4404 3762 4461 sua

531 4497 666 4552 cit-as
699 4496 1026 4562 passionum.
1054 4495 1444 4565 Petiturigitur
1473 4496 1774 4563 tolerantia,
1805 4507 1859 4551 ut
1886 4496 2115 4553 validior
2219 4508 2277 4557 et
2325 4500 2465 4554 dona
2512 4514 2618 4553 non
2665 4498 2891 4553 invenit.
2937 4494 3004 4550 In
3040 4488 3129 4550 uia
3169 4496 3265 4549 hac
3293 4512 3395 4567 qua
3434 4490 3760 4548 ambulabam,

533 4589 605 4643 sit
634 4588 852 4643 dilectio
889 4588 984 4643 Dei
1016 4604 1171 4657 quam
1201 4588 1516 4658 magnitudo
1542 4589 1816 4659 supplicii.
2138 4574 2191 4633 D
2216 4594 2591 4650 absconderant
2629 4594 2836 4663 laqueos
2873 4591 3020 4645 milii.
3054 4590 3153 4663 Via
3200 4599 3508 4654 sanctorum
3558 4580 3759 4645 omnium

603 4682 783 4754 (Vers.
810 4680 888 4753 9.)
920 4682 1132 4736 Custodi
1160 4699 1238 4736 me
1263 4699 1295 4737 a
1322 4685 1629 4753 muscipula,
1654 4701 1805 4755 quam
1828 4694 2113 4739 statuerunt
2216 4684 2463 4741 Christus
2495 4691 2607 4750 est,
2654 4674 2709 4738 in
2760 4699 2868 4763 quo
2903 4684 3140 4739 volentes
3171 4684 3257 4753 pie
3288 4684 3470 4737 vivere
3490 4721 3504 4747 ,
3545 4685 3762 4753 pchCCU‘

529 4774 676 4843 mihi,
726 4782 773 4827 et
818 4774 883 4827 ab
920 4775 1181 4828 scandatis
1231 4776 1549 4846 aperantium
1599 4777 1929 4846 iniquitatem.
1983 4779 2113 4845 Quae
2220 4781 2420 4836 tionem
2470 4780 2747 4850 patiuntur
2776 4762 2849 4849 (Il
2881 4777 3013 4831 Tim.
3046 4786 3101 4833 ut
3125 4819 3139 4836 .
3174 4777 3282 4848 12).
3504 4762 3625 4841 Qtlia
3652 4777 3763 4837 CR“!

528 4880 645 4922 erat
672 4867 981 4938 nmscipata,
1030 4866 1133 4921 nisi
1176 4882 1278 4922 vos
1324 4869 1710 4937 persecutoris,
1759 4869 2005 4935 dicentis,
2057 4870 2114 4927 Si
2216 4874 2415 4930 Christi
2464 4872 2660 4930 Judmis
2688 4872 2901 4943 quidem
2935 4870 3243 4925 scandalum
3273 4914 3287 4939 ,
3338 4867 3581 4943 gentibus
3607 4870 3757 4931 autem

529 4962 824 5024 censentis,
853 4973 1037 5029 parco,
1070 4967 1128 5013 ut
1152 4974 1249 5030 per
1274 4959 1453 5014 cibum
1484 4961 1764 5029 praesentis
1794 4960 1918 5015 vitae
1945 4962 2114 5016 iretur
2218 4966 2443 5023 stultitia
2474 4975 2559 5022 est
2588 4966 2635 5036 (ἰ
2660 4940 2777 5020 σὸν.
2833 4982 2871 5033 ι,
2903 4961 3020 5036 25).
3049 4964 3148 5030 Qui
3194 4940 3569 5036 ergorChristo
3603 4955 3763 5017 adver-

529 5054 581 5108 in
612 5054 834 5124 laqueos
874 5054 1061 5108 mortis
1099 5052 1348 5107 telorum?
1395 5051 1522 5119 Qua:
1554 5064 1730 5108 autem
1778 5062 2112 5109 crantscan-
2219 5071 2439 5126 εειιιυιι,
2492 5060 2545 5115 in
2594 5061 2680 5113 via
2728 5074 2790 5113 se
2827 5073 3027 5127 ponere
3070 5040 3377 5111 scandalum
3407 5060 3617 5141 ρυιοηι,
3663 5055 3763 5103 cum

529 5148 672 5212 dala,
704 5149 803 5203 nisi
830 5148 1079 5217 exeiigapla
1121 5148 1414 5215 lapsorum,
1446 5162 1669 5218 quorum
1701 5147 1869 5217 impio
1895 5147 2111 5204 defectu
2218 5153 2541 5211 Christianis
2571 5142 3037 5207 cruciﬁxinomen
3071 5132 3418 5218 exprobrant.
3448 5145 3549 5202 Sed
3579 5154 3685 5197 cum
3709 5132 3764 5188 ab

528 5242 783 5313 patientia
818 5241 1275 5310 perseverantium
1302 5241 1657 5325 gravabatur?
2218 5247 2336 5325 ejus
2365 5247 2656 5323 Evangelia
2682 5259 2902 5318 gressus
2927 5243 3162 5317 fidelium
3186 5259 3291 5303 non
3315 5244 3627 5307 absterrent,
3647 5225 3763 5295 nihil

603 5332 782 5403 (Vers.
820 5332 933 5404 1,0.)
992 5332 1186 5403 Cadent
1234 5333 1286 5395 in
1333 5334 1576 5388 retiaculo
1624 5336 1734 5405 ejus
1783 5340 2111 5402 peccatores:
2221 5347 2447 5410 possunt
2473 5340 2524 5401 in
2552 5338 2641 5395 via
2664 5338 2935 5396 collocare
2955 5338 3311 5409 laqueorum:
3342 5336 3464 5408 quia
3489 5334 3542 5387 in
3562 5326 3762 5385 veritate

528 5438 638 5481 non
658 5424 783 5494 quia
810 5425 1057 5494 cuiquam
1090 5425 1344 5481 virtutem
1376 5441 1483 5481 non
1520 5426 1747 5481 cadendi
1776 5425 1985 5494 justiti:
2010 5440 2111 5482 sua
2220 5430 2423 5486 falsitas
2455 5445 2560 5485 non
2586 5430 2738 5497 latet,
2769 5445 2869 5485 nec
2895 5429 3078 5486 valent
3106 5430 3347 5487 tenebras
3377 5429 3430 5483 in
3462 5426 3575 5491 luce
3598 5415 3763 5487 delite-

528 5516 761 5582 dederit,
792 5530 911 5571 cum
956 5518 1127 5587 gratia
1157 5518 1249 5585 Dei
1280 5519 1477 5574 multos
1522 5520 1685 5599 509
1713 5519 1873 5574 etiam
1905 5535 1973 5575 ex
2004 5521 2106 5576 im-
2214 5536 2390 5580 scere.
2419 5522 2727 5589 Secundum
2758 5522 2995 5597 animum
3021 5538 3153 5599 ergo
3196 5520 3558 5593 insidiantium
3585 5511 3762 5581 dictum

528 5611 631 5684 piis
663 5610 923 5685 martyrio
942 5614 1224 5685 coronarit
1243 5629 1262 5691 ί
1290 5612 1389 5685 sed
1428 5613 1550 5689 ideo
1590 5613 1840 5687 dicuntur
1864 5622 2115 5691 peceato-
2215 5624 2299 5691 est
2324 5616 2470 5691 quod
2500 5616 2556 5675 in
2581 5616 2666 5683 via
2707 5615 3116 5683 absconderant
3140 5618 3401 5692 laqueos,
3424 5612 3515 5687 qui
3547 5600 3763 5683 proli!“

599 5788 735 5853 *δίο
758 5788 929 5866 Lugd.
972 5791 1161 5853 editio.
1199 5792 1405 5854 Lovan.
1436 5802 1494 5855 et
1535 5797 1729 5867 Duac.,
1759 5796 1881 5868 quia
1916 5808 2094 5870 potens
2112 5798 2193 5870 ﬁt.
2223 5795 2442 5869 Boiam,
2471 5797 2591 5871 quia
2607 5803 2785 5870 potens
2804 5794 2896 5856 sit.
