4006 6356
157 343 250 404 ιοις

900 325 1327 385 PSALMORUM
1369 323 1414 380 Α
1449 323 1494 384 0
1532 321 1626 386 Δι)
1663 319 1749 376 CL
1787 319 2176 382 EXPOSITIO.
2217 319 2415 378 PSAL.
2455 287 2662 378 CXLII.

3327 317 3440 388 ιω

161 466 364 533 quoque
413 447 534 508 suis
558 444 842 505 fraudibus
885 439 1197 502 obsidentes
1221 478 1238 505 .
1287 436 1423 501 nulli
1451 450 1549 512 per
1597 433 1740 496 vista
1767 437 1822 506 Α
1845 433 2086 496 condidit
2125 432 2276 504 (Gen.
2317 451 2367 502 ι,
2401 434 2516 505 3i);
2543 432 2638 494 sed
2661 450 2849 514 corpus
2875 432 3018 508 quod
3063 434 3436 510 corrumpitur,

161 544 408 626 gradienti
439 557 642 599 nocere
676 543 988 610 potuerunt.

222 645 397 718 (Vers.
430 639 515 710 Β.)
544 631 944 692 Considerabatn
970 631 1042 687 ad
1073 630 1339 694 dexteram
1359 666 1375 693 .
1403 634 1451 684 et
1476 623 1739 688 videbam;

162 716 240 797 nec
264 745 369 791 erat
407 733 498 804 qui
525 736 852 804 cognosceret
887 742 988 782 Iste.
1025 725 1256 784 Dextera
1295 728 1426 781 sunt
1445 760 1463 786 .
1493 734 1614 790 quae
1642 716 1741 779 Dei

163 840 271 888 sunt
306 837 362 884 et
405 826 474 880 ad
505 822 602 878 Dei
633 820 901 894 promissa
932 818 1264 889 perducunt,
1305 813 1499 886 quibus
1528 811 1742 874 animus

167 923 269 994 eius
309 918 403 990 qui
437 913 869 988 persecutionem
898 910 1130 969 sustinet
1157 924 1267 970 non
1295 906 1580 967 avertitur.
1616 901 1744 964 Haec

167 1028 276 1084 ergo
296 1025 418 1083 qua
443 1009 636 1068 dextra
663 1015 787 1060 sunt
817 1003 1062 1068 intuens,
1096 1000 1364 1072 promissa
1384 1009 1742 1068 perseveram-

169 1105 292 1161 tibus
321 1101 549 1172 przemia
577 1097 722 1155 videt
744 1105 800 1156 et
825 1095 1023 1165 accipit
1054 1111 1068 1148 :
1117 1088 1579 1164 perseverantiam
1609 1087 1746 1152 tolev

171 1199 341 1256 rantite
361 1207 420 1252 et
440 1194 794 1250 dilectionem
827 1190 925 1248 Dei
957 1189 1295 1260 assequitur,
1336 1202 1406 1250 ne
1435 1195 1743 1256 superetur.

171 1292 299 1347 lianc
327 1298 508 1348 tamen
535 1284 894 1342 intentionem
926 1297 1088 1342 nemo
1117 1279 1432 1352 cognoscit,
1472 1279 1598 1352 quia
1645 1277 1746 1338 ita.

173 1384 417 1459 possibile
439 1394 524 1438 est
544 1381 747 1437 homini
772 1378 1070 1450 penetralia
1089 1377 1250 1434 alieni
1271 1375 1456 1434 cordis
1478 1373 1743 1444 aspicere;

175 1479 293 1533 unde
321 1477 520 1531 merito
561 1473 775 1529 dixerat
803 1472 936 1536 Deo.
962 1469 1045 1530 Tu
1074 1469 1357 1540 cognovisti
1378 1467 1581 1524 semitas
1609 1481 1748 1526 rusus

174 1572 332 1644 (Ven.
360 1569 441 1642 4).
473 1568 640 1626 Periit
672 1568 796 1638 fuga
837 1583 869 1621 ιι
895 1582 976 1620 nte
1002 1606 1017 1632 ,
1067 1574 1114 1621 et
1143 1581 1244 1620 non
1271 1571 1347 1624 est
1391 1562 1480 1633 qui
1521 1561 1745 1632 requirat

173 1667 379 1720 animum
420 1678 608 1716 nteant.
648 1657 1052 1715 Circumlusus
1078 1655 1299 1727 quidem
1327 1670 1359 1710 a
1387 1654 1750 1724 persecutori-

175 1759 278 1824 bus,
310 1755 547 1828 perdidit
587 1753 859 1808 licentiam
888 1751 1051 1822 tugte,
1084 1765 1188 1819 qua
1218 1749 1292 1805 uti
1323 1755 1506 1816 posset
1544 1745 1748 1815 absque

177 1861 404 1926 peccato,
435 1850 513 1915 si,
547 1855 802 1903 manente
828 1844 955 1911 lide,
983 1843 1261 1914 suppliciis
1292 1840 1535 1898 membra
1563 1837 1740 1900 bmre-
1775 1831 1824 1898 Β
1853 1850 2053 1906 iudicat
2105 1844 2309 1902 Clu-isti

178 1955 308 2013 rent;
341 1944 436 2001 sed
461 1958 585 2000 eum
609 1943 664 1996 in
696 1939 970 2012 proposito
993 1937 1189 1998 mentis
1225 1935 1296 1992 sit
1335 1934 1546 2004 lapsum
1575 1930 1748 2000 magis

180 2041 350 2096 timere
379 2052 539 2109 quam
571 2049 820 2105 plenam,
850 2031 1012 2102 periit
1039 2029 1108 2084 ab
1133 2043 1199 2085 eo
1228 2027 1351 2097 fuga
1371 2067 1388 2093 ,
1428 2025 1518 2095 qui
1546 2023 1751 2084 mavult

180 2146 380 2188 omnem
421 2127 689 2185 smvitiam
729 2126 960 2182 tolerare
999 2136 1163 2194 quam
1190 2120 1409 2180 cedere.
1441 2117 1753 2178 Secundum

180 2236 344 2284 autem
389 2221 788 2279 multitudinem
828 2218 1267 2290 persequentium
1303 2212 1440 2272 dixit
1476 2227 1583 2270 non
1631 2225 1754 2272 esse

180 2321 258 2391 qui
284 2318 528 2388 requirat
554 2317 792 2370 animam
821 2312 962 2383 ejus,
987 2310 1110 2381 quia
1129 2354 1143 2377 ,
1177 2317 1371 2377 printer
1402 2306 1602 2368 dunutn
1634 2305 1750 2371 Dei,

184 2415 316 2469 nulla
345 2412 622 2466 hominum
654 2407 960 2466 consolatio
1001 2405 1105 2459 hoc
1125 2403 1374 2472 cuiquam
1404 2409 1583 2471 potest
1624 2413 1757 2454 con-

185 2505 311 2561 ferre
356 2501 598 2574 praesidii
622 2543 637 2569 ,
670 2508 732 2555 ut
771 2498 914 2555 inter
943 2499 1188 2568 urgentia
1219 2495 1357 2552 mala
1402 2493 1537 2552 ﬁdes
1585 2492 1756 2554 illam

189 2605 507 2668 permaneat.

247 2689 421 2758 (Vers.
452 2688 532 2755 ti.)
571 2683 802 2740 Clamavi
837 2682 906 2737 ad
935 2692 1012 2748 te,
1069 2678 1284 2736 Domine
1325 2693 1343 2738 ,τ
1397 2676 1544 2741 dixi,
1583 2673 1660 2736 Tu
1697 2660 1759 2736 ὀι

186 2799 291 2851 spes
311 2798 439 2844 mea,
464 2781 624 2848 portio
645 2794 758 2832 mea
773 2777 828 2831 in
859 2786 991 2830 terra
1017 2775 1312 2830 viventium.
1337 2769 1588 2831 Ostendit
1612 2768 1756 2830 unde

191 2873 581 2929 tribulationum
612 2869 1036 2940 magnitudinem
1071 2866 1412 2930 toleraverit,
1447 2864 1569 2932 quia
1610 2862 1760 2926 scili-

187 2975 266 3020 cet
309 2976 364 3020 et
391 2965 476 3020 hie
513 2974 624 3018 tota
672 2976 798 3032 spes
830 2960 997 3030 ipsius
1039 2959 1179 3014 Dens
1211 2966 1331 3024 est,
1378 2963 1433 3016 et
1480 2956 1534 3018 in
1579 2956 1761 3014 iuturo

189 3065 344 3112 totum
381 3057 660 3128 praemium
692 3054 862 3123 ipsius
889 3052 1032 3107 Deus
1062 3058 1181 3118 est,
1227 3048 1318 3118 qui
1348 3046 1454 3107 erit
1481 3046 1660 3109 omnia
1707 3046 1761 3106 in.

189 3152 421 3207 omnibus
452 3149 497 3220 (ἰ
524 3149 643 3204 Cor.
675 3164 766 3212 xv,
798 3146 916 3219 28).

249 3244 424 3317 (Vere.
455 3242 535 3313 7.)
582 3241 802 3295 Intende
841 3239 909 3293 ad
947 3238 1352 3308 deprecationem
1397 3251 1602 3301 meam,
1643 3236 1763 3305 quia
1792 3221 1838 3288 (ἶ

191 3335 476 3390 humiliatus
525 3349 640 3388 sum
669 3332 844 3388 nimis.
869 3329 1009 3386 Erue
1028 3345 1109 3385 me
1145 3346 1177 3384 a
1206 3327 1625 3400 persequentibus
1661 3343 1762 3383 nte.

195 3429 354 3485 Nimia
385 3428 722 3494 ttumiliatio,
773 3425 941 3482 nimia
971 3423 1304 3494 persecutio,
1331 3423 1485 3490 cujus
1514 3421 1622 3476 vim
1651 3419 1769 3480 sola

194 3524 445 3594 protectio
495 3524 597 3579 Dei
635 3521 823 3577 vincit.
859 3519 1044 3575 Potest
1086 3516 1308 3588 quidem
1341 3523 1604 3586 prastare
1643 3529 1771 3573 sano

191 3620 299 3684 etis,
345 3627 408 3673 ut
451 3619 508 3673 in
538 3632 634 3672 eos
664 3631 773 3671 non
805 3615 1042 3670 habeant
1089 3611 1386 3674 adversarii
1421 3617 1768 3680 potestatem,

193 3711 276 3766 sed
304 3710 608 3766 mirabilius
638 3708 883 3764 tribuens
919 3716 974 3762 ut
1010 3719 1225 3761 omnem
1265 3712 1527 3774 superent
1556 3703 1770 3773 passio-

194 3819 322 3858 nem.
353 3803 414 3859 ln
445 3800 887 3874 persecutoribus
915 3807 1097 3855 autem
1140 3813 1250 3858 non
1279 3798 1510 3852 humana
1563 3805 1770 3852 tantum

193 3896 428 3951 cavenda
453 3903 581 3950 sunt
607 3894 765 3962 odia,
796 3893 892 3950 sed
923 3893 1093 3947 multo
1125 3891 1297 3963 magis
1328 3890 1624 3946 inimicitia:
1662 3890 1773 3958 spi-

192 3987 377 4044 rituum
409 3987 800 4059 mslignorum,
826 3987 919 4056 qui
943 4000 1110 4056 opere
1135 3984 1510 4040 ministrorum
1546 3996 1771 4039 suorum

190 4082 354 4151 iustos
407 4082 504 4137 Dei
571 4083 803 4137 latenter
856 4082 1177 4150 impugnant
1221 4096 1235 4132 ε
1278 4077 1348 4133 de
1401 4075 1594 4147 quibus
1638 4075 1775 4134 dicit

193 4177 495 4247 Apostolus,
532 4176 653 4230 Non
675 4184 749 4230 est
794 4175 938 4229 nobis
965 4174 1264 4228 colluctatio
1291 4173 1536 4226 adversus
1571 4187 1775 4224 carnem

193 4279 233 4323 et
265 4271 593 4342 sanguinem,
626 4268 716 4323 sed
761 4269 1004 4322 adversus
1027 4268 1186 4340 511
1225 4266 1512 4337 principes,
1555 4272 1603 4318 et
1628 4275 1774 4333 pote—

193 4370 366 4428 states,
415 4369 463 4416 et
509 4370 732 4415 rectores
780 4361 934 4433 hujus
971 4361 1178 4423 mundi,
1229 4361 1552 4412 tenebrarum
1592 4357 1776 4410 harum

193 4451 404 4524 (Ephes.
440 4468 517 4520 vr,
550 4453 662 4521 η).
693 4445 864 4520 Quem
893 4467 1019 4508 vero
1047 4461 1313 4506 rectorem
1342 4450 1546 4505 habent
1573 4449 1772 4520 iniqui,

1839 535 2088 600 aggravet
2110 528 2334 590 animam
2365 526 2518 600 (Sap.
2551 543 2638 596 ts,
2689 525 2801 595 15).
2842 526 2956 581 Non
2983 541 3013 584 a
3045 540 3312 600 corpore.
3340 527 3441 586 sed

1841 637 1871 676 a
1897 620 2244 689 corruptione
2270 620 2514 690 corporis
2539 619 2772 673 animum
2801 633 2956 680 suam
2981 627 3134 688 optat
3165 621 3350 686 educi,
3379 628 3438 686 ut

1841 713 2240 775 confessionem
2274 712 2597 776 laudationis
2638 712 2734 772 Dei
2769 713 2914 783 nulla
2956 713 3252 790 necessitas
3292 728 3438 770 mor-

1845 808 2066 872 talitatis
2116 806 2394 880 impediat.
2429 807 2518 866 Me
2563 817 2855 880 exspectant
2871 808 3043 880 justi.
3089 807 3250 868 donec
3278 807 3434 866 retrio

1845 903 1969 966 bitas
1997 901 2144 964 mihi.
2177 901 2346 962 Totus
2374 901 2611 974 psalmus
2640 900 2807 972 ipsius
2837 898 3028 974 capitis
3058 914 3193 960 voce
3218 899 3439 972 conclu-

1846 997 2012 1064 ditur,
2033 997 2119 1054 cui
2142 1005 2194 1054 et
2217 993 2361 1066 quod
2384 993 2624 1054 membra
2651 993 2766 1064 eius
2791 993 3083 1068 patiuntur,
3109 989 3360 1064 infertur,
3386 999 3441 1052 et

1847 1091 1900 1148 in
1934 1105 2044 1164 quo
2079 1088 2260 1148 omnis
2292 1087 2532 1150 Ecclesia
2563 1085 2978 1158 gluriiicobitur,
3000 1101 3120 1158 qua
3157 1069 3439 1150 beatorum

1850 1183 2272 1246 retributionum
2312 1190 2590 1252 exspectat
2618 1190 2892 1244 θυρίσι-ειη
2916 1221 2932 1245 .
2965 1180 3232 1256 dicentem
3263 1176 3438 1240 Patri,

1858 1277 1986 1340 Volo
2012 1287 2069 1338 ut
2092 1277 2178 1337 ubi
2199 1292 2292 1348 ego
2304 1273 2612 1344 sum,etipsi
2636 1273 2739 1333 sint
2755 1288 2952 1332 mecum
2975 1268 3154 1345 (Joatt.
3171 1286 3301 1340 mi,
3321 1265 3438 1338 24).

2368 1425 2684 1510 Ρδιιλιιυε.
2723 1423 2930 1481 cxm.

1925 1571 2109 1641 (Vere.
2143 1569 2221 1640 1.)
2258 1566 2511 1631 Domine,
2559 1563 2748 1622 exaudi
2777 1562 3058 1620 oratimtem
3098 1575 3299 1624 meum,
3345 1575 3444 1616 auo

1852 1663 1991 1717 ribus
2039 1663 2242 1732 percipe
2294 1657 2709 1728 deprecationem
2748 1670 2916 1712 meum
2961 1655 3014 1710 in
3061 1652 3270 1716 raritate
3319 1659 3404 1704 tua
3431 1689 3446 1712 ,

1852 1755 2045 1812 exaudi
2091 1769 2170 1808 me
2217 1751 2272 1809 in
2300 1761 2390 1809 tua
2408 1749 2634 1822 justitia.
2670 1746 2882 1804 Titulus
2915 1742 3105 1813 psalmi
3145 1742 3449 1811 pusionem

2358 1861 2372 1897 :
2421 1843 2536 1913 ipse
2585 1849 2671 1898 est
2717 1840 2862 1896 enim
2895 1852 3058 1894 verus
3088 1833 3296 1897 David.
3357 1830 3450 1900 qui

1854 1955 1909 2000 et
1953 1945 2005 2000 in
2047 1957 2107 1997 se
2147 1939 2284 1996 etin
2326 1938 2439 1994 suis
2482 1934 2911 2005 persecutionem
2943 1940 2998 1988 et
3034 1930 3292 1990 falsorum
3343 1925 3451 1984 ira-

1857 2045 2000 2093 trum
2030 2043 2085 2090 et
2129 2031 2392 2088 falsorum
2435 2028 2664 2086 sustinet
2693 2025 2952 2082 ﬁliorum.
3001 2032 3026 2064 ι
3067 2020 3278 2080 Clamat
3322 2034 3451 2088 ergo

1856 2132 1924 2187 ad
1955 2130 2122 2185 Deum
2165 2135 2221 2182 et
2258 2133 2420 2196 caput
2445 2123 2497 2180 in
2545 2136 2792 2191 corpore,
2835 2128 2890 2176 et
2915 2131 3115 2186 corpus
3161 2117 3214 2172 in
3241 2114 3447 2188 capite,

1859 2225 1963 2279 hoc
1989 2231 2092 2287 est,
2129 2219 2372 2276 Ecclesia
2402 2218 2454 2274 in
2485 2213 2704 2271 Christo
2734 2221 2794 2270 et
2819 2210 3074 2266 Christus
3103 2207 3158 2267 iu
3186 2205 3446 2270 Ecclesia;

1857 2324 1912 2371 et
1957 2329 2077 2370 cum
2121 2325 2284 2370 orans
2308 2310 2362 2366 in
2391 2307 2487 2366 Dei
2523 2305 2729 2376 iustitia
2761 2303 2934 2374 poscit
2961 2301 3170 2365 audiri.
3211 2296 3455 2358 mirabili

1859 2404 2202 2462 confessione
2244 2399 2501 2474 exprimit
2526 2398 2759 2464 gratiam
2805 2395 2933 2462 Dei,
2966 2407 3033 2448 ne
3062 2391 3350 2461 quisquam
3395 2389 3453 2446 in

1859 2515 1955 2557 sua
1983 2497 2192 2568 justitia
2235 2507 2452 2563 precem
2485 2505 2638 2548 suam
2689 2487 2962 2546 existimet
3007 2485 3206 2554 recipi,
3238 2498 3360 2538 cum
3406 2482 3456 2538 si

1861 2588 1989 2659 quid
2020 2588 2148 2646 boni
2192 2595 2454 2648 meretur,
2491 2597 2558 2638 ex
2583 2581 2697 2638 Deo
2727 2579 2825 2643 sit,
2860 2593 2962 2634 nec
2993 2577 3167 2647 possit
3204 2584 3456 2645 peccator

1862 2684 2000 2739 bene
2044 2694 2234 2751 agere,
2269 2677 2371 2734 nisi
2421 2676 2489 2734 ab
2531 2674 2624 2732 illo
2663 2672 2992 2742 justiiicatus
3042 2669 3132 2738 qui
3183 2668 3454 2724 nemiuem

1865 2776 2139 2834 hominum
2165 2773 2270 2832 nisi
2303 2770 2354 2826 in
2384 2776 2730 2837 peccatorum
2753 2763 3078 2822 remissione
3102 2761 3380 2830 justilicat.

1939 2870 2119 2939 (Vers.
2145 2866 2226 2935 9.)
2259 2865 2323 2922 Et
2355 2879 2456 2922 non
2484 2863 2644 2917 intres
2674 2862 2728 2916 in
2742 2860 3000 2932 judicium
3026 2873 3143 2913 cum
3180 2871 3320 2912 servo
3348 2864 3454 2920 tuo,

1867 2967 1989 3036 quia
2018 2979 2120 3016 non
2141 2957 2519 3034 justiﬁcabitur
2548 2957 2603 3010 iu
2631 2962 2906 3022 conspectu
2935 2963 3026 3008 tuo
3053 2952 3216 3008 omnis
3264 2950 3455 3004 uiuens.

1869 3057 1990 3113 Cito
2013 3054 2226 3126 aperuit
2249 3066 2417 3122 quare
2444 3048 2613 3108 nollet
2638 3063 2699 3103 se
2727 3047 2925 3104 divinae
2951 3059 3270 3114 comparare
3294 3042 3453 3110 justi-

1871 3151 1990 3216 tiaa,
2021 3158 2074 3204 et
2102 3161 2226 3202 cum
2261 3145 2372 3199 Deo
2405 3142 2658 3199 metuenit
2682 3139 2937 3210 iudicari,
2971 3138 3106 3206 Quia
3132 3154 3237 3192 non
3265 3134 3459 3206 iusti/io

1870 3243 2070 3296 rabitur
2096 3240 2149 3293 in
2176 3246 2449 3305 conspectu
2474 3245 2564 3289 tuo
2591 3234 2753 3287 omnis
2778 3233 2968 3288 virens.
2998 3227 3280 3299 Quomodo
3321 3240 3460 3295 prm-

1869 3347 2078 3390 sumam
2107 3331 2175 3385 de
2204 3329 2541 3394 innocentia,
2581 3326 2743 3398 δια
2767 3339 2887 3380 cum
2917 3339 2946 3378 ιι
2977 3332 3028 3378 te
3053 3319 3460 3378 convincendus

1871 3429 1972 3482 sim
1994 3424 2022 3466 δ
2054 3424 2122 3480 de
2149 3422 2448 3490 iniustitia?
2475 3424 2582 3476 Ant
2605 3419 2736 3488 quid
2770 3419 2898 3474 mihi
2931 3417 3059 3474 boui
3105 3415 3308 3486 proprii
3340 3412 3460 3468 vin.

1870 3517 2087 3584 dicabo,
2116 3514 2371 3586 quiquod
2394 3529 2500 3567 non
2531 3511 2748 3567 dederis
2777 3526 2887 3565 non
2913 3507 3121 3564 habeo!
3143 3506 3456 3574 Espavesco

1872 3609 2033 3681 igitur
2068 3607 2302 3674 discuti,
2359 3615 2544 3660 metuo
2580 3602 2843 3673 judicari;
2887 3600 3012 3670 quia
3058 3611 3218 3653 nemo
3261 3595 3317 3649 in
3360 3593 3460 3649 hac

1872 3702 2087 3762 mortali
2123 3714 2288 3756 carne
2316 3697 2614 3753 viventium
2642 3693 2916 3749 veraciter
2949 3696 3128 3760 potest
3173 3685 3354 3742 dicere
3401 3697 3463 3738 se

1874 3797 2080 3871 peccati
2117 3793 2365 3863 contagia
2397 3806 2505 3846 non
2544 3789 2764 3853 habere,
2788 3801 2910 3843 cum
2937 3783 3099 3840 etiam
3137 3781 3240 3849 ipsi
3272 3777 3464 3849 prmio

1875 3867 1964 3961 pui
1993 3887 2190 3942 arietes
2219 3885 2396 3938 ovium
2433 3881 2634 3936 Christi
2667 3878 2746 3934 sic
2771 3891 2929 3932 orare
2962 3873 3243 3945 iubentur,
3285 3876 3346 3924 ut
3382 3867 3466 3923 dl-

1874 3991 2020 4047 csnt,
2053 3980 2268 4034 Dimitte
2288 3976 2434 4031 nobis
2461 3975 2630 4029 debita
2659 3981 2856 4035 nostra,
2885 3971 3016 4028 sicut
3042 3975 3091 4024 et
3116 3982 3212 4020 nos
3249 3961 3466 4018 dimitti-

1876 4091 1988 4128 mus
2010 4071 2318 4126 debitoribus
2341 4069 2531 4122 nostris
2559 4063 2777 4137 (Matth.
2812 4078 2888 4128 Vl,
2918 4061 3032 4130 ΡΞ).

1949 4168 2129 4239 (Vers.
2161 4168 2241 4232 ὅ.)
2265 4164 2522 4231 Quoniam
2549 4168 2842 4232 persecutus
2861 4166 2937 4212 est
2971 4155 3211 4208 inimicus
3242 4151 3466 4206 animans

1879 4278 2074 4329 meam,
2103 4259 2390 4316 humiliavit
2419 4258 2638 4310 interra
2662 4254 2818 4308 uitans
2853 4265 3042 4306 meant.
3070 4245 3471 4302 Collocauerunt

1880 4357 2030 4412 mein
2057 4352 2305 4417 obscuris,
2328 4353 2459 4406 sicut
2479 4357 2709 4402 mortuos
2729 4343 2924 4400 seaculi.
2957 4342 3022 4396 Et
3050 4355 3082 4394 a
3108 4351 3339 4407 corpore
3365 4338 3470 4389 hoc

1879 4447 2104 4512 dictum,
2135 4453 2188 4498 et
2210 4457 2240 4496 a
2260 4441 2436 4510 capite
2464 4446 2823 4506 congruenter
2855 4432 3121 4498 accipitur
3153 4446 3167 4485 :
3213 4425 3468 4498 queuium

196 4518 289 4600 nisi
329 4518 650 4601 diabolum?
695 4518 829 4600 Cum
883 4555 935 4599 et
986 4545 1172 4599 ﬁdeles
1224 4558 1330 4598 non
1390 4541 1624 4599 habeant
1667 4518 1776 4596 nisi
1880 4548 1936 4596 et
1961 4537 2211 4594 diabolus
2237 4543 2556 4606 persecutus
2578 4538 2666 4586 est
2693 4529 2929 4582 animam
2955 4522 3192 4587 Christi,
3225 4530 3280 4576 et
3309 4518 3473 4575 Judns

193 4635 484 4694 Christum.
527 4638 797 4706 Quomodo
824 4637 1140 4691 corroborati
1169 4644 1287 4689 sunt
1322 4650 1476 4702 super
1517 4635 1634 4689 me?
1659 4633 1777 4688 Vox
1805 4609 1855 4674 υ
1883 4636 2116 4692 animam
2158 4629 2420 4701 magistri.
2467 4626 2725 4694 Idemque
2758 4620 3002 4676 diabolus
3043 4617 3108 4671 ad
3144 4629 3470 4686 persequen-

191 4741 269 4784 est
320 4731 583 4786 Ecclesia:
632 4729 1012 4800 eonquerentis
1068 4727 1212 4799 quod
1269 4726 1493 4781 multum
1548 4725 1779 4780 creverit

195 4836 449 4879 numerus
475 4821 795 4891 impiorum,
825 4821 970 4890 quod
997 4819 1237 4875 abundet
1263 4817 1516 4888 iniquitas
1545 4825 1600 4873 et
1627 4815 1782 4878 refri-

193 4923 340 4984 geret
363 4914 610 4968 citaritas
643 4913 939 4968 multorum
971 4911 1184 4984 (Matth.
1215 4925 1360 4976 sitv,
1397 4909 1507 4979 ιε).

259 5007 445 5080 (i'ers.
467 5007 552 5077 8.)
581 5006 728 5060 Educ
751 5007 814 5061 de
842 5021 1046 5059 carcere
1070 5006 1297 5058 animum
1320 5019 1485 5057 meum
1505 5044 1520 5070 ,
1562 5004 1630 5056 ad
1658 5019 1784 5058 eon-

193 5098 442 5168 ﬁtendum
470 5101 667 5154 nomini
695 5110 801 5154 tuo.
829 5098 1029 5174 Omnes
1051 5099 1265 5176 quidem
1288 5099 1550 5174 angustiae
1573 5107 1624 5158 et
1652 5113 1781 5164 cott-

193 5190 468 5252 clusiones
497 5193 872 5262 turbationum
901 5206 1176 5252 carcerem
1218 5190 1443 5256 Ionium,
1479 5191 1601 5262 quia
1629 5204 1784 5244 coar-

194 5294 340 5341 ctant
363 5286 607 5342 animam
636 5293 692 5342 et
715 5284 968 5342 auferunt
987 5285 1330 5348 libertatem;
1361 5283 1460 5340 sed
1481 5284 1600 5356 ipsa
1629 5283 1787 5339 inha-

194 5376 673 5454 bitatiororporis
719 5386 902 5455 potest
949 5392 1136 5434 carcer
1184 5377 1452 5457 intelligi,
1503 5392 1612 5436 non
1662 5377 1785 5451 quia

194 5474 399 5540 malum
428 5475 499 5538 sit
523 5473 676 5550 quod
698 5473 843 5544 Deus
872 5473 1034 5549 fecit,
1061 5473 1153 5546 qui
1175 5473 1357 5541 omnia
1393 5472 1612 5544 quidem
1643 5471 1786 5538 bona

263 5667 291 5697 ⁸
323 5659 540 5716 Titulus
596 5668 776 5715 autem
829 5656 1020 5729 psalmi
1072 5655 1233 5730 hujus
1273 5661 1392 5723 est,
1448 5652 1562 5730 Ipsi
1615 5652 1784 5712 David

193 5731 407 5799 quando
433 5748 548 5786 eum
573 5731 715 5801 ﬁlius
744 5747 864 5785 suus
893 5729 1308 5800 persequebatur.

1885 4729 2012 4784 dum
2037 4740 2234 4795 corpus
2260 4720 2459 4776 Christi
2485 4725 2698 4780 manet,
2727 4727 2827 4769 nec
2850 4711 3018 4768 ludas
3047 4709 3202 4764 deest
3241 4708 3292 4762 in
3325 4705 3474 4763 falsis

1887 4822 2148 4879 fratribus
2175 4812 2539 4874 succedendo.
2571 4809 2708 4879 Quid
2735 4809 2880 4864 enim
2922 4804 3202 4860 nobiscum
3249 4797 3474 4868 quilibet

1887 4911 2231 4972 adversarius
2269 4909 2405 4978 agit,
2438 4904 2542 4961 nisi
2577 4913 2632 4958 ut
2662 4902 2849 4958 relicta
2881 4912 2977 4966 spe
3005 4894 3209 4950 calcati
3251 4904 3474 4944 corrua-

1889 5025 2010 5065 mus
2031 5009 2084 5063 in
2119 5003 2348 5060 terram?
2393 4999 2500 5060 Sed
2530 5004 2715 5053 contra
2745 4995 2848 5049 ltos
2877 4987 3204 5058 vigilandum
3255 4993 3373 5047 est,
3418 4990 3478 5033 ut

1891 5101 2158 5176 possimus
2201 5098 2411 5164 dicere,
2452 5093 2644 5158 Nostra
2685 5099 2852 5152 autem
2896 5080 3213 5156 conrersatio
3245 5079 3295 5132 in
3340 5074 3477 5129 cmlis

1892 5166 1965 5250 est
1991 5192 2215 5264 (Philip.
2255 5204 2335 5254 ιιι,
2365 5185 2481 5256 ιιι).
2513 5183 2666 5253 Quod
2699 5195 2830 5250 ergo
2853 5177 3055 5234 dictum
3093 5179 3172 5230 est
3194 5211 3207 5235 ,
3242 5166 3480 5264 C‘olloca‘

1893 5295 2070 5342 verunt
2096 5299 2176 5336 me
2204 5284 2257 5335 in
2305 5279 2553 5346 tenebris,
2585 5277 2715 5330 sicut
2759 5279 2986 5326 mortuos
3012 5264 3233 5328 swculi;
3276 5260 3329 5316 in
3375 5275 3481 5328 quo

1897 5378 2088 5433 melius
2135 5355 2293 5446 quam
2323 5372 2375 5426 in
2431 5369 2656 5438 Domino
2685 5363 3028 5434 intelligitur,
3056 5357 3146 5426 qui
3177 5353 3325 5410 solus
3377 5350 3480 5406 fuit
3547 5415 3555 5430 _

1894 5471 2029 5534 inter
2069 5445 2295 5537 mrtuos
2323 5465 2451 5522 liber
2477 5458 2654 5534 (Psal.
2677 5469 2918 5528 mnu,
2945 5450 3026 5524 6),
3053 5460 3101 5512 et
3145 5464 3260 5507 cum
3293 5445 3482 5517 iniquis
3542 5492 3548 5544 ζ

1892 5648 2176 5722 Augustini
2196 5644 2472 5722 respicere
2495 5637 2743 5718 videatur
2763 5631 3020 5722 dicentis,
3053 5629 3178 5686 Non
3203 5629 3484 5722 litigamus,

1898 5709 2019 5777 ιιοῶ
2065 5729 2226 5774 tecum
2249 5709 2435 5769 habere
2459 5715 2698 5773 causam,
2722 5717 2778 5760 ut
2800 5720 2891 5778 ego
2922 5718 3207 5778 proponam
3228 5709 3489 5773 juststtam

265 5781 942 5867 bi'édit'iﬂha'bebant,wde
956 5781 1164 5874 fusiitia
1181 5843 1213 5874 ,Α
1234 5799 1517 5874 manifesto
1539 5799 1693 5871 lapsu
1720 5797 1793 5874 _li-
1900 5809 2089 5870 meam,
2121 5800 2177 5848 tu
2203 5791 2472 5846 convincas
2501 5781 2828 5860 iniquitatem
2855 5793 3043 5861 meant.

196 5875 532 5948 brariorum,
562 5889 685 5932 cum
708 5889 900 5932 sensus
937 5867 1042 5931 loci
1071 5871 1218 5930 aliud
1247 5872 1507 5945 postulet,
1540 5867 1791 5928 ct’verba
