4006 6356
446 334 552 393 407

1697 326 1756 383 S.
1796 316 2139 383 PROSPERI
2177 317 2505 387 AQUITANI

3620 316 3741 377 ιω

451 456 731 525 deputatus
758 452 834 507 est
866 447 1022 522 (lsai.
1052 461 1166 513 un,
1195 446 1313 518 ην
1336 445 1431 517 qui
1454 453 1482 483 ι
1503 457 1626 501 cum
1648 457 1788 499 unus
1818 443 1918 499 fuit
1941 441 2033 514 qui
2059 440 2110 501 A
2136 436 2409 491 contemnit
2444 432 2627 509 (Prov.
2656 449 2808 501 xvrtt,
2853 434 2950 507 3)?
2974 432 3033 492 Id
3062 440 3148 492 est
3171 474 3187 502 ,
3216 446 3326 491 non
3362 432 3736 490 convertitur.

446 544 671 615 proprie
716 551 769 598 et
797 540 1142 612 singulariter
1183 539 1425 605 diceret,
1472 534 1598 592 Non
1643 544 1717 591 est
1744 536 1947 591 inventa
1982 536 2038 590 in

372 642 387 677 θ
450 651 532 689 me
558 636 801 706 iniquitas
824 632 994 707 (Psal.
1025 648 1146 697 xvr,
1172 631 1255 703 5).

526 726 707 798 (Vers.
732 724 816 798 4.)
840 725 1100 780 Anxiatus
1130 734 1203 779 est
1233 725 1285 777 in
1314 740 1394 779 me
1413 723 1627 794 spiritus
1660 739 1821 778 meus.
1856 724 2042 795 Agno-

452 820 620 876 scitur
649 820 931 887 Dominus,
946 820 1158 883 dicens,
1176 819 1358 874 Tristis
1379 829 1452 873 est
1472 820 1646 873 anima
1668 834 1780 873 mea
1803 820 2041 890 usquead

454 921 670 967 mortem
714 911 928 983 (Matth.
989 927 1151 978 xxvi,
1200 912 1333 982 38):
1389 913 1441 965 in
1477 926 1583 981 quo
1624 912 1807 981 utique
1850 920 1907 967 et
1944 926 2043 968 nos

455 1021 692 1071 eramus,
732 1006 855 1076 quia
887 1014 1088 1060 nostra:
1135 1013 1341 1059 natura:
1382 1004 1474 1059 illa
1526 1003 1776 1071 tristitia,
1802 1014 2044 1061 etvetus

459 1099 619 1153 homo
666 1109 851 1154 noster
879 1097 1041 1153 simul
1070 1098 1100 1136 δ
1150 1097 1395 1152 conﬁxus
1445 1108 1530 1152 est
1577 1098 1726 1152 cruci
1773 1113 1893 1153 cum
1952 1098 2046 1153 illo

458 1188 633 1261 (Rom.
665 1207 739 1257 vr,
762 1190 843 1261 6).
883 1188 947 1244 In
978 1206 1057 1244 me
1084 1190 1447 1244 conturbatum
1474 1198 1549 1244 est
1575 1207 1664 1244 cor
1689 1206 1875 1245 meum.
1904 1190 2048 1247 Con-

459 1284 695 1338 turbatio
727 1284 841 1339 haec
872 1283 1176 1338 voluntaria
1209 1282 1331 1349 fuit,
1360 1285 1489 1339 etin
1515 1285 1636 1354 ipso
1672 1285 2047 1342 tantummodo

460 1377 657 1431 mansit
708 1376 994 1431 consilium
1038 1375 1421 1431 misericordiae
1469 1376 1587 1444 ejus
1632 1394 1644 1428 :
1693 1391 1814 1431 nam
1862 1379 2045 1433 caeteri

458 1476 822 1531 recesserunt,
854 1482 962 1521 non
992 1467 1357 1536 intelligentes
1384 1482 1595 1538 magna:
1620 1466 1833 1537 pietatis
1864 1482 2047 1524 sacra-

461 1568 727 1624 mentum,
758 1574 857 1615 nec
902 1568 1331 1615 resurrecturum
1356 1559 1641 1616 credentes
1667 1601 1681 1623 .
1712 1561 1801 1631 qui
1843 1570 1898 1617 et
1928 1577 2047 1632 pas-

459 1651 598 1706 sioni
628 1652 962 1708 subdebatur
990 1661 1046 1707 et
1076 1653 1257 1707 morti.

531 1744 711 1815 (Vers.
744 1746 824 1817 5.)
856 1744 1170 1799 Memoratus
1195 1762 1307 1800 sum
1328 1747 1525 1801 dierum
1552 1746 1902 1819 antiquorum,
1930 1758 1953 1787 ο
1998 1757 2048 1802 et

2142 527 2198 583 In
2224 528 2366 599 quod
2390 527 2717 598 profundum
2738 526 3153 593 descendentes,
3176 527 3230 582 in
3252 536 3471 582 eterna
3494 525 3741 581 miseria:

2141 622 2314 676 lacum
2365 620 2657 686 decidunt,
2686 620 2810 691 quia
2844 635 2953 690 per
2999 626 3375 675 contumacem
3416 616 3735 687 superbiam

2144 715 2379 771 remedia
2408 713 2767 771 confessionis
2795 715 3124 785 poenitentiae
3153 712 3525 784 perdiderunt.

2215 808 2393 879 (Vera.
2438 809 2519 881 8.)
2566 808 2814 863 Auditum
2853 808 2977 862 mihi
3006 809 3087 880 [ac
3128 824 3279 861 mane
3324 805 3745 860 misericordiam

2147 910 2323 968 tuam,
2354 903 2476 971 quia
2504 902 2559 955 in
2588 910 2637 955 te
2661 901 2880 973 speravi.
2910 900 3149 967 Oriatur,
3179 899 3372 970 inquit,
3405 899 3457 951 in
3504 911 3589 952 me
3632 896 3748 950 lux

2147 996 2530 1052 misericordiae
2554 1006 2680 1064 tum,
2710 995 2905 1066 fiatque
2929 993 3072 1064 quod
3101 991 3333 1059 credidi,
3355 998 3415 1045 ut
3434 1002 3578 1060 spes,
3609 1000 3749 1058 qua:

2147 1088 2334 1144 auditu
2384 1097 2647 1158 concepta
2692 1097 2805 1155 cst,
2857 1088 3170 1156 impleatur.
3221 1084 3417 1140 Notam
3458 1084 3581 1137 mihi
3622 1086 3747 1151 fac,

2147 1182 2387 1250 Domine,
2419 1184 2552 1237 viam
2578 1183 2632 1236 in
2659 1199 2761 1253 qua
2798 1182 3080 1253 ingrediar.
3110 1181 3225 1235 Dux
3264 1178 3394 1234 mihi
3426 1178 3496 1232 sit
3530 1177 3753 1231 veritas

2148 1284 2269 1344 tua,
2301 1286 2355 1332 et
2392 1290 2613 1347 gressus
2648 1277 2751 1331 mei
2782 1284 2873 1330 tua
2907 1262 3078 1344 gratia
3118 1273 3443 1343 dirigantur.
3479 1269 3754 1337 Quoniam

2149 1372 2217 1425 ad
2268 1379 2315 1425 te
2361 1370 2517 1425 levavi
2562 1370 2787 1424 animam
2831 1385 3037 1436 meum;
3085 1368 3338 1439 quoniam
3388 1380 3495 1420 non
3533 1362 3601 1419 de
3648 1376 3757 1417 me

2151 1480 2441 1537 praesumo,
2472 1464 2565 1521 sed
2598 1473 2657 1517 ut
2687 1464 2815 1518 mihi
2847 1463 3125 1518 auxilieris
3157 1474 3341 1530 posco.

2221 1559 2402 1633 (Vers.
2445 1556 2527 1629 9.)
2572 1556 2755 1611 Exime
2795 1572 2876 1610 me
2926 1556 2987 1610 de
3034 1554 3255 1608 inimicis
3294 1552 3440 1617 meis,
3492 1548 3749 1615 Domine,

2147 1652 2393 1723 quoniam
2420 1652 2486 1705 ad
2516 1660 2564 1704 te
2584 1648 2812 1719 confugi.
2842 1648 2921 1703 De
2946 1647 3053 1701 illis
3078 1661 3138 1700 se
3160 1644 3394 1699 inimicis
3420 1640 3538 1697 erui
3563 1640 3754 1710 cupit,

2152 1760 2249 1817 per
2274 1760 2408 1816 quos
2436 1744 2598 1798 etiam
2629 1740 2657 1779 ἀ
2693 1742 2918 1796 humana
2951 1738 3074 1795 odia
3094 1744 3521 1799 commoventur,
3548 1732 3599 1787 id
3627 1740 3755 1799 est,

459 1854 620 1892 annos
663 1849 880 1893 teternos
915 1840 969 1892 in
1011 1850 1174 1893 mente
1216 1839 1407 1905 habui,
1440 1851 1487 1893 et
1518 1841 1791 1897 meditatus
1831 1859 1944 1896 sum
1995 1844 2049 1897 in
2081 1842 2129 1904 Β
2157 1840 2372 1895 diabolo
2409 1848 2463 1893 et
2490 1837 2696 1907 angelis
2725 1836 2870 1906 ejus;
2900 1834 2991 1905 qui
3039 1842 3164 1887 sunt
3206 1838 3449 1887 rectores
3488 1826 3761 1882 tenebra-

460 1930 694 1983 omnibus
720 1930 960 1999 operibus
988 1932 1107 1984 tuis.
1165 1931 1292 1985 llaec
1321 1933 1769 1987 commemoratio
1801 1936 2051 2005 antiquo-

460 2036 578 2075 rum
600 2020 831 2088 dierum,
859 2029 914 2077 et
936 2022 1245 2077 recordatio
1270 2024 1512 2077 omnium
1542 2031 1865 2094 temporum,
1889 2037 2050 2096 atque

462 2117 516 2171 in
548 2117 628 2171 eis
656 2116 958 2171 divinorum
993 2134 1217 2187 operum
1246 2118 1658 2187 contemplatio,
1684 2134 1792 2174 non
1814 2135 1879 2175 ex
1906 2120 2048 2190 capi-
2072 2110 2076 2114 ’

463 2214 553 2276 lis,
582 2210 679 2266 sed
710 2226 777 2266 ex
804 2212 1049 2280 corporis
1080 2225 1239 2265 sensu
1271 2220 1375 2267 est.
1416 2211 1549 2266 Nam
1574 2213 1779 2267 auctori
1807 2214 2048 2267 omnium

461 2318 645 2358 rerum
697 2302 821 2373 quid
870 2318 1117 2373 umquam
1167 2317 1273 2358 non
1339 2305 1690 2373 conspicuum
1738 2314 1858 2370 est,
1910 2305 2049 2373 apud

464 2412 623 2465 quem
652 2407 707 2450 et
743 2397 1015 2465 praeterita
1034 2396 1258 2462 adsunt,
1282 2404 1337 2450 et
1374 2396 1547 2451 futura
1583 2396 1692 2466 jam
1724 2396 1861 2452 facta
1892 2398 2053 2453 sunt?

464 2488 828 2543 Membrorum
883 2488 1044 2557 igitur
1089 2504 1220 2543 voce
1259 2489 1354 2543 Dei
1400 2488 1568 2559 gratia
1600 2488 1948 2559 praedicatur,
1998 2499 2053 2545 et

465 2596 633 2649 opera
658 2580 1045 2644 misericordiae
1069 2582 1165 2636 Dei
1194 2582 1371 2649 lingua
1412 2581 1668 2637 Ecclesia:
1711 2580 2001 2637 confitetur
2034 2600 2048 2637 :

462 2686 581 2737 mite
611 2672 775 2726 totius
808 2672 909 2727 aevi
940 2672 1135 2727 seriem
1168 2672 1481 2740 revolvens,
1525 2672 1659 2727 nihil
1701 2673 1907 2728 invenit
1947 2674 2051 2729 nisi

464 2758 565 2811 Dei
592 2760 927 2830 providentia
972 2770 1029 2817 et
1066 2761 1305 2818 bonitate
1353 2764 1684 2831 subsistere,
1735 2766 1897 2837 513
1926 2774 1982 2819 et
2019 2781 2050 2820 a

463 2867 567 2919 quo
598 2862 789 2908 cuncta
826 2862 951 2908 sunt
979 2854 1194 2909 condita
1215 2897 1229 2919 ,
1264 2854 1316 2907 in
1345 2855 1485 2924 ipso,
1514 2863 1570 2910 et
1593 2871 1693 2927 per
1726 2858 1900 2925 ipsum
1930 2872 2052 2913 esse

466 2953 744 3009 renovata,
776 2945 1030 3014 quoniam
1059 2956 1227 3000 vetera
1255 2947 1587 3015 transierunt,
1630 2963 1743 3003 ecce
1774 2952 1913 3019 facta
1933 2957 2052 3003 sunt

464 3038 634 3089 omnia
648 3039 860 3110 nova(l|
886 3038 1006 3092 Cor.
1034 3055 1089 3105 v,
1117 3039 1228 3108 l7).
1248 3037 1317 3092 In
1340 3040 1558 3109 [acturis
1584 3051 2052 3095 manuumtuarum

465 3127 741 3181 meditatus
767 3144 900 3181 sum.
953 3126 1023 3182 Et
1051 3129 1256 3183 extendi
1295 3146 1477 3185 manus
1506 3147 1647 3185 meas
1672 3132 1741 3186 ad
1781 3141 1847 3187 te.
1887 3132 2053 3188 Medi-

2156 1946 2273 1986 rum
2302 1928 2522 1999 (Ephes.
2552 1943 2628 1993 vr,
2664 1926 2779 1999 12),
2807 1936 2861 1981 et
2892 1927 3197 1980 incentores
3226 1920 3536 1991 impiorum,
3562 1933 3595 1973 a
3619 1917 3755 1987 qni-

2153 2023 2252 2077 bus
2274 2020 2485 2093 fugiens
2515 2020 2583 2075 ad
2619 2019 2902 2073 Dominum
2935 2015 3194 2086 confugit,
3231 2029 3300 2069 ne
3332 2011 3528 2068 veteris
3555 2008 3761 2064 horni-

2154 2115 2237 2169 nis
2262 2123 2519 2184 sequatur
2545 2112 2878 2184 exemplum,
2907 2112 3001 2182 qui
3041 2125 3101 2165 se
3131 2125 3159 2161 a
3191 2106 3328 2162 facie
3354 2104 3564 2161 Domini
3596 2102 3759 2157 mala

2153 2209 2484 2265 conscientia
2509 2208 2865 2263 conturbatus
2888 2203 3191 2259 abscondit.

2228 2302 2406 2375 (γεγε.
2484 2300 2601 2372 ιο.)
2661 2299 2799 2353 Doce
2852 2314 2930 2351 me
2977 2301 3144 2367 facere
3190 2294 3499 2347 voluntatem
3550 2297 3707 2343 tuam
3738 2334 3756 2357 ,

2154 2395 2274 2465 quia
2314 2405 2370 2447 tu
2418 2410 2469 2448 es
2518 2390 2656 2446 Deus
2708 2394 2871 2445 meus.
2914 2387 3077 2463 515
3108 2386 3275 2456 Imple
3311 2386 3365 2439 in
3410 2399 3517 2447 me,
3544 2382 3759 2452 inquit,

2154 2486 2348 2542 aﬂ‘ectu
2386 2485 2572 2556 gratiae
2620 2493 2763 2553 tum,
2809 2495 2868 2538 ut
2902 2491 2957 2537 et
3003 2480 3107 2535 hoc
3136 2477 3294 2534 velim
3324 2476 3465 2547 quod
3506 2475 3647 2529 velle
3703 2482 3765 2529 te

2156 2582 2305 2656 novi,
2341 2588 2398 2636 et
2425 2594 2531 2634 non
2563 2577 2709 2633 aliud
2740 2576 2810 2631 sit
2852 2578 2907 2630 in
2938 2590 3058 2629 meo
3089 2586 3256 2643 opere
3278 2611 3293 2639 ,
3324 2584 3483 2640 quam
3514 2565 3664 2638 quod
3697 2566 3760 2621 in

2155 2686 2243 2732 tua
2283 2685 2367 2732 est
2401 2676 2704 2730 voluntate.
2739 2673 2853 2728 Hoc
2890 2677 3071 2725 autem
3106 2668 3228 2723 ideo
3256 2676 3412 2737 peto,
3438 2663 3559 2733 quia
3590 2671 3649 2715 tu
3701 2677 3761 2714 es

2157 2767 2295 2822 Deus
2332 2782 2501 2831 meus,
2547 2766 2637 2835 qui
2679 2762 2925 2833 operaris
2952 2759 3133 2816 omnia
3169 2757 3225 2813 in
3254 2754 3507 2811 omnibus
3537 2751 3585 2823 (ι
3612 2750 3755 2805 Cor.

2156 2873 2249 2927 xu,
2281 2855 2360 2929 6).

2225 2951 2406 3022 (Vers.
2442 2950 2529 3017 lo,
2562 2948 2672 3018 ll.)
2712 2944 2941 3016 Spiritus
2983 2950 3099 2997 tuus
3135 2940 3296 2995 bonus
3336 2936 3555 2992 deducat
3582 2951 3666 2988 me
3698 2934 3761 2987 in

2157 3054 2347 3098 terram
2374 3052 2585 3096 rectam.
2621 3039 2840 3108 PrOpter
2869 3053 3051 3091 nomen
3090 3044 3262 3099 tuum,
3299 3030 3540 3099 Domine,
3572 3029 3762 3097 vivifi-

2156 3137 2293 3190 cabis
2331 3152 2410 3190 me
2451 3137 2504 3189 in
2534 3133 2862 3207 tuajustitia.
2896 3130 2981 3186 Ab
3024 3128 3170 3184 omni
3214 3142 3301 3183 me
3345 3139 3529 3181 errore
3568 3122 3764 3178 bonus

467 3219 621 3283 tatio,
653 3220 849 3289 inquit,
874 3235 1025 3287 mea,
1049 3235 1151 3290 qua
1175 3220 1284 3275 vidi
1313 3236 1473 3277 omne
1502 3223 1702 3278 bonum
1723 3238 1755 3278 a
1782 3233 1871 3279 tua
1899 3224 2052 3278 boni-
2079 3232 2125 3296 ο
2155 3228 2391 3299 Spiritus
2420 3236 2543 3282 tuus
2570 3235 2749 3289 eruet,
2794 3234 2849 3280 et
2891 3225 2944 3277 in
2989 3228 3193 3277 terram
3240 3227 3466 3282 rectam,
3511 3229 3628 3284 quae
3665 3222 3765 3269 est

468 3317 575 3363 tate
604 3324 845 3377 manare,
870 3319 925 3365 et
948 3311 1021 3364 tui
1047 3325 1165 3365 esse
1186 3312 1370 3382 operis
1393 3312 1653 3383 quidquid
1679 3318 1731 3368 in
1762 3315 1918 3371 nobis
1944 3324 2050 3371 tuae

467 3411 647 3484 potest
669 3404 878 3472 placere
895 3404 1139 3474 justitizr,
1162 3404 1229 3459 ad
1253 3405 1355 3459 hoc
1377 3421 1463 3460 me
1480 3405 1823 3462 confirmavit
1855 3418 1912 3462 ut
1936 3424 2052 3464 om-

467 3510 593 3551 nem
624 3511 778 3566 spem
807 3512 981 3553 meam
1009 3499 1063 3552 in
1091 3507 1142 3553 te
1169 3498 1589 3566 constituerem,
1619 3510 1675 3556 et
1702 3502 1775 3556 tui
1816 3517 1911 3571 per
1936 3518 2051 3557 om-

467 3587 560 3642 nia
587 3597 825 3655 peterem
855 3589 996 3645 roris
1019 3590 1353 3644 alimoniam.

542 3677 721 3749 (Vers.
750 3680 802 3747 6,
836 3680 915 3750 7.)
945 3681 1131 3735 Anima
1158 3698 1269 3734 mea
1295 3681 1429 3735 velut
1457 3690 1593 3737 terra
1629 3683 1739 3738 sine
1758 3700 1893 3753 aqua
1923 3686 2051 3754 tibi;

467 3770 706 3824 velociter
747 3773 935 3825 exaudi
963 3789 1074 3839 me,
1106 3772 1355 3839 Domine,
1396 3774 1580 3845 defecit
1618 3778 1833 3847 spiritus
1884 3795 2043 3835 meus.

469 3860 733 3927 Ariditas,
784 3863 983 3932 inquit,
1028 3865 1221 3919 animm
1270 3880 1404 3919 mea:
1451 3865 1548 3919 tibi
1584 3868 1725 3935 sitit;
1759 3871 1884 3939 quia
1932 3886 1961 3925 a
1998 3881 2053 3927 te

470 3951 742 4007 desiderat
786 3954 1038 4025 irrigari,
1086 3965 1141 4012 et
1184 3965 1243 4011 tu
1287 3957 1580 4013 accendisti
1628 3972 1821 4016 aestum
1871 3964 2053 4019 cordis

475 4045 610 4108 mei,
638 4056 694 4098 ut
731 4062 815 4100 me
849 4048 1092 4102 exaudiri
1132 4049 1392 4104 velociter
1434 4060 1637 4119 petam.
1676 4050 1876 4123 Deiecit
1907 4057 2052 4111 enim

474 4142 685 4208 spiritus
716 4157 878 4205 meus,
908 4151 968 4196 ut
994 4142 1215 4210 impleat
1240 4158 1326 4198 me
1347 4141 1579 4213 Spiritus
1608 4157 1728 4201 tuus
1747 4190 1760 4213 ,
1787 4156 1843 4202 et
1878 4148 2055 4205 fecisti

478 4248 562 4285 mc
596 4248 885 4303 pauperem
929 4236 1119 4305 spiritu
1139 4276 1153 4301 ,
1191 4246 1246 4290 ut
1276 4237 1477 4293 tribuas
1503 4240 1631 4294 mihi
1661 4242 1806 4311 quod
1836 4242 2056 4299 humili-

478 4327 577 4380 bus
644 4327 1020 4395 spopondisti,
1082 4344 1308 4396 quorum
1365 4339 1450 4385 est
1510 4348 1733 4402 regnum
1792 4337 2053 4390 cmlorum

477 4419 689 4489 (Matth.
724 4436 778 4485 ν,
809 4422 884 4491 5).
929 4420 1012 4474 Ne
1039 4431 1236 4477 avertas
1263 4423 1447 4493 faciem
1489 4434 1625 4477 tuam
1664 4444 1697 4479 a
1740 4445 1845 4493 me,
1878 4438 1925 4481 et
1969 4444 2055 4483 ero

473 4510 656 4564 similis
694 4512 1113 4567 descendentibus
1157 4514 1212 4567 in
1249 4512 1441 4569 lacum.
1473 4517 1677 4572 Averso
1716 4533 1746 4572 a
1779 4534 1864 4572 me
1907 4520 2055 4574 vultu

2156 3323 2401 3377 vivorum
2435 3320 2580 3391 regio
2630 3317 2801 3389 (Psal.
2848 3331 2993 3380 cxrv,
3024 3313 3103 3383 9),
3148 3310 3425 3381 perducet,
3455 3322 3559 3363 non
3605 3320 3756 3374 pro.

2158 3424 2276 3485 pter
2306 3412 2556 3469 meritum
2591 3426 2793 3477 meum,
2828 3407 2924 3464 sed
2954 3416 3162 3479 propter
3192 3420 3375 3458 nomen
3408 3412 3579 3466 tuum,
3616 3399 3763 3469 quia

2156 3506 2336 3562 omnis
2362 3506 2492 3560 mihi
2523 3505 2651 3559 donl
2677 3517 2841 3559 causa
2872 3510 2955 3556 est
2986 3496 3359 3553 misericordia
3393 3503 3502 3549 tua.

2228 3598 2409 3669 (Vers.
2463 3598 2550 3663 Η,
2605 3596 2720 3666 12.)
2769 3593 2974 3647 Educes
3030 3592 3094 3646 de
3140 3588 3471 3643 tribulatione
3516 3586 3765 3640 animiam

2157 3707 2342 3756 meam,
2371 3699 2416 3742 et
2443 3694 2496 3743 in
2523 3687 2876 3742 misericordia
2904 3694 2994 3738 tua
3026 3681 3289 3751 disperdes
3316 3681 3551 3734 inimicos
3580 3693 3762 3733 meos.

2160 3782 2229 3837 Et
2252 3782 2431 3851 perdes
2456 3797 2629 3836 omnes
2653 3781 2740 3851 qui
2771 3780 3016 3834 tribulant
3045 3778 3270 3831 animam
3294 3792 3481 3840 meam,
3502 3775 3767 3844 quoniam

2158 3892 2329 3932 servus
2356 3887 2471 3931 tuus
2489 3893 2581 3947 ego
2607 3891 2743 3930 sum.
2775 3875 2986 3941 Quanta
3006 3871 3239 3941 dignitas
3272 3877 3327 3926 et
3348 3878 3543 3940 quanta
3574 3866 3766 3921 beati-

2160 3970 2291 4025 tudo
2315 3979 2400 4026 est
2426 3984 2549 4025 esse
2578 3969 2673 4024 Dei
2704 3982 2944 4032 servum,
2968 3965 3057 4021 cui
3084 3964 3235 4020 nullo
3259 3962 3596 4033 praecedente
3635 3976 3770 4017 ιηεσ

2158 4061 2287 4130 rito,
2317 4068 2462 4116 tanta
2494 4066 2838 4129 praestantur.

2659 4148 2977 4205 PSALMUS
3013 4146 3238 4203 CXLIII.

2231 4240 2428 4295 Psalmi
2463 4241 2648 4295 titulus
2682 4250 2704 4277 ⁸
2735 4240 2815 4295 rei
2865 4248 3030 4310 gestae
3078 4237 3255 4309 tangit
3284 4233 3603 4303 historiam,
3649 4251 3768 4306 qua

2164 4332 2184 4372 ί
2216 4334 2400 4390 Golias
2427 4333 2655 4389 bellator
2675 4342 2864 4403 potens
2889 4348 2917 4387 a
2948 4346 3115 4402 puero
3150 4328 3313 4384 David
3341 4327 3597 4398 singulari
3628 4342 3771 4382 cer-

2162 4425 2360 4480 tamine
2391 4434 2677 4494 superatus
2705 4424 3011 4494 agnoscitur
3041 4422 3088 4493 (Ι
3117 4420 3248 4494 Reg.
3274 4434 3417 4487 xvtt,
3448 4418 3529 4490 ι).
3563 4418 3678 4474 Sed
3710 4430 3772 4475 et

2161 4515 2346 4572 Goliae
2391 4516 2657 4587 signiﬁcat
2705 4516 3014 4583 diabolum,
3054 4524 3111 4570 et
3170 4513 3336 4569 David
3368 4511 3570 4567 indicat
3595 4508 3772 4568 Chria

474 4611 589 4665 tuo,
618 4602 970 4658 conturbatus
1001 4618 1141 4671 sum,
1170 4614 1223 4659 et
1246 4604 1418 4661 lactus
1437 4622 1555 4662 sum
1581 4619 1721 4663 terra
1748 4609 1865 4663 sine
1890 4626 2045 4681 aqua.
2085 4622 2136 4682 ι)
2163 4618 2336 4677 stum,
2388 4612 2478 4679 qui
2522 4612 2685 4666 etiam
2732 4612 2784 4665 in
2816 4625 3045 4680 corpore
3072 4624 3202 4675 suo,
3256 4608 3307 4663 id
3333 4614 3450 4678 est,
3508 4605 3769 4662 Ecclesia

472 4692 609 4760 Quia
637 4694 882 4748 excitasti
913 4710 1040 4765 ergo
1082 4696 1428 4764 desiderium,
1474 4699 1640 4754 redde
1679 4711 2049 4771 conspectum,

473 4800 541 4839 ne
578 4800 769 4841 aversa
797 4802 827 4840 a
862 4802 946 4842 me
973 4786 1111 4842 facie
1143 4795 1262 4857 tua,
1297 4788 1480 4845 similis
1506 4789 1715 4848 ef-ftciar
1744 4793 2054 4848 descenden-

472 4878 603 4932 tibus
638 4881 691 4932 in
722 4878 911 4933 lacum.
942 4880 1041 4949 Qui
1069 4890 1247 4937 autem
1294 4883 1381 4939 isti
1422 4893 1569 4951 sunt,
1601 4886 1703 4941 nisi
1748 4886 1815 4942 de
1860 4888 2053 4958 quibus

467 4969 690 5035 dicitur,
725 4969 973 5025 Peccator
1002 4990 1115 5027 cum
1142 4976 1327 5029 venerit
1354 4977 1407 5030 in
1436 4979 1757 5048 profundum
1777 4981 2050 5045 mutarunt,

543 5118 569 5146 ι
599 5108 725 5182 Haec
765 5123 1012 5182 voxrcum
1046 5110 1133 5165 hic
1162 5112 1431 5181 superﬂua
1460 5116 1616 5171 nobis
1662 5116 1909 5182 videtur,
1954 5118 2054 5173 etsi

468 5181 523 5235 in
544 5180 717 5253 _editis
748 5181 997 5253 omnibus
1026 5183 1246 5253 legatur.

544 5251 570 5288 ι)
600 5252 673 5304 Ita
708 5260 828 5328 post
851 5251 1203 5328 Augustinum
1249 5256 1418 5328 editio
1462 5256 1837 5328 Lugdunensis
1876 5268 2053 5327 poste-

472 5324 607 5395 rior,
634 5336 761 5395 _cum
806 5322 1063 5395 Lugdun.
1087 5326 1379 5395 antiquior,
1414 5322 1639 5393 Lova'n.,
1677 5330 1841 5384 Duac.
1867 5322 1923 5384 et
1952 5330 2056 5386 Co-

473 5392 583 5446 lon.
604 5391 1065 5468 _dicerent,:sitnnl
1092 5391 1370 5468 cruciﬁxus
1401 5408 1472 5452 est
1497 5391 1658 5452 cruci.

550 5461 730 5537 _cliaec
756 5464 975 5537 _verba,
1026 5475 1071 5518 et
1096 5461 1257 5523 annos
1296 5480 1507 5524 teter-nos
1554 5472 1605 5523 in
1652 5481 1819 5526 mente
1862 5471 2050 5537 habui,

476 5533 725 5611 videntur
755 5534 1273 5611 huc_transl:}taiex
1314 5542 1519 5610 psalmo
1564 5558 1759 5611 Lxxvr,
1795 5559 1846 5597 v.
1894 5543 1946 5598 6.
1994 5533 2049 5597 In

473 5603 772 5687 augustino
801 5605 942 5687 enim
970 5606 1054 5687 hic
1090 5609 1195 5687 loci
1225 5603 1333 5687 non
1371 5612 1660 5687 habentur,
1685 5603 1868 5669 nec‘in
1904 5622 2052 5687 textu

474 5676 768 5758 §cripturaa
795 5676 984 5758 psalmi
1017 5678 1197 5746 hujus.
1225 5682 1315 5758 Ad
1339 5697 1399 5737 ea
1429 5692 1606 5739 tamen
1641 5676 1782 5741 forte
1830 5686 2052 5754 respicit

475 5747 531 5826 ξ.
568 5746 801 5826 Prosper
825 5761 945 5801 cum
970 5748 1023 5801 in
1052 5754 1390 5826 expositione
1417 5769 1606 5809 versus
1631 5758 1784 5826 dicit,
1814 5766 1862 5811 et
1880 5746 2051 5813 recor-

477 5816 617 5871 datio
642 5817 871 5871 omnium
900 5816 1181 5889 temporum
1215 5825 1392 5880 :unde
1419 5827 1733 5897 conjiciatur
1765 5816 1901 5885 hanc
1931 5844 2051 5900 par-

2165 4702 2205 4774 (l
2231 4700 2350 4757 Cor.
2384 4718 2480 4769 xu,
2504 4703 2621 4774 27),
2653 4703 2972 4773 intelligitur
3008 4720 3019 4756 :
3054 4705 3180 4774 quia
3228 4702 3281 4757 in
3313 4701 3462 4756 nullo
3504 4700 3769 4756 membra

2161 4804 2480 4867 separantur
2519 4811 2550 4850 a
2588 4798 2786 4867 capite.
2821 4797 2911 4854 Sic
2938 4812 3070 4868 ergo
3107 4794 3452 4865 accipiendas
3480 4802 3563 4850 est
3604 4797 3773 4863 psal-

2163 4902 2305 4953 mus,
2335 4897 2393 4943 ut
2422 4889 2707 4945 historicas
2729 4890 2971 4946 actiones
3000 4888 3200 4943 formas
3227 4902 3346 4944 esse
3376 4902 3555 4943 rerum
3582 4887 3774 4956 spiri-

2163 4982 2348 5037 talium
2390 4983 2730 5049 noverimus,
2761 4992 2816 5039 et
2854 4984 3134 5039 victoriam
3174 4983 3374 5047 David,
3405 4996 3507 5051 qua
3536 4978 3772 5036 Goliam

2162 5126 2270 5189 tem
2296 5120 2363 5175 ab
2392 5120 2509 5189 ipso
2539 5122 2644 5178 huc
2671 5123 2929 5177 insertam
2962 5122 3147 5178 luisse.

2233 5188 2260 5237 .d
2288 5188 2471 5265 _Editio
2501 5192 2871 5265 Coloniensis,
2916 5193 3145 5248 humana
3170 5192 3328 5265 odio.
3369 5192 3611 5265 Lugdun.
3664 5210 3771 5250 re-

2160 5261 2642 5336 centior,_humano
2674 5266 2813 5319 odio.
2837 5264 3210 5336 Lugdunensis
3238 5277 3426 5330 vetus,
3457 5261 3671 5318 Lovan.
3709 5276 3774 5322 et

2163 5331 2350 5399 Duac.,
2383 5332 2609 5389 humana
2638 5338 2779 5390 odia.

2237 5402 2501 5479 {_Titulus
2519 5407 2736 5479 gpsalmi
2767 5408 2821 5479 in
2852 5408 3152 5479 Augustino
3190 5405 3441 5479 est,lpsi
3474 5406 3645 5479 David
3691 5412 3771 5462 ad

2163 5470 2398 5546 (foliata;
2439 5475 2489 5529 in
2519 5470 2765 5546 Vulgata,
2791 5470 3032 5534 Psalmus
3062 5478 3227 5532 David
3246 5470 3486 5532 adversus
3511 5476 3767 5536 Goliath.

2164 5542 2339 5598 Priori
2368 5546 2527 5599 modo
2557 5542 3129 5621 scribit'llieronymus
3168 5551 3221 5603 in
3249 5548 3599 5604 translatione
3643 5550 3771 5606 Ro-

2160 5628 2317 5685 mana
2342 5632 2362 5682 ;
2394 5621 2678 5685 posteriori
2712 5622 2762 5675 in
2793 5621 3088 5677 Gallicana.

2233 5683 2259 5759 τῃ
2283 5683 2621 5746 Coluniensis
2651 5692 2817 5747 editio
2846 5693 3024 5759 posuit
3050 5691 3223 5746 Goliat
3245 5734 3259 5757 ,
3288 5704 3411 5745 cum
3438 5693 3762 5750 anteriores

2156 5757 2560 5835 etAugustinus
2600 5762 2717 5832 ipse
2751 5757 3010 5835 scriptum
3053 5763 3313 5820 haberent
3337 5760 3517 5818 Colias
3556 5764 3650 5820 hic
3698 5778 3767 5822 et.

2158 5827 2607 5900 insequentibus.
