4006 6356
218 263 316 325 £09

956 256 1377 318 PSALMORL‘M
1413 258 1459 316 Δ
1497 259 1539 318 C
1576 258 1668 316 AD
1704 258 1790 315 CL
1830 258 2452 325 EXPOSITIO.,PSAL.
2491 259 2718 319 CLXIII.

3376 263 3484 321 ιω

213 375 462 452 perculit,
501 374 570 431 ad
620 373 795 445 ipsum
841 371 1157 441 Dominum,
1214 373 1302 444 qui
1340 381 1423 429 cst
1466 388 1535 430 ex
1587 374 1793 430 semine
1816 384 1873 446 Α
1896 373 1949 427 in
1976 372 2151 439 vanis,
2184 372 2236 429 id
2267 382 2369 440 est,
2403 373 2458 429 in
2484 374 2747 441 occiduis,
2780 380 2836 431 et
2876 388 2985 431 non
3015 378 3479 450 permanantibus,

214 469 371 528 David
399 469 583 542 (Rom.
611 483 650 536 ι,
674 468 757 538 3),
781 472 837 523 et
854 465 920 521 ad
951 464 1132 522 omnia
1164 464 1280 537 eius
1309 466 1552 524 membra
1582 467 1789 524 refera-

274 653 455 728 (Vers.
514 649 595 725 ι.)
648 649 960 707 Benedictus
1008 649 1266 707 Dominus
1309 650 1449 707 Deus
1489 669 1660 722 meus,
1702 653 1791 724 qui

210 749 347 802 docet
390 759 579 801 manus
625 759 761 797 meas
807 743 861 797 in
894 741 1161 813 pralium,
1193 744 1382 816 digitos
1412 762 1547 800 meos
1585 746 1655 799 ad
1681 745 1789 799 bel-

211 839 327 893 lum.
357 833 479 891 Vox
504 842 590 890 est
618 833 984 891 membrorum
1034 837 1282 906 corporis
1332 836 1564 903 Christi,
1599 837 1792 907 quibus

210 934 270 989 ad
320 929 687 1001 superandum
739 928 950 986 Goliam
997 929 1236 985 divinum
1296 931 1794 992 necessarium.est

213 1040 421 1096 semper
449 1023 735 1089 auxilium,
770 1030 829 1077 ut
858 1022 975 1078 sive
996 1023 1051 1077 in
1080 1023 1289 1093 praelia,
1323 1023 1437 1079 sive
1463 1024 1516 1078 in
1547 1024 1712 1091 bello,
1740 1032 1794 1079 et

212 1130 396 1173 manus
422 1115 746 1180 doceamur,
775 1122 832 1170 et
865 1113 1039 1185 digiti.
1069 1114 1126 1169 In
1168 1114 1414 1170 manibus
1451 1114 1596 1171 enim
1627 1115 1794 1185 signi-

215 1210 396 1261 licatur
441 1207 624 1262 omnis
671 1205 856 1275 operis
899 1204 1214 1276 plenitudo;
1263 1207 1316 1262 in
1362 1205 1545 1276 digitis
1587 1216 1788 1273 autem,

213 1300 453 1356 laborum
502 1296 752 1369 quaedam
796 1297 1035 1353 divisio:
1088 1306 1149 1353 ut
1197 1306 1321 1353 tota:
1356 1299 1501 1354 vires
1545 1298 1612 1354 ad
1655 1312 1793 1354 con-

213 1389 430 1446 llcienda
480 1389 624 1445 bella
678 1380 1015 1459 pertineant,
1067 1392 1131 1444 ad
1182 1398 1364 1459 partes
1410 1390 1576 1445 animi
1616 1390 1789 1445 virtu-

214 1491 355 1547 tum,
387 1480 614 1537 diversas
647 1481 857 1552 species
905 1481 1237 1548 praeliorum.
1270 1481 1428 1539 Unde
1462 1483 1655 1554 quibus
1705 1499 1795 1538 ar-

212 1576 307 1630 mis
357 1575 663 1646 quibusque
716 1574 980 1643 praesidiis
1028 1575 1228 1632 milites
1270 1576 1472 1632 Christi
1519 1578 1793 1632 instruan-

212 1679 315 1736 tur,
352 1668 659 1724 manifestat
682 1668 999 1737 Apostolus,
1030 1669 1241 1735 dicens,
1273 1669 1380 1725 Alii
1405 1670 1606 1740 quidem
1637 1671 1793 1725 datur

212 1776 292 1829 per
349 1759 603 1831 Spiritum
654 1773 822 1813 sermo
876 1759 1141 1830 sapientia:
1170 1802 1184 1827 ,
1236 1760 1329 1814 alii
1389 1778 1555 1815 sermo
1621 1764 1787 1816 scien-
1819 1782 1868 1843 Β

212 1854 286 1909 tite
307 1852 587 1908 secundum
615 1853 850 1906 eumdem
891 1852 1177 1922 Spiritum,
1225 1853 1318 1906 alii
1363 1854 1491 1923 fides
1531 1855 1585 1909 in
1615 1856 1791 1909 eodem

216 1945 443 2015 Spiritu,
486 1944 578 1998 alii
622 1944 923 1998 donationes
966 1945 1287 1999 curationum
1330 1946 1383 1999 in
1420 1963 1521 2000 uno
1564 1946 1787 2015 Spiritu,

212 2038 355 2091 alteri
389 2051 573 2108 genera
608 2036 925 2106 linguarum,
967 2036 1058 2090 alii
1094 2036 1381 2105 praphetia,
1415 2036 1505 2090 alii
1534 2036 1792 2106 judicatio

214 2131 519 2200 Spirituum.
568 2127 757 2181 Omnia
799 2138 969 2182 autem
1016 2128 1124 2182 haec
1171 2139 1415 2197 operatur
1460 2145 1595 2184 unus
1640 2140 1793 2199 atque

214 2220 368 2293 515
395 2220 530 2273 idem
562 2218 807 2290 Spiritus,
836 2219 1069 2274 dividens
1104 2221 1313 2292 prapria
1341 2221 1617 2291 unicuique
1643 2232 1792 2289 prout

214 2314 311 2364 vult
344 2310 385 2375 (Ι
426 2307 547 2366 Cor.
586 2325 695 2380 ιιι,
741 2310 775 2366 8
801 2310 988 2382 seqq.).
1025 2311 1119 2365 liis
1148 2327 1277 2382 ergo
1314 2312 1531 2383 digitis,
1578 2312 1693 2368 sive
1738 2315 1791 2368 in

214 2402 381 2470 bello,
427 2403 544 2459 sive
596 2402 652 2457 in
710 2403 898 2473 praelio
949 2415 1147 2475 pugnat
1200 2420 1395 2476 corpus
1440 2404 1682 2473 Christi,
1738 2415 1794 2462 et

215 2511 418 2551 omnem
448 2495 684 2561 hostem,
716 2496 833 2551 sive
858 2496 1150 2565 visibilem,
1181 2498 1295 2553 sive
1323 2498 1646 2555 invisibilem
1668 2542 1683 2562 ,
1714 2501 1792 2555 la-

214 2589 350 2660 pidis
386 2588 732 2660 iaculatione,
780 2588 885 2645 hoc
933 2597 1039 2659 est,
1093 2588 1292 2646 Christi
1340 2590 1612 2647 soliditate
1663 2606 1791 2661 pro-

215 2683 425 2739 sternit.

292 2775 474 2847 (Vers.
524 2774 612 2847 2.)
656 2773 1019 2832 Misericordia
1066 2793 1180 2833 mea
1228 2786 1276 2833 et
1320 2778 1580 2852 refugium
1624 2796 1793 2835 meum

218 2875 479 2937 susceptor
501 2883 635 2922 meus
675 2876 722 2922 et
758 2868 1001 2924 liberator
1041 2886 1203 2924 meus.
1241 2868 1409 2927 Recte
1434 2881 1491 2927 et
1530 2873 1795 2929 veraciter

215 2957 440 3013 dicimus
468 2958 719 3027 Domino,
752 2959 1111 3016 Misericordia
1149 2980 1263 3018 mea
1282 3005 1297 3031 ,
1326 2964 1451 3032 quia
1482 2978 1588 3019 non
1617 2966 1792 3021 solum

215 3054 497 3109 miseretur
533 3054 736 3123 nostri,
768 3054 864 3111 sed
893 3065 948 3110 et
978 3070 1079 3112 nos
1114 3059 1259 3127 ipsos
1297 3066 1324 3095 ι
1360 3057 1785 3114 misericordiam

1894 463 2119 534 diesque
2160 466 2277 534 ejus
2316 466 2449 521 sicut
2479 467 2659 521 umbra
2685 474 3139 526 transcurrerent.
3170 468 3229 525 in
3265 485 3484 544 compa-

1896 556 2106 612 ratione
2154 558 2350 628 quippe
2394 568 2724 616 aeternorum
2774 575 2909 617 vana
2960 569 3089 618 sunt
3138 564 3479 635 temporalia,

1896 662 1995 704 nec
2022 663 2149 705 vera
2181 659 2305 705 sunt
2331 665 2451 721 quae
2501 652 2587 707 vel
2614 666 2734 709 esse
2765 651 3042 722 desinunt,
3072 654 3160 711 vel
3186 656 3330 727 quod
3353 669 3482 713 sunt

1896 742 2145 811 perdunt.
2181 741 2309 797 Mira
2336 758 2469 814 ergo
2489 745 2631 801 circa
2662 744 2908 802 homines
2933 745 3148 802 bonitas
3173 756 3229 802 et
3256 747 3477 805 dilectio

1896 832 2015 901 Dei,
2049 834 2190 903 quod
2219 834 2384 890 etiam
2429 835 2495 890 ad
2535 850 2597 893 se
2630 837 3063 907 cognoscendum
3104 847 3263 895 vocat
3291 840 3476 908 talem,

1894 934 1949 981 et
1973 926 2193 998 dignum
2221 928 2471 995 mstimat,
2495 944 2652 998 quem
2679 936 2830 986 tanto
2852 931 3029 1002 pretio
3049 930 3298 997 redimat,
3327 943 3383 988 et
3410 933 3479 988 ab

1897 1021 2085 1075 umbra
2124 1021 2377 1077 vanitatis
2405 1021 2621 1077 educat.
2657 1022 2759 1088 Qui
2792 1026 2935 1080 enim
2967 1023 3111 1080 Filio
3135 1027 3348 1098 proprio
3374 1043 3479 1081 non

1896 1112 2142 1183 pepercit,
2185 1112 2278 1167 sed
2326 1128 2419 1185 pro
2459 1113 2602 1168 nobis
2649 1115 2883 1169 omnibus
2926 1116 3140 1171 tradidit
3186 1133 3331 1182 eum,
3357 1134 3483 1188 quo-

1894 1205 2045 1258 modo
2071 1221 2173 1259 non
2205 1214 2253 1260 et
2278 1222 2393 1259 cum
2416 1206 2511 1261 illo
2536 1208 2709 1261 omnia
2737 1207 2884 1262 nobis
2919 1209 3124 1263 donavit
3150 1209 3327 1279 (Rom.
3360 1224 3477 1279 vnt,

1893 1295 2010 1366 δε).

1965 1388 2146 1460 (Vers.
2199 1390 2351 1459 5-7.)
2399 1390 2651 1462 Domine,
2684 1392 2879 1447 inclina
2922 1392 3075 1449 calas
3116 1401 3255 1459 tuos,
3300 1402 3348 1449 et
3391 1395 3482 1450 de-

1894 1480 2117 1543 scende;
2145 1488 2297 1554 tange
2327 1493 2521 1538 montes
2543 1525 2557 1551 ,
2588 1495 2636 1539 et
2676 1484 3019 1556 fumigabunt.
3062 1485 3286 1541 ϐου-κεεὰ
3332 1504 3481 1541 coru-

1895 1575 2165 1640 scationes,
2194 1584 2242 1629 et
2277 1576 2511 1648 disperge
2537 1593 2655 1644 eos;
2684 1580 2855 1633 emitte
2880 1579 3090 1650 sagittas
3118 1589 3233 1634 tuas
3252 1622 3265 1647 ,
3290 1589 3336 1633 et
3357 1597 3478 1635 con-

1893 1666 2119 1721 turbabis
2148 1683 2253 1723 eos.
2288 1667 2478 1723 Emitte
2521 1685 2732 1723 manum
2775 1680 2914 1723 tuam
2944 1672 3009 1724 de
3036 1671 3176 1739 alto;
3199 1671 3335 1745 eripe
3376 1686 3476 1736 me,

1894 1767 1943 1811 et
2000 1758 2161 1813 libera
2208 1776 2288 1813 me
2340 1761 2403 1815 de
2453 1762 2599 1832 aquis
2656 1762 2850 1816 multis.
2910 1762 3048 1818 Caeli
3102 1773 3228 1819 sunt
3284 1762 3480 1833 pradi-

1896 1860 2109 1907 catorcs
2166 1853 2407 1909 veritatis
2469 1864 2785 1910 enarrantes
2848 1855 3075 1925 gloriam
3128 1856 3223 1911 Dei
3284 1856 3305 1928 (
3332 1854 3478 1911 Psal.

1896 1960 2063 2006 xvm.
2108 1944 2227 2015 2),
2284 1961 2379 2015 per
2427 1961 2656 2017 quorum
2711 1947 3153 2013 inclinationem,
3208 1955 3266 2003 et
3319 1946 3484 2019 516

1896 2036 2234 2091 tolerantiam
2302 2038 2610 2107 passionum
2672 2040 2961 2095 innotescit
3024 2039 3223 2094 mundo
3288 2052 3479 2094 corus-

1894 2130 2036 2183 catio
2084 2128 2391 2199 Evangelii,
2435 2139 2491 2184 et
2533 2130 2742 2201 fulgura
2779 2131 3164 2185 miraculorum
3206 2129 3482 2185 illustrant

1898 2220 2062 2276 corda
2087 2222 2443 2277 credentium.
2476 2221 2679 2277 Montes
2712 2224 2881 2289 enim,
2915 2222 2967 2277 id
2995 2230 3097 2287 est,
3130 2222 3257 2277 elati
3283 2221 3481 2292 quique

1895 2325 1950 2371 et
1976 2316 2161 2371 tumidi
2192 2357 2205 2381 ,
2243 2326 2497 2389 tangente
2529 2332 2622 2372 eos
2668 2317 2761 2373 Dei
2799 2317 2970 2388 gratia
2992 2358 3006 2382 ,
3039 2316 3382 2388 fumigabunt,
3426 2322 3482 2370 et

1895 2407 2109 2463 accensi
2151 2409 2338 2463 cordis
2379 2424 2639 2477 vaporem
2668 2423 2789 2464 cum
2823 2408 3076 2479 lacrymis
3125 2405 3482 2463 confessionis

1896 2503 2171 2558 emittent.
2204 2501 2424 2573 Sagitta:
2452 2512 2630 2558 autem
2672 2503 2768 2558 Dei
2796 2503 2961 2557 verba
2990 2510 3114 2557 sunt
3143 2501 3258 2567 Dei,
3286 2500 3480 2571 quibus

1896 2595 2192 2665 dissipatur
2212 2595 2582 2651 consideratio
2608 2595 2994 2665 superborum,
3024 2602 3080 2649 et
3106 2593 3483 2664 percutiuntur

1894 2689 2037 2745 male
2080 2689 2217 2753 sani,
2261 2698 2319 2743 ut
2362 2697 2629 2743 sanentur
2664 2688 2805 2743 bene
2849 2686 3147 2751 vulnerati;
3196 2684 3381 2741 ethoc
3426 2683 3483 2737 lit

1896 2796 1997 2851 per
2024 2781 2277 2836 emissam
2308 2794 2525 2834 manum
2560 2779 2654 2834 Dei
2676 2778 2744 2833 de
2765 2778 2900 2844 alto,
2928 2777 3180 2849 quoniam
3202 2774 3481 2830 brachium

1898 2870 1993 2926 Dei
2024 2869 2203 2939 (Joan.
2236 2886 2328 2936 xu,
2363 2870 2477 2940 58),
2509 2870 2650 2941 quod
2674 2880 2758 2925 est
2782 2870 3055 2935 Christus,
3105 2868 3269 2924 homo
3309 2866 3483 2921 iactus

1896 2972 2001 3031 est,
2033 2974 2088 3020 et
2132 2965 2373 3020 membra
2402 2967 2483 3019 sui
2508 2966 2752 3033 corporis
2799 2979 2905 3019 non
2937 2962 3215 3035 relinquit,
3261 2970 3317 3017 et
3342 2962 3485 3016 eruit

1901 3055 2198 3111 Ecclesiam
2228 3072 2380 3110 suam
2407 3056 2475 3111 de
2511 3056 2666 3127 aquis
2714 3055 2920 3122 multis,
2945 3055 2999 3111 id
3028 3064 3136 3120 est,
3171 3054 3239 3110 de
3267 3053 3481 3123 pupulis

213 3144 352 3217 facit,
385 3162 456 3202 ne
484 3148 553 3202 sit
569 3148 831 3221 judicium
859 3148 968 3202 sine
991 3150 1344 3204 misericordia
1364 3151 1410 3204 ei
1437 3152 1526 3221 qui
1550 3168 1649 3205 non
1674 3153 1792 3221 fecit
1822 3157 1868 3222 ο
1903 3150 2233 3217 infidelibus,
2267 3150 2383 3206 sive
2414 3150 2547 3205 foris
2575 3148 3009 3220 oppugnantibus
3029 3189 3045 3215 ,
3087 3148 3203 3204 sive
3231 3147 3375 3202 intus
3405 3147 3487 3200 in-

214 3242 612 3297 misericordiam
649 3240 853 3313 (Jacobi
881 3256 953 3309 tt,
986 3240 1095 3313 15).
1129 3241 1415 3313 Refugium
1442 3256 1618 3300 autem
1652 3254 1734 3300 est
1764 3260 1793 3299 a

213 3354 311 3406 quo
347 3336 748 3407 reparationem
779 3334 808 3374 ι’
837 3344 893 3391 et
935 3336 1321 3391 conscientiam
1352 3337 1518 3391 sumit
1562 3337 1793 3393 infirmi-

215 3442 306 3488 tas.
355 3430 641 3502 Susceptor
682 3438 788 3499 est,
816 3430 905 3499 qui
951 3431 1209 3501 pugnanti
1240 3440 1461 3499 praestat
1506 3446 1577 3486 ne
1616 3431 1793 3487 cadat.

214 3528 475 3585 Liberator
504 3536 616 3593 est,
646 3526 737 3598 qui
786 3525 975 3583 tribuit
1021 3542 1091 3583 ne
1133 3528 1445 3583 vulneretur
1481 3526 1746 3583 dimicans
1777 3542 1793 3580 :

214 3631 429 3692 propter
453 3618 596 3690 quod
624 3617 800 3683 addit,
834 3628 887 3673 et
916 3617 1050 3673 dicit
1083 3635 1097 3672 :
1135 3617 1401 3673 Protectar
1442 3634 1621 3685 meus,
1664 3629 1711 3673 et
1741 3620 1796 3672 in

210 3714 314 3784 ipso
336 3711 559 3786 speravi,
591 3710 681 3781 qui
708 3709 879 3765 subdit
906 3711 1155 3783 populum
1186 3726 1351 3765 meum
1392 3709 1482 3765 sub
1525 3726 1622 3764 me.
1652 3708 1797 3765 Voce

211 3807 398 3874 capitis
446 3805 649 3861 dictum
702 3804 945 3872 videtur,
990 3803 1092 3872 Qui
1151 3802 1336 3858 subdis
1392 3802 1645 3872 populum
1695 3802 1796 3858 sub

211 3911 291 3952 me
312 3938 327 3961 ,
357 3897 416 3952 id
443 3906 527 3953 est
548 3939 564 3965 ,
597 3897 895 3954 Ecolesiam
940 3891 1083 3952 mihi’
1099 3910 1195 3965 per
1222 3895 1382 3951 fidem
1412 3896 1617 3950 subdis.
1651 3895 1797 3951 Voce

211 3997 391 4045 autem
440 3990 688 4061 corporis
732 3988 957 4057 intelligi
1002 3996 1206 4057 potest,
1254 3986 1512 4057 spiritalis
1552 3986 1797 4057 quisquis

208 4079 462 4149 bellator,
487 4081 580 4152 qui
606 4078 1146 4152 populumtrebellem
1175 4076 1525 4148 cupiditatum
1550 4122 1564 4147 ,
1595 4086 1649 4132 et
1681 4092 1796 4132 mo-

211 4180 315 4227 tum
370 4172 670 4227 carnalium
709 4170 1101 4227 desideriorum
1126 4214 1140 4238 ,
1184 4169 1284 4239 legi
1329 4169 1526 4224 mentis
1554 4183 1663 4224 suae
1702 4183 1800 4239 per

208 4277 361 4333 opem
390 4265 584 4335 gratiae
614 4263 885 4320 subditum
912 4261 1222 4317 confitetur.

275 4355 462 4428 (Vers.
497 4356 577 4428 5.)
607 4355 824 4410 Domine
845 4398 862 4426 ,
896 4354 1020 4425 quid
1050 4362 1122 4408 est
1162 4352 1338 4418 homo,
1378 4352 1618 4421 quoniam
1642 4353 1796 4406 inno-

207 4450 343 4504 tuisti
390 4450 473 4518 ei;
516 4457 608 4504 aut
647 4450 789 4519 ﬁlius
818 4448 1070 4514 hominis,
1105 4448 1350 4518 quoniam
1379 4447 1603 4502 aestimas
1643 4446 1800 4501 eum!

1899 3242 2236 3299 sidiantibns.

1976 3336 2155 3407 (Vers.
2183 3334 2236 3398 7,
2264 3332 2345 3406 8.)
2376 3334 2450 3389 De
2480 3350 2637 3388 manu
2664 3333 2894 3402 ﬁliorum
2920 3332 3221 3387 alienorum.
3257 3331 3488 3397 Quorum

1900 3444 1956 3483 os
1997 3429 2225 3481 locutum
2260 3436 2335 3481 est
2365 3428 2669 3494 vanitatem,
2715 3434 2761 3478 et
2789 3425 2999 3479 dextera
3044 3439 3241 3487 eorum,
3274 3424 3486 3476 dextera

1899 3524 2205 3591 iniquitatis.
2235 3521 2312 3577 De
2341 3521 2535 3590 quibus
2556 3520 2711 3590 aquis
2737 3517 2879 3575 eruit
2917 3517 3177 3571 Dominus
3204 3515 3482 3569 humilita-

1901 3623 2009 3668 tem
2038 3612 2229 3676 David,
2260 3611 2311 3665 id
2343 3621 2445 3677 est,
2472 3611 2830 3666 humilitatem
2852 3608 3098 3679 corporis
3116 3606 3341 3672 Christi,
3377 3606 3480 3662 nisi

1900 3705 1968 3759 de
1998 3719 2159 3758 manu
2189 3702 2420 3757 liliorum
2445 3701 2780 3757 alienorum?
2822 3699 3022 3755 Omnes
3063 3698 3203 3753 enim
3238 3697 3486 3753 inlideles

1899 3796 2215 3866 alienigenae
2257 3803 2406 3858 sunt,
2439 3807 2541 3848 nec
2570 3794 2621 3847 in
2660 3791 2895 3847 filiorum
2928 3788 3023 3845 Dei
3070 3788 3358 3859 adoptione
3388 3804 3489 3843 nu-

1901 3898 2195 3950 merantur,
2228 3897 2282 3941 et
2308 3902 2368 3941 os
2395 3900 2585 3942 eorum
2617 3884 2854 3954 loquitur
2893 3882 3205 3949 vanitatem,
3257 3894 3485 3950 quorum

1905 3980 2084 4050 lingua
2116 3994 2145 4031 a
2179 3978 2525 4034 c0nfessione
2567 3976 2812 4031 veritatis
2838 3973 3016 4030 aliena
3042 3982 3154 4039 est;
3183 3980 3237 4028 et
3266 3970 3488 4027 dextera

1903 4071 2044 4131 est‘l
2075 4074 2180 4129 illis
2226 4073 2499 4144 iniquitas,
2546 4071 2668 4142 quia
2711 4071 2766 4125 in
2813 4069 2896 4123 his
2947 4082 3068 4139 quae
3121 4066 3318 4137 iniusta
3364 4074 3486 4122 sunt

1899 4167 2161 4239 gaudent,
2187 4176 2239 4222 et
2268 4166 2449 4238 pravis
2475 4174 2749 4235 tamquam
2771 4162 2938 4218 rectis
2960 4161 3233 4216 laetantur.

1974 4263 2155 4336 (Vers.
2196 4261 2276 4333 9.)
2312 4260 2471 4326 Deus,
2505 4259 2761 4315 canticum
2800 4272 2988 4310 novum
3033 4254 3251 4309 cantabo
3280 4253 3402 4319 tibi,
3437 4252 3492 4305 in

1900 4357 2146 4427 psalterio
2166 4356 2338 4411 decem
2364 4353 2674 4409 chordarum
2702 4349 2924 4422 psallam
2953 4349 3063 4404 tibi.
3080 4347 3361 4404 Canticum
3387 4361 3487 4402 no-

1904 4465 2027 4504 vum
2061 4456 2146 4505 est
2173 4447 2443 4503 canticum
2476 4445 2664 4516 gratias
2713 4451 2769 4499 et
2798 4443 2922 4498 novi
2966 4441 3234 4506 hominis,
3276 4453 3339 4495 ac
3368 4437 3490 4493 novi

208 4542 398 4615 Magna
428 4543 662 4615 dignitas
692 4542 956 4609 hominis,
983 4541 1074 4612 qui
1114 4540 1194 4595 sic
1219 4555 1249 4593 a
1280 4540 1391 4595 Deo
1427 4550 1448 4577 ε
1480 4549 1695 4595 creatus
1739 4547 1797 4593 ut
1826 4546 1875 4606 ο
1901 4539 2232 4597 Testamenti
2253 4583 2269 4607 ,
2316 4537 2458 4609 quod
2496 4539 2549 4591 in
2586 4534 2908 4590 decachordo
2930 4576 2944 4599 ,
2975 4533 3028 4589 id
3074 4540 3182 4601 est,
3214 4532 3269 4587 in
3300 4531 3490 4587 decem

206 4650 360 4691 suum
410 4643 597 4692 nosset
622 4644 928 4701 auctorem;
957 4642 1010 4690 et
1042 4632 1174 4689 tanti
1214 4632 1509 4688 astimatus
1536 4642 1702 4699 esset,
1738 4642 1795 4687 ut

205 4728 527 4803 Unigenitus
555 4729 652 4786 Dei
682 4729 997 4800 sanguinem
1024 4742 1123 4800 pro
1145 4725 1518 4797 redemptione
1547 4726 1667 4798 ejus
1694 4729 1796 4781 im-

203 4823 490 4892 penderet.

269 4914 458 4986 (Vers.
484 4912 567 4987 4.)
596 4913 767 4970 Homo
785 4914 997 4970 sanitati
1017 4912 1200 4969 similis
1227 4914 1397 4985 factus
1428 4921 1524 4980 est,
1552 4913 1659 4969 dies
1681 4915 1794 4985 ejus

200 5008 329 5061 sicut
354 5007 546 5062 umbra
569 5015 899 5077 praetereunt.
925 5006 1143 5063 Naturae
1166 5021 1278 5062 suze
1302 5005 1464 5061 homo
1485 5006 1791 5075 immemor,

199 5099 252 5155 in
278 5100 691 5157 similitudinem
722 5101 978 5157 vanitatis
1013 5100 1321 5157 voluntaria
1350 5100 1797 5171 praevaricatione

199 5201 448 5248 mutatus
468 5202 557 5250 est
589 5211 602 5247 :
634 5200 694 5248 ut
718 5194 810 5264 qui
848 5193 1023 5249 factus
1052 5192 1231 5249 fuerat
1268 5193 1324 5247 in
1364 5193 1619 5259 aeternis,
1650 5202 1796 5249 esset

268 5416 299 5446 ι
350 5403 707 5475 Suspicamur
734 5404 1060 5474 legendum,
1092 5404 1444 5459 misericordes
1483 5402 1648 5475 facit;
1692 5402 1796 5475 et_si

199 5477 333 5535 editi
381 5473 554 5531 nostri
580 5490 770 5531 omnes
809 5476 1068 5539 habeant,
1098 5473 1509 5530 misericordiam
1549 5475 1693 5545 facit.
1737 5473 1795 5528 In

199 5546 505 5618 Augustino
548 5547 695 5601 enim
745 5546 1001 5617 legimus,
1055 5546 1157 5602 hoc
1202 5545 1322 5613 ipso
1369 5548 1488 5601 loco
1529 5544 1555 5600 :'
1592 5544 1800 5599 Pnzbes

199 5619 330 5673 mihi
375 5618 803 5682 misericordiam,
846 5627 893 5671 et
942 5618 996 5671 in
1025 5634 1104 5673 me
1147 5618 1321 5672 existis
1367 5618 1690 5681 misericors;
1731 5632 1799 5669 an

199 5689 410 5744 donasti
438 5688 568 5742 mihi
595 5698 648 5742 ut
678 5699 723 5742 et
754 5691 863 5756 ipse
890 5689 987 5742 sim
1025 5689 1352 5743 misericors?
1378 5688 1455 5743 De
1486 5687 1629 5742 nulla
1666 5687 1801 5739 enim

200 5777 257 5817 re
300 5761 381 5816 sic
420 5760 644 5822 vincitur
678 5761 937 5826 inimicus,
986 5776 1141 5830 quam
1186 5775 1301 5814 cum
1329 5759 1680 5816 misericordes
1718 5774 1801 5813 su-

1904 4635 2189 4704 prazceptis
2217 4632 2349 4703 legis
2398 4631 2645 4694 canitur;
2690 4629 2812 4698 quia
2842 4627 3079 4698 perfecta
3108 4634 3193 4681 est
3231 4625 3283 4679 in
3314 4622 3494 4680 chari-

1912 4736 2024 4783 tate
2045 4724 2311 4791 cantatio;
2344 4723 2577 4779 charitas
2598 4722 2731 4792 legis
2757 4731 2840 4777 est
2866 4718 3148 4791 plenitudo
3168 4716 3343 4790 (Rom.
3368 4730 3490 4779 xm,

1904 4818 2017 4891 tu).

1974 4910 2154 4981 (Vers.
2182 4908 2292 4979 10.)
2322 4907 2424 4973 Qui
2466 4907 2561 4962 das
2586 4908 2806 4962 salutem
2830 4904 3069 4977 regibus;
3098 4900 3203 4955 hoc
3228 4906 3335 4963 est,
3366 4902 3491 4968 quia

1906 5001 2081 5072 tangis
2112 5011 2345 5065 montes,
2374 5008 2429 5056 et
2459 4999 2826 5070 fumigabunt,
2860 5008 2918 5051 ut
2948 4991 3213 5049 humiliati
3255 4986 3492 5044 subdan-

1907 5106 1994 5151 tur
2038 5094 2139 5148 tibi
2167 5108 2288 5149 cum
2337 5093 2721 5149 satisfactionis
2748 5086 3108 5146 confessione.
3145 5081 3248 5150 Qui
3282 5079 3493 5133 redimis

1908 5190 2078 5248 David
2117 5204 2317 5244 servum
2343 5196 2507 5240 tuum.
2559 5184 2676 5239 Non
2721 5188 2870 5238 caret
2898 5175 3116 5234 Davidis
3144 5172 3362 5229 nomine
3401 5171 3491 5240 qui

1972 5442 2189 5528 it"Forte
2228 5468 2537 5542 legendum,
2571 5474 2615 5520 et
2650 5460 3031 5531 conﬁdentiam.

1981 5553 2003 5582 ⁶
2028 5535 2309 5605 Fortasse:
2331 5549 2528 5594 creatus
2551 5546 2642 5601 est,
2676 5544 2731 5589 ut
2762 5546 2910 5587 suum
2939 5537 3108 5587 nosset
3129 5535 3414 5591 auctorem,
3442 5535 3490 5581 et

1903 5615 2032 5668 tanti
2057 5616 2337 5669 testimonia
2369 5621 2460 5672 est,
2492 5618 2567 5672 ut,
2598 5618 2709 5680 etc;
2752 5676 2764 5680 Α
2967 5673 2979 5680 _
3002 5673 3016 5680 _
3108 5679 3111 5680 ν
3362 5668 3373 5680 .

1978 5666 2004 5722 δ
2030 5666 2126 5741 Hic
2143 5666 2371 5749 bovem,
2396 5666 2565 5738 Duae.
2592 5687 2647 5733 et
2671 5676 2889 5749 Cpion.,
2917 5673 3120 5749 addunt
3149 5666 3481 5743 praepositio-

1907 5771 2031 5812 nem
2052 5757 2125 5821 in,
2159 5770 2280 5826 quae
2307 5744 2368 5807 in'
2392 5747 2735 5821 Lugdunensi
2767 5761 2874 5803 non
2904 5744 3153 5803 additur:
