4006 6356
208 372 306 434 115

952 364 1369 422 PSALMORUM
1409 361 1455 419 Α
1492 361 1533 418 C
1574 360 1666 417 AD
1702 357 1790 415 CL
1828 356 2213 418 EXPOSITIO.
2257 361 2453 420 PSAL.
2498 363 2723 422 CXLIV.

3371 371 3478 436 ω

204 486 627 549 misericordiam
672 484 823 556 eius,
866 490 920 538 et
962 482 1223 552 justitiam
1270 480 1676 552 praedicabunt;
1723 486 1777 533 et
1801 476 1857 536 Δ
1883 489 1955 540 tt,
1988 475 2110 546 l0);
2140 477 2296 545 cuius
2327 493 2427 534 nec
2456 479 2911 549 magnitudinem,
2944 496 3047 541 nec
3072 481 3299 553 gloriam
3322 528 3338 554 ,
3370 503 3475 557 nec

203 590 331 643 sicut
361 598 588 653 regnum
625 592 908 646 aeternum,
943 576 1016 631 ita
1046 585 1076 614 ι
1113 578 1289 647 ignem
1321 586 1643 646 perpetuum
1672 584 1781 627 non

202 679 448 738 tacebunt
482 693 497 729 :
539 684 597 730 ut
633 675 688 728 in
725 671 809 727 via
848 684 951 741 qua
992 670 1060 726 ad
1099 668 1511 729 retributionem
1545 666 1782 723 tenditur

203 769 494 833 constituti,
528 767 703 823 sciant
728 764 856 835 quid
887 764 1091 834 eligere
1118 761 1373 826 debeant,
1406 760 1533 830 quid
1565 772 1777 817 cavere.

201 862 613 935 Magnitudinem
638 868 817 913 autem
840 857 959 919 Dei,
982 868 1103 926 quas
1128 869 1233 909 non
1257 853 1417 908 habet
1441 853 1624 917 linem,
1647 864 1781 921 quo-

199 958 347 1016 modo
374 954 732 1017 enarrabunt,
762 951 865 1005 nisi
886 950 1010 1021 quia
1030 963 1244 1019 semper
1265 947 1366 1002 hoc
1390 946 1778 1016 pradicabunt,

197 1052 328 1124 quod
362 1050 489 1104 ﬁnis
518 1047 636 1117 ejus
669 1054 900 1116 nequeat
938 1043 1206 1099 inveniri?
1244 1041 1597 1097 lnelabilium
1631 1041 1779 1097 enim

196 1142 361 1197 nullos
392 1139 738 1211 eloquentior
760 1145 845 1192 est
880 1147 1130 1191 narrator
1150 1149 1308 1204 quam
1342 1135 1431 1204 qui
1463 1132 1661 1188 fatetur
1691 1133 1779 1187 in-

194 1234 526 1306 explicabilia
557 1248 679 1289 esse
709 1247 827 1303 quce
859 1232 1116 1301 loquitur.
1154 1229 1219 1284 Hi
1250 1242 1399 1298 ergo,
1422 1228 1621 1298 inquit,
1654 1240 1777 1281 nar-

194 1339 394 1385 ratores
426 1325 817 1396 magnitudinis
845 1334 948 1379 tuac
976 1324 1274 1377 memoriam
1301 1319 1633 1375 abundantia:
1656 1335 1777 1374 sua-

191 1421 343 1475 sitatis
388 1427 495 1473 tuae
534 1418 868 1481 eructabunt,
916 1416 1040 1486 quia
1081 1429 1187 1469 non
1229 1429 1289 1469 es
1324 1413 1525 1467 oblitus
1567 1412 1770 1479 nostri,

193 1524 383 1581 nosque
418 1511 495 1564 tui
522 1508 833 1563 meminisse
858 1506 1014 1562 iacis.
1043 1504 1294 1561 Doctrina
1319 1506 1496 1575 itaque
1518 1518 1646 1558 sana
1670 1503 1774 1557 hoc

190 1605 248 1661 de
278 1603 609 1659 abundantia
630 1601 912 1656 suavitatis
936 1600 1137 1654 divina:
1175 1607 1370 1665 ructat,
1396 1597 1631 1668 facitque
1652 1611 1774 1652 eru-

190 1696 327 1763 ctari,
350 1703 416 1749 ut
454 1708 647 1748 omnes
686 1693 812 1747 boni
842 1692 938 1746 Dei
981 1690 1149 1761 gratia
1190 1704 1252 1745 se
1289 1689 1426 1758 regi,
1468 1687 1565 1742 Dei
1601 1687 1769 1759 gratia

188 1787 723 1853 norerinteustodiri,
745 1796 801 1840 et
820 1799 917 1855 per
934 1786 1107 1855 ipsam
1133 1782 1257 1851 sibi,
1276 1792 1336 1837 ut
1357 1782 1425 1837 de
1443 1781 1532 1836 illa
1561 1780 1768 1851 possint

191 1883 435 1955 gaudere,
468 1879 733 1951 praestari.

248 1975 422 2040 (Vero.
454 1972 597 2044 8—9.)
635 1972 927 2026 Misericors
960 1979 1008 2024 et
1044 1972 1311 2024 miserator
1341 1967 1613 2034 Dominus,
1650 1968 1764 2022 lon-

186 2068 384 2141 ganimis
411 2074 459 2119 et
484 2063 703 2118 multum
724 2064 1036 2117 misericors.
1068 2063 1256 2117 Suavis
1278 2062 1533 2117 Dominus
1561 2061 1764 2116 univer-

186 2163 263 2223 sis,
291 2169 334 2212 et
353 2160 718 2211 miserationes
744 2156 857 2226 ejus
882 2170 1035 2223 super
1062 2155 1233 2207 omnia
1260 2169 1414 2224 opera
1437 2156 1569 2225 ejus.
1598 2153 1761 2208 Mise-

186 2251 397 2307 ricordia
422 2228 477 2305 et
502 2250 699 2319 gratia,
725 2248 936 2302 bonitas
962 2256 1015 2301 et
1048 2246 1301 2315 patientia
1339 2245 1436 2300 Dei
1457 2260 1552 2315 per
1576 2244 1759 2300 omnia

185 2344 507 2407 declaratur;
547 2340 574 2379 ¹³
619 2350 673 2395 et
713 2354 872 2395 nemo
914 2339 1196 2409 deSperet,
1241 2352 1400 2394 nemo
1440 2346 1757 2407 praesumat.

186 2438 302 2506 Quia
326 2437 472 2491 sicut
498 2433 681 2489 suavis
714 2439 799 2489 est
828 2431 1071 2495 lenitate,
1107 2432 1177 2486 ita
1207 2430 1387 2500 justus
1410 2438 1495 2485 est
1523 2430 1756 2495 ultione;

186 2542 235 2586 et
260 2528 381 2584 nihil
412 2526 813 2598 longanimitati
839 2524 956 2595 ejus
987 2526 1147 2594 perit,
1181 2538 1341 2595 quem
1376 2533 1431 2579 et
1460 2538 1759 2579 conversul

187 2621 489 2692 benignum,
520 2630 575 2675 et
605 2619 899 2674 obduratus
930 2618 1207 2687 experitur
1232 2631 1501 2671 severum.
1536 2615 1758 2670 Misera-

185 2715 335 2769 tiones
366 2715 511 2769 enim
540 2716 649 2786 ejus
678 2714 732 2766 in
758 2712 929 2767 omnia
952 2728 1110 2780 opera
1143 2712 1278 2783 ejus,
1309 2712 1434 2782 quia
1466 2713 1519 2765 in
1553 2711 1636 2767 bis
1667 2711 1757 2783 qui

187 2807 548 2873 salvabontnr,
575 2805 849 2861 damnavit
877 2805 1075 2861 aliena.

257 2898 429 2971 (Vero.
468 2899 575 2968 10.)
602 2896 955 2968 Con/iteantur
984 2896 1093 2963 tibi,
1136 2896 1373 2964 Domine,
1405 2896 1575 2951 omnia
1603 2912 1759 2964 opera

186 3001 285 3056 tua,
323 3000 372 3045 et
401 2995 562 3046 sancti
604 2992 679 3046 tui
720 2990 1022 3045 benedicant
1052 2998 1120 3044 te.
1157 2990 1520 3060 Quaecumque
1552 2989 1756 3044 suntin

185 3083 519 3138 universitate
546 3097 750 3148 rerum,
775 3096 805 3135 a
829 3082 1056 3135 summis
1078 3096 1245 3151 usque
1266 3081 1333 3135 ad
1362 3080 1563 3148 intima,
1590 3096 1755 3152 opera

184 3175 349 3244 utique
378 3185 508 3229 sunt
536 3174 651 3229 Dei.
683 3175 747 3230 Et
773 3175 1019 3245 quamvis
1038 3174 1333 3229 rationales
1358 3183 1565 3229 tantum
1590 3164 1754 3230 intel-

1884 570 2139 626 decorem
2190 572 2295 627 ulla
2343 584 2571 643 possunt
2608 575 2774 630 corda
2822 576 3157 647 concipere;
3204 580 3298 635 sed
3345 582 3469 652 quia

1884 663 2025 718 sicut
2052 664 2403 734 promittitur,
2443 666 2515 720 ita
2543 666 2804 733 eraditur,
2831 668 3139 727 certissimo
3171 670 3467 746 desiderio,

1883 757 2061 813 donec
2086 758 2246 825 adsit,
2278 761 2567 828 expetitur.

1954 850 2135 923 (Vera.
2170 851 2289 921 ιδ.)
2323 852 2553 923 Regnum
2583 862 2727 908 tuuns
2749 872 2962 926 regnum
2985 858 3217 914 omnium
3252 861 3471 925 msulae

1881 958 2016 1010 rum,
2049 952 2097 996 et
2126 943 2406 998 dominatio
2432 954 2519 998 tua
2539 946 2593 999 its
2616 949 2754 1000 omni
2783 950 3113 1018 generatione
3131 960 3180 1004 et
3207 954 3466 1025 progenie.

1880 1035 2149 1105 Repetitio
2181 1036 2566 1104 generationis,
2598 1046 2658 1092 et
2686 1054 2925 1106 prasens
2959 1042 3217 1099 secutum
3261 1044 3469 1101 indicat

1880 1140 1935 1187 et
1969 1132 2238 1198 futurum,
2277 1135 2405 1202 quia
2449 1140 2504 1187 et
2546 1133 2874 1191 resurrectio
2919 1138 3199 1205 generatio
3244 1138 3465 1209 dicitur,

1876 1238 1997 1295 qua:
2044 1235 2264 1280 sanctos
2309 1224 2376 1279 ad
2422 1224 2886 1293 interruptionem
2930 1229 3105 1284 beata
3146 1230 3465 1287 mteruitatis

1875 1318 2102 1373 creavit.
2150 1316 2352 1375 Fidelis
2386 1318 2637 1372 Dominus
2665 1320 2719 1373 in
2746 1320 2907 1374 verbis
2941 1322 3067 1387 suis,
3095 1334 3141 1377 et
3174 1336 3380 1387 sanctus
3408 1324 3465 1389 iu

1873 1411 2108 1465 omnibus
2131 1410 2368 1481 operibus
2389 1413 2519 1465 suis.
2543 1412 2704 1466 Multa
2734 1412 3015 1479 Dominus,
3033 1422 3087 1469 et
3114 1430 3306 1485 ntagna
3332 1431 3462 1486 pro.

1873 1502 2037 1571 misit,
2065 1510 2122 1558 et
2148 1503 2392 1573 quaedam
2417 1504 2621 1559 credita
2647 1505 2910 1575 implevit,
2932 1507 3178 1575 quidam
3196 1510 3461 1567 servanda

1870 1595 2108 1649 servavit
2134 1612 2147 1648 :
2174 1604 2236 1649 ut
2260 1611 2451 1653 secura
2482 1605 2628 1652 esset
2654 1598 3015 1667 exspectatio,
3040 1599 3129 1654 cui
3158 1600 3299 1654 vires
3320 1597 3349 1649 ὲ
3382 1609 3460 1670 ut

1870 1697 2138 1756 praecepta
2168 1688 2495 1757 pra-herent.

1942 1780 2119 1852 (Vers.
2162 1780 2274 1853 14.)
2306 1782 2587 1851 Conﬁrmat
2619 1782 2870 1839 Dominus
2890 1801 3062 1839 omnes
3081 1787 3170 1853 qui
3193 1786 3457 1855 decidunt,

1792 1862 1839 1923 Β
1864 1882 1911 1928 et
1940 1875 2091 1947 erigit
2116 1892 2294 1929 omnes
2322 1876 2496 1931 elisos.
2532 1876 2731 1947 Septies
2759 1879 2895 1931 cadit
2923 1880 3110 1943 iustus,
3133 1890 3180 1933 et
3204 1882 3457 1951 resurgit;

1864 1965 2011 2035 impii
2043 1974 2214 2021 autem
2245 1967 2639 2036 inﬁrmabuntur
2666 1970 2721 2023 in
2751 1970 2905 2023 malis
2931 1968 3117 2035 (Prov.
3154 1987 3305 2040 xstv,
3340 1969 3454 2042 l6).

1862 2060 2036 2116 Aliter
2058 2077 2187 2132 ergo
2208 2063 2402 2127 sancti,
2427 2062 2582 2118 aliter
2603 2062 2858 2118 decidunt
2880 2063 3155 2131 inﬁdeles;
3180 2077 3231 2118 et
3260 2065 3454 2120 borum

1864 2168 2005 2208 nunc
2042 2153 2098 2207 lit
2126 2154 2595 2221 commemoratio,
2627 2170 2857 2225 quorum
2890 2156 3071 2211 nullus
3106 2156 3455 2212 conﬁrmatur

1861 2261 1892 2301 a
1918 2246 2170 2302 Domino.
2204 2248 2402 2303 Ruisse
2438 2250 2581 2303 enim
2613 2249 3011 2319 quodammodo
3052 2250 3303 2306 videntur
3329 2264 3451 2306 cum

1862 2342 2109 2396 omnibus
2146 2344 2535 2411 temporalibus
2574 2355 2788 2410 carent,
2833 2353 2889 2399 et
2931 2345 3182 2401 iubonori
3220 2361 3285 2401 ac
3315 2360 3452 2416 pau-

1860 2448 2021 2504 peres
2057 2446 2389 2503 spernuntur
2421 2450 2450 2488 a
2501 2436 2809 2504 potentibus
2838 2438 3048 2503 mundi,
3088 2447 3143 2491 et
3175 2437 3321 2491 inter
3358 2437 3453 2491 ab-

1854 2527 1995 2597 jecta
2031 2544 2264 2599 qua-que
2292 2537 2638 2597 reputantur.
2670 2530 2775 2584 Sed
2809 2529 2944 2584 Deus
2974 2531 3204 2601 superbis
3239 2530 3448 2596 resistit,

1860 2619 2131 2673 humilibus
2161 2630 2334 2675 autem
2367 2619 2456 2672 dat
2482 2620 2703 2690 gratiam
2737 2619 2942 2689 (Jacobi
2969 2637 3043 2686 tv,
3079 2621 3159 2691 6).

1928 2713 2110 2786 (Vers.
2147 2712 2258 2784 15.)
2292 2714 2442 2767 Oculi
2479 2715 2705 2767 omnium
2742 2715 2796 2767 in
2837 2723 2885 2767 te
2922 2725 3151 2786 sperant,
3178 2724 3224 2770 et
3263 2724 3316 2769 tu
3355 2716 3448 2772 dae

1859 2822 2022 2860 escam
2049 2806 2157 2860 illis
2179 2807 2233 2859 in
2264 2817 2488 2877 tempore
2510 2816 2817 2878 opportuno.
2840 2805 2991 2861 Sicut
3010 2808 3182 2861 bonus
3209 2809 3446 2864 medicus

1859 2901 2005 2955 novit
2034 2915 2135 2970 qua
2168 2915 2290 2955 esca
2323 2912 2558 2970 aegrotus
2584 2908 2640 2954 et
2664 2915 2769 2970 quo
2800 2910 3043 2970 tempore
3065 2902 3136 2955 sit
3156 2902 3441 2968 cibandus,

1858 2995 1932 3049 ita
1980 2994 2241 3049 Dominus
2272 3008 2462 3048 servos
2489 3008 2618 3047 suos
2648 3001 2951 3064 opportunae
2981 2994 3282 3048 salubribus
3313 2994 3447 3050 cibis

1859 3087 2054 3153 reiicit,
2089 3096 2142 3141 et
2171 3086 2298 3156 quid
2334 3086 2531 3155 cuique
2567 3096 2856 3155 congruat,
2890 3086 3183 3141 ineifalnlis
3211 3087 3448 3142 scientia

1858 3178 2185 3249 benignitate
2215 3180 2477 3234 discernit
2514 3195 2527 3231 :
2568 3188 2625 3233 ut
2659 3179 2929 3248 subiectio
2960 3178 3199 3234 ﬁdelium
3236 3180 3303 3234 de
3332 3196 3448 3233 om-

180 3243 536 3337 lectuslesque
576 3243 837 3322 creatura:
868 3266 1065 3321 divina:
1115 3266 1289 3321 laudis
1319 3266 1603 3323 affectione
1638 3283 1755 3323 mo-
1781 3243 1828 3307 Ο
1861 3243 2017 3329 nibus
2057 3274 2336 3343 proﬁciat,
2379 3288 2498 3343 qua:
2537 3272 2613 3327 illi
2654 3243 2957 3327 adhibenda
2997 3273 3294 3338 censuerit,
3334 3272 3450 3331 sive

180 3369 405 3426 veantur,
431 3376 549 3414 non
573 3360 767 3415 frustra
798 3368 981 3415 tamen
1009 3359 1077 3413 ad
1109 3359 1472 3415 conﬁtendum
1504 3361 1613 3416 Deo
1641 3377 1751 3416 om-

179 3453 254 3507 nia
284 3470 435 3523 opera
470 3453 648 3521 ipsius
691 3453 999 3518 incitantur,
1036 3453 1159 3524 quia
1196 3451 1330 3507 nihil
1367 3463 1451 3507 est
1488 3462 1598 3508 tam
1636 3456 1754 3509 esi-

177 3562 318 3617 gunm
342 3559 569 3619 tamque
598 3564 625 3600 a
655 3561 816 3602 sensu
840 3556 1125 3611 remotum,
1147 3546 1202 3601 in
1230 3562 1338 3617 quo
1361 3562 1465 3602 non
1488 3546 1755 3603 mirabilis

176 3642 234 3696 sit
259 3641 482 3697 Creator
517 3660 528 3695 :
563 3657 725 3715 quem
746 3657 865 3696 cum
886 3642 1058 3711 angeli
1085 3652 1138 3696 et
1160 3640 1408 3695 homines
1431 3643 1755 3697 confitentur

176 3748 221 3793 ct
255 3739 493 3804 laudant,
539 3739 672 3808 ipsa:
714 3738 940 3792 inﬁnitae
977 3737 1163 3791 mundi
1212 3747 1413 3807 partes,
1450 3747 1504 3793 et
1544 3738 1754 3808 species

176 3839 316 3902 atque
351 3842 565 3886 natura:
601 3846 761 3884 suum
791 3846 1007 3900 semper
1046 3830 1336 3903 loquuntur
1365 3841 1666 3898 auctorem,
1700 3839 1755 3887 et

174 3924 383 3980 utilitate
422 3939 492 3979 ac
538 3921 938 3992 pulchritudine
975 3937 1073 3977 sua
1113 3922 1431 3976 immensam
1467 3921 1597 3976 dant
1635 3938 1752 3977 ma-

176 4018 341 4072 teriam
375 4002 783 4083 laudatoribus,
815 4025 872 4070 et
895 4015 1139 4070 videntur
1163 4015 1458 4082 laudantia,
1482 4032 1599 4087 quce
1628 4024 1755 4071 sunt

172 4108 464 4186 laudabilia,
518 4111 646 4165 dum
686 4109 829 4180 quod
863 4125 969 4164 non
1013 4118 1237 4179 possunt
1276 4120 1298 4149 ε
1336 4110 1509 4181 loqui,
1549 4110 1754 4167 faciunt

171 4218 264 4258 non
295 4206 484 4261 taceri.

230 4298 399 4369 (νει-δ.
438 4296 666 4365 1112.)
699 4296 933 4353 Gloriam
965 4299 1111 4372 regni
1150 4298 1222 4351 tui
1258 4299 1457 4368 dicent,
1493 4307 1537 4353 et
1574 4306 1753 4371 poten-

168 4376 275 4447 tiam
303 4404 442 4448 tuam
469 4393 773 4463 loquentur.
809 4391 875 4446 Ut
905 4401 1078 4446 notam
1109 4395 1302 4463 faciant
1337 4392 1459 4460 ﬁliis
1492 4395 1752 4461 hominum

168 4490 429 4554 potentiam
473 4499 653 4552 tuam,
692 4494 737 4540 et
779 4484 997 4557 gloriam
1036 4487 1432 4559 magniﬁcentia
1473 4489 1615 4559 regni
1653 4488 1746 4541 tui.

169 4579 337 4635 Omnis
376 4581 631 4652 species,
679 4588 732 4633 et
778 4579 976 4655 virtus,
1014 4588 1068 4639 et
1107 4578 1451 4649 pulchritudo
1490 4564 1749 4634 creatura:

166 4688 374 4742 regnum
412 4683 506 4728 est
539 4671 658 4738 Dei,
692 4672 816 4742 quia
848 4672 1187 4727 diversorum
1226 4672 1339 4741 ipse
1372 4681 1453 4726 est
1483 4683 1669 4727 auctor
1699 4684 1749 4729 ct

166 4762 432 4835 Dominus.
462 4766 580 4823 Sed
613 4764 679 4818 ab
704 4765 785 4819 his
816 4780 933 4835 qua:
963 4766 1122 4849 520
1142 4765 1387 4819 videntur
1410 4765 1748 4835 di~tinguun-

163 4865 241 4913 tur
263 4870 314 4914 et
343 4875 407 4915 ea
442 4874 575 4933 quae
605 4856 843 4927 nondum
873 4857 1240 4923 innatuerunt,
1264 4866 1316 4912 et
1345 4857 1659 4928 intelligitur
1683 4875 1748 4913 ex

162 4948 344 5008 decore
368 4952 694 5027 visibilium,
729 4960 985 5019 quantum
1015 4950 1307 5015 excellant,
1342 4958 1395 5003 et
1424 4950 1474 5004 in
1506 4968 1604 5017 qua
1634 4952 1748 5021 glo-

160 5045 228 5100 ria
249 5049 535 5103 emineant
557 5062 679 5121 quae
701 5061 926 5119 regnum
953 5045 1048 5101 Dei
1072 5043 1358 5114 specialius
1380 5044 1748 5119 nominantur.

162 5135 299 5196 Unde
323 5138 579 5213 quotidie
600 5136 849 5203 dicimus,
870 5133 1117 5189 Adveniat
1139 5151 1349 5210 regnum
1368 5144 1510 5192 tuum
1531 5138 1743 5211 (Matth.

222 5329 244 5356 ι
270 5316 655 5373 Emandamus
694 5328 761 5368 ex
802 5313 1129 5384 Augustino,
1170 5322 1393 5382 cogente
1441 5327 1601 5371 sensu
1644 5318 1745 5376 loci

157 5388 327 5458 istius;
361 5405 493 5451 cum
526 5388 656 5442 editi
687 5400 896 5451 omnes,
924 5402 991 5440 ex
1022 5400 1209 5458 errore
1238 5385 1544 5454 manifesto,
1572 5389 1742 5455 habe-

154 5470 284 5530 rent,
312 5456 555 5539 regnum
583 5467 902 5533 perpetuum,
941 5456 1087 5539 quod
1123 5465 1299 5512 tamen
1330 5458 1510 5531 statim
1548 5457 1745 5533 dicitur

154 5546 265 5590 esse
295 5532 636 5588 carendum.

213 5604 243 5646 ti
272 5608 463 5674 Ferte,
500 5609 560 5653 ut
588 5617 737 5655 nemo
763 5602 1011 5675 desperet.

177 5688 240 5805 ιε
271 5677 417 5763 ἔξάίιί
448 5672 638 5729 Duae.
680 5682 734 5729 et
766 5672 986 5745 Colon.,
1033 5688 1157 5731 cum
1203 5672 1286 5731 bis
1322 5676 1737 5749 recentioribus,

195 5767 332 5805 οσω.

150 5767 332 5806 ιιοσω.

211 5768 571 5878 TEiedimus
595 5818 699 5891 legi
724 5818 941 5885 debere,
973 5827 1046 5875 tot
1077 5829 1332 5891 percepta,
1361 5838 1467 5877 non
1499 5830 1571 5877 tot
1598 5838 1736 5891 prte-

148 5904 310 5967 cepta,
356 5904 417 5951 ut
466 5892 607 5951 editi
652 5892 881 5962 habent;
932 5903 1218 5966 propterea
1266 5894 1412 5971 quod
1459 5892 1741 5955 dicebatur

1778 4624 1830 4684 D

1856 3384 2068 3439 aspera,
2102 3369 2223 3424 sive
2262 3368 2488 3422 blanda:
2529 3375 2588 3421 ut
2626 3366 2680 3422 in
2725 3367 2875 3422 nullo
2916 3376 3258 3422 murmurent
3295 3368 3446 3438 trgrl,

1858 3463 1951 3516 sed
1989 3461 2267 3532 quodlibet.
2306 3462 2602 3515 curationis
2639 3477 2808 3532 genus
2840 3460 3213 3531 aequanimiter
3242 3461 3310 3515 ab
3346 3476 3446 3515 au-

1855 3567 2005 3611 ctore
2036 3570 2146 3609 suae
2178 3554 2369 3608 salutis
2398 3555 2686 3624 accipiant,
2720 3554 2963 3609 dicentes
2992 3552 3133 3623 quod
3170 3553 3234 3606 ad
3263 3552 3447 3607 erudi-

1857 3650 2053 3703 tionem
2092 3646 2363 3715 patientia:
2400 3656 2603 3701 nustrtc
2645 3650 2759 3715 ipse
2790 3646 3041 3702 Salvator
3075 3646 3325 3716 dignatus
3358 3653 3441 3701 est

1855 3744 2057 3807 dicere,
2094 3741 2269 3808 Pater,
2304 3744 2349 3794 si
2382 3744 2495 3811 ﬁeri
2520 3753 2704 3813 potest,
2734 3750 2960 3795 transeat
2992 3759 3021 3794 a
3054 3757 3129 3793 me
3158 3741 3296 3794 calix
3323 3741 3434 3793 iste.

1862 3835 2051 3889 Verum
2080 3851 2179 3888 non
2201 3833 2339 3905 quod
2368 3849 2461 3903 ego
2492 3832 2624 3897 volo,
2648 3833 2737 3886 sed
2767 3832 2904 3900 quod
2931 3842 2983 3885 tu
3013 3831 3105 3884 vis.
3136 3828 3319 3896 Pater,
3345 3830 3437 3899 ﬁat

1853 3929 2090 3985 voluntas
2120 3938 2208 3983 tua
2240 3927 2450 3999 (.llattlt.
2487 3941 2639 3990 xxvr,
2673 3926 2743 3981 '59
2776 3936 2821 3979 et
2854 3924 2968 3994 42).

1926 4022 2107 4096 (Vers.
2144 4021 2260 4088 16.)
2286 4022 2466 4089 Aperis
2498 4031 2551 4073 tu
2582 4035 2791 4072 manum
2822 4027 2984 4082 tuam,
3010 4026 3054 4070 et
3078 4016 3259 4086 imples
3282 4024 3306 4052 ⁸
3330 4030 3443 4069 om-

1854 4110 1969 4175 nem
1998 4118 2225 4171 animam
2261 4116 2625 4172 benedictione.
2665 4114 2745 4168 Ex
2774 4113 2866 4169 Dei
2906 4112 3152 4181 largitate
3183 4120 3263 4165 est
3288 4109 3441 4180 quid-

1855 4214 1980 4284 quid
2021 4211 2413 4267 benedictionis
2443 4209 2770 4277 assequitur,
2806 4206 2929 4278 quia
2961 4220 3118 4260 ncmo
3151 4219 3267 4257 eam
3313 4220 3441 4259 con-

1854 4306 2171 4387 cupisceret,
2220 4304 2322 4358 nisi
2371 4301 2435 4355 ad
2487 4300 2819 4355 incitandum
2865 4298 3040 4383 ipsum
3083 4296 3434 4363 desiderium,

1855 4414 2073 4453 manum
2107 4412 2216 4451 sure
2250 4394 2502 4448 bonitatis
2530 4392 2786 4461 aperiret.

1926 4490 2103 4561 (Vors.
2123 4488 2234 4557 17.)
2252 4483 2603 4567 5211ηδτκδ
2628 4482 2877 4537 Dominus
2892 4483 2942 4535 in
2962 4482 3192 4536 omnibus
3208 4482 3301 4538 viis
3313 4482 3439 4549 suis,

1855 4591 1903 4637 et
1932 4592 2143 4649 sanctus
2168 4580 2218 4632 in
2244 4567 2475 4631 onmibus
2501 4575 2736 4642 operibus
2768 4575 2891 4628 suis.
2930 4573 3211 4635 Universw,
3245 4575 3439 4643 inquit,

1856 4674 1951 4728 rite
1988 4671 2195 4725 Domini
2223 4666 2572 4721 misericordia
2603 4675 2648 4720 et
2682 4666 2868 4719 veritas
2910 4665 3082 4737 (Psal.
3116 4681 3262 4732 mv,
3300 4664 3389 4735 10)
3425 4682 3439 4720 :

1856 4767 1969 4821 sive
2018 4766 2163 4818 circa
2213 4775 2312 4815 nos
2342 4760 2603 4821 severior,
2660 4758 2773 4813 sive
2827 4759 2896 4812 sit
2926 4760 3129 4825 mitior,
3165 4760 3289 4826 quia
3350 4756 3440 4827 qui

1853 4860 2011 4917 etiam
2042 4855 2248 4927 ﬂagella
2283 4852 2591 4925 meditatur,
2620 4851 2742 4907 ideo
2772 4852 2998 4922 castigat
3029 4861 3085 4905 ut
3124 4857 3327 4921 parcat.
3366 4844 3369 4847 ⁷

1930 4952 2107 5021 (Vers.
2146 4947 2256 5019 18.)
2291 4946 2457 5023 Prope
2503 4955 2573 4999 est
2606 4943 2855 4999 Dominus
2885 4944 3117 4997 omnibus
3154 4939 3438 4994 invocanti-

1852 5046 1944 5099 bus
1974 5059 2110 5109 eum,
2145 5039 2379 5095 omnibus
2405 5039 2491 5109 qui
2517 5038 2755 5092 invocant
2795 5052 2912 5091 eum
2945 5036 2999 5088 in
3026 5035 3251 5087 veritate.
3286 5029 3437 5087 Multi

1854 5154 1962 5196 non
1984 5138 2036 5192 in
2060 5134 2266 5190 veritate
2291 5132 2546 5188 invocant
2579 5131 2885 5196 Dominum,
2910 5126 3055 5183 aliud
3078 5124 3257 5182 abillo
3277 5138 3435 5197 quam

1851 5320 2015 5392 paulo
2044 5329 2189 5383 ante,
2211 5315 2454 5392 quaedam
2485 5313 2680 5392 credita
2715 5312 2975 5392 impleuit;
3005 5317 3061 5366 et
3088 5311 3434 5392 Augustinus,

1849 5383 2034 5467 ktl/tuo
2060 5383 2328 5467 _qu¢dam_
2346 5388 2601 5467 promisit,
2636 5393 2680 5453 et
2712 5383 2819 5457 non
2858 5383 3031 5453 dedit,
3068 5384 3155 5437 sed
3197 5385 3437 5455 credatur

1847 5465 1927 5519 illi
1958 5480 2020 5525 ηε
2050 5460 2128 5517 his
2154 5477 2268 5525 qur:
2296 5460 2453 5513 dedit.
2588 5460 2593 5467 ’

1910 5536 1946 5572 “⁶
1982 5534 2119 5589 Edi-ti
2162 5526 2345 5585 'nostri
2393 5542 2583 5582 omnes
2627 5526 2824 5580 habent
2865 5542 3063 5579 omnem
3108 5528 3334 5582 animum
3378 5528 3432 5583 in

1847 5616 2029 5671 textu;
2062 5613 2250 5658 notant
2276 5617 2422 5668 vero,
2450 5616 2596 5653 omne
2622 5597 2835 5659 animal,
2864 5597 2913 5671 in
2940 5614 3035 5671 ora
3063 5598 3216 5663 li’bri;
3247 5600 3431 5671 sicque

1844 5680 1976 5735 cit-at
2008 5669 2352 5747 Augustinus.
2393 5672 2717 5747 Legiturquc
2756 5670 2906 5747 apud
2938 5669 3346 5747 Hieronymum.
3376 5670 3431 5735 in

1845 5763 2076 5823 utraque
2095 5741 2375 5823 versione,
2391 5745 2493 5795 etsi
2516 5741 2855 5823 obscrt'agint
2876 5742 3431 5823 doctissirtri__editpres

1843 5823 1897 5878 in
1940 5811 2207 5894 pdstrema
2249 5811 2618 5895 editione,_in
2659 5813 2937 5895 codicibus
2981 5812 3257 5872 nonnullis
3302 5811 3429 5895 legi,

1838 5883 2025 5973 imples
2058 5904 2260 5951 omnem
2285 5888 2513 5945 animant
2537 5883 2898 5946 benedictione.
