4006 6356
593 339 705 397 διδ
1816 321 1875 384 S.
1914 315 2257 379 PROSPER!
2293 319 2624 392 AQUlTANl
2879 334 2911 347 "
3733 337 3814 398 διο

598 453 775 525 ipsum
820 447 1228 511 desiderantes;
1260 456 1290 497 a
1317 441 1513 513 quibus
1540 440 1700 511 longe
1734 438 1909 505 abest,
1950 436 2075 508 quia
2104 435 2188 490 di-
2210 436 2264 497 Α
2288 437 2412 508 quia
2447 438 2586 494 sicut
2630 453 2753 496 esse
2790 440 2895 496 erit
2933 441 3063 495 mihi
3094 447 3378 509 aeternum,
3420 441 3487 499 ita
3523 445 3616 502 erit
3636 463 3736 505 mea
3765 454 3807 512 in

597 559 811 600 versum
858 550 910 597 et
946 546 1214 595 remotum
1253 547 1335 591 est
1377 534 1447 588 ab
1493 533 1661 604 ipsius
1712 531 1992 587 voluntate
2040 528 2184 600 quod
2290 533 2520 590 Domino
2549 544 2748 590 aeterna
2775 535 3031 591 laudatio.

595 638 839 707 cupiunt.
857 633 913 690 Si
944 640 1125 687 autem
1153 630 1205 685 id
1234 628 1627 697 concupiscunt
1653 624 1798 695 quod
1826 622 2074 693 pracipit
2098 620 2186 691 ju-
2359 626 2542 700 (Vers.
2570 626 2652 699 3.)
2681 628 2857 683 Nolite
2885 628 3142 698 conﬁdere
3171 629 3225 682 in
3254 629 3575 699 principibus,
3607 650 3744 704 neque
3765 640 3805 693 in

592 737 707 782 eius
738 734 793 781 et
836 724 1031 789 bonus,
1066 722 1396 792 propinquus
1433 717 1655 773 omnino
1684 724 1769 771 est
1813 715 1897 769 his
1922 727 2059 784 quos
2104 713 2187 767 in-
2287 719 2410 788 ﬁliis
2435 720 2717 787 hominum,
2751 722 2804 775 in
2827 722 3011 790 quibus
3036 737 3141 775 non
3175 730 3247 775 est
3273 721 3430 777 salus.
3460 723 3554 790 Qui
3583 724 3631 779 in
3653 727 3805 783 delen-

592 820 820 890 spiravit
841 816 1126 872 affectibus
1148 830 1163 881 ;
1189 823 1245 869 et
1269 812 1573 868 timentium
1598 824 1657 865 se
1676 808 2011 863 voluntatem
2026 805 2182 872 iacit,
2286 812 2440 869 sione
2465 814 2786 884 principum,
2818 823 2872 871 et
2894 813 3171 871 hominum
3196 814 3441 885 prasidio
3464 817 3747 886 gloriantur,
3766 824 3807 877 in

592 912 720 983 quia
754 927 874 981 qua:
904 916 1022 965 erat
1047 906 1282 974 Domini,
1315 920 1440 961 esse
1459 904 1627 974 erepit
1649 910 1705 958 et
1731 901 1897 957 servi.
2286 905 2521 962 vanitate
2566 907 2862 962 conﬁdunt.
2909 906 3066 963 Solus
3105 906 3249 963 enim
3296 906 3455 973 Deus,
3484 907 3549 963 de
3588 924 3684 979 quo
3709 928 3807 981 spe-

664 1001 844 1073 (Vers.
892 1000 983 1067 i9,
1015 998 1135 1068 ΞΟ.)
1188 995 1519 1051 Voluntatem
1568 993 1851 1048 timentium
1895 1007 1949 1047 se
2000 992 2181 1063 faciet,
2285 997 2553 1053 randa‘sit
2578 999 2745 1064 salus,
2778 1010 2830 1054 et
2860 1000 2998 1055 bene
3026 999 3097 1054 ab
3122 1013 3188 1053 eo
3216 1007 3571 1069 exspectatur,
3597 1016 3691 1071 quo
3719 1003 3810 1073 ipse

591 1109 765 1164 preces
806 1108 979 1146 eorum
1009 1091 1278 1158 exaudiet,
1312 1097 1362 1143 et
1404 1087 1572 1143 salvos
1598 1086 1751 1157 faciet
1794 1102 1899 1140 eos.
1950 1085 2186 1140 Custodit
2285 1104 2391 1144 non
2422 1090 2657 1159 indiget:
2690 1107 2812 1145 nam
2841 1092 2967 1161 quid
2992 1089 3063 1146 sit
3086 1090 3228 1146 illius
3260 1090 3509 1158 hominis,
3538 1091 3744 1148 breviter
3768 1098 3808 1149 in

590 1186 845 1241 Dominus
874 1201 1049 1239 omnes
1072 1182 1343 1254 diligentes
1373 1198 1447 1247 se,
1479 1190 1526 1235 et
1548 1197 1725 1235 omnes
1755 1187 2045 1251 peccatores
2076 1179 2184 1234 dis-
2282 1195 2349 1236 eo
2377 1182 2522 1251 quod
2552 1184 2814 1253 sequitur,
2846 1185 3264 1239 demonstratur.

590 1278 787 1346 perdet.
827 1278 975 1346 Quos
1020 1290 1214 1331 omnes
1242 1282 1592 1345 peccatores,
1633 1272 1737 1327 nisi
1770 1281 2179 1343 perseverantes
2354 1273 2515 1343 (Vers
2537 1276 2620 1346 4.)
2652 1274 2829 1329 Exibit
2874 1277 3085 1347 spiritus
3126 1278 3262 1350 ejus,
3290 1284 3338 1332 et
3378 1285 3640 1333 revertetur
3662 1280 3708 1333 in
3732 1287 3809 1335 ter-

586 1370 642 1426 in
696 1370 936 1442 peccatis
986 1377 1041 1425 et
1069 1367 1308 1440 quotidie
1353 1374 1542 1422 contra
1596 1367 1762 1420 Deum
1798 1364 2179 1435 disputantes-1
2281 1380 2393 1417 ram
2428 1382 2592 1426 suam.
2624 1368 2677 1419 in
2714 1366 2810 1420 illa
2836 1367 2919 1421 die
2944 1366 3181 1437 peribunt
3205 1384 3377 1422 omnes
3412 1368 3719 1440 cogitationes
3741 1387 3809 1425 eo-

588 1465 720 1519 Pars
763 1472 944 1519 autem
994 1462 1251 1529 dextera,
1301 1459 1389 1514 cui
1427 1458 1626 1513 nullum
1671 1464 1756 1513 est
1800 1470 1921 1511 cum
1960 1456 2177 1511 sinistra
2279 1473 2413 1511 rum.
2445 1458 2638 1514 Totum
2670 1474 2801 1530 ergo
2825 1460 2968 1528 quod
2998 1462 3051 1515 iu
3085 1462 3187 1516 hoc
3214 1461 3420 1517 mundo
3443 1462 3609 1532 agitur
3639 1472 3807 1534 tempe

588 1564 745 1627 parte
787 1554 1144 1623 consortium,
1191 1552 1317 1623 quia
1343 1565 1559 1621 semper
1590 1550 1666 1605 illi
1693 1548 1890 1619 judicia
1930 1549 2029 1605 Dei
2058 1548 2178 1604 uni-
2281 1549 2395 1605 rale
2418 1557 2502 1605 est
2531 1560 2586 1605 et
2616 1553 3022 1618 transitorium;
3051 1561 3107 1608 et
3146 1568 3306 1609 nemo
3334 1554 3591 1610 veraciter
3621 1556 3811 1624 spondet

587 1663 744 1705 versa
772 1648 1113 1719 placuerunt,
1149 1645 1278 1717 quid
1305 1646 1359 1701 in
1391 1653 1651 1700 mternum
1678 1644 1749 1698 sit
1778 1642 1980 1699 iactura
2011 1643 2178 1713 proti-
2280 1641 2455 1707 alteri,
2483 1643 2624 1712 quod
2654 1654 2911 1715 prmstare
2942 1658 3047 1699 non
3074 1653 3253 1715 potest
3289 1645 3417 1712 sibi,
3448 1646 3671 1703 mortalis
3695 1648 3807 1703 enim

587 1750 752 1811 tetur,
780 1750 836 1798 et
859 1742 1030 1797 dicit:
2280 1746 2399 1790 est:
2433 1736 2632 1791 emisso
2672 1738 2883 1805 spiritu,
2918 1737 2972 1791 in
3011 1747 3210 1792 terram
3250 1753 3403 1793 suam
3448 1747 3647 1795 terrena
3680 1754 3809 1796 carne

658 1834 839 1906 (Vers.
875 1831 992 1904 21.)
1022 1831 1248 1887 Laudem
1284 1830 1498 1886 Domini
1538 1828 1774 1899 loquetur
1809 1844 1866 1883 os
1897 1844 2096 1894 meum,
2125 1836 2176 1883 et
2204 1815 2253 1876 Β
2282 1826 2561 1895 redeunte,
2590 1828 2850 1899 quidquid
2880 1829 3167 1900 disposuit,
3197 1830 3457 1901 quidquid
3479 1830 3726 1903 cogitavit,
3747 1832 3809 1886 in-

586 1926 850 1982 benedicat
874 1926 1038 1981 omnis
1065 1941 1185 1978 caro
1207 1941 1391 1979 nomen
1416 1932 1651 1978 sanctum
1681 1923 1794 1993 ejus
1827 1922 1879 1976 in
1906 1931 2175 1989 aeternum,
2280 1921 2509 1978 tercidit.

586 2030 637 2075 et
660 2021 715 2073 in
734 2020 982 2074 saeulum
1009 2018 1205 2073 saeculi.
2351 2013 2529 2081 (Vers.
2554 2014 2609 2082 5,
2633 2014 2712 2085 6.)
2743 2014 2935 2070 Beatus
2961 2017 3109 2087 cujus
3140 2015 3280 2070 Deus
3298 2016 3463 2071 Iacob
3488 2014 3681 2088 adjutor
3700 2020 3805 2085 eius,

1066 2106 1384 2164 PSALMUS
1422 2104 1625 2162 CXLV.
1660 2115 1687 2143 ι
2277 2120 2388 2174 spes
2418 2108 2529 2177 ejus
2560 2107 2612 2158 in
2670 2106 2888 2161 Domino
2924 2106 3035 2163 Deo
3075 2110 3255 2178 ipsius,
3297 2112 3390 2180 qui
3434 2111 3550 2178 fecit
3586 2109 3739 2165 calum
3772 2118 3809 2163 et

656 2197 840 2270 (Vers.
867 2198 951 2268 Ξ.)
982 2196 1188 2265 Lauda,
1220 2199 1398 2251 anima
1437 2213 1569 2263 mea,
1607 2194 1926 2261 Dominum;
1956 2194 2178 2249 laudabo
2278 2204 2489 2262 terram,
2518 2213 2660 2251 mare
2680 2210 2726 2253 et
2757 2199 2926 2253 omnia
2946 2215 3059 2269 qua:
3078 2200 3133 2253 in
3154 2200 3227 2253 eis
3252 2210 3394 2255 sunt.
3420 2202 3625 2269 Beatus,
3651 2201 3805 2270 inquit,

588 2288 871 2345 Dominum
904 2294 958 2344 tn
988 2291 1095 2345 vita
1141 2307 1273 2355 mea,
1324 2290 1544 2361 psallam
1586 2288 1696 2343 Deo
1745 2304 1877 2355 meo,
1934 2290 2177 2359 quamdiu
2278 2286 2441 2343 homo
2471 2290 2556 2343 cui
2588 2289 2801 2359 adiutor
2828 2300 2913 2347 est
2939 2292 3109 2357 Deus;
3143 2306 3247 2346 non
3276 2291 3369 2347 ille
3390 2309 3545 2363 quem
3565 2293 3658 2349 sibi
3683 2292 3806 2363 igno-

589 2398 725 2436 sum.
759 2382 960 2438 Sancta
990 2389 1048 2437 et
1077 2382 1337 2451 spiritalis
1372 2381 1553 2436 anima
1582 2382 1696 2450 ipsa
1736 2396 1795 2437 se
1837 2381 1903 2435 ad
1949 2382 2178 2436 laudun-
2278 2379 2450 2435 rantia
2481 2380 2713 2436 humana
2739 2383 3018 2453 contingit,
3052 2383 3147 2438 sed
3178 2383 3318 2438 Deus
3342 2383 3501 2441 Jacob
3521 2427 3535 2450 ,
3564 2387 3644 2454 qui
3668 2386 3805 2455 ipsum

588 2474 716 2531 dum
746 2476 1034 2530 Dominum
1073 2476 1388 2531 cohortatur
1416 2492 1428 2527 ι
1459 2474 1844 2529 excellentiore
1877 2475 1960 2529 sui
1997 2483 2174 2544 parte,
2276 2473 2444 2530 Jacob
2472 2476 2635 2531 Israel
2664 2475 2811 2543 fecit,
2837 2485 2896 2532 ut
2919 2477 3021 2533 tide
3049 2488 3103 2533 et
3130 2477 3412 2534 intellectu
3441 2478 3804 2535 videatuuiver-

585 2584 646 2624 ea
678 2585 798 2641 qua:
826 2570 880 2623 in
910 2584 969 2624 se
1000 2570 1208 2624 minora
1233 2577 1378 2634 sunt,
1410 2567 1615 2625 incitat.
1647 2568 1766 2623 Non
1793 2569 1936 2624 enim
1964 2569 2069 2623 alia
2092 2578 2178 2625 est
2277 2567 2454 2622 sitatis
2480 2578 2780 2624 auctorem.

584 2672 704 2728 qua:
734 2658 883 2725 dicit,
912 2667 968 2713 et
996 2659 1100 2714 alia
1128 2660 1212 2712 cui
1243 2659 1410 2714 dicit:
1442 2667 1535 2714 aut
1564 2659 1741 2714 carnis
1774 2658 1889 2715 haec
1922 2675 2027 2714 vox
2069 2670 2172 2730 est,
2349 2658 2527 2729 (Vers.
2560 2660 2641 2731 7.)
2690 2661 2791 2729 Qui
2834 2664 3057 2717 custodit
3085 2664 3352 2719 veritatem
3392 2666 3444 2719 in
3473 2664 3718 2729 saeuiunt,
3744 2662 3805 2731 {a-

587 2766 706 2821 quae
753 2751 823 2807 ab
850 2752 1029 2807 anima
1061 2760 1117 2807 et
1143 2750 1307 2806 vitam
1337 2751 1503 2806 sumit
1540 2763 1594 2806 et
1642 2766 1859 2807 sensum
1880 2796 1893 2819 ,
1931 2769 2029 2808 nec
2059 2754 2176 2811 sine
2276 2754 2343 2805 cit
2362 2752 2621 2823 judicium
2643 2754 2887 2826 injuriam
2918 2755 3241 2824 patientibus.
3274 2756 3347 2811 Et
3374 2755 3652 2812 timendum
3671 2752 3805 2808 Deum

585 2846 760 2899 anima
790 2845 993 2916 aliquid
1024 2852 1202 2913 potest
1226 2845 1387 2911 velle,
1420 2854 1473 2899 et
1519 2860 1625 2899 non
1670 2845 1832 2900 velle.
1878 2845 2011 2913 Quia
2045 2861 2175 2899 vero
2276 2844 2697 2911 commendavit,
2730 2854 2785 2899 et
2812 2846 3100 2902 amandum
3130 2864 3143 2901 :
3179 2848 3496 2914 timendum,
3525 2846 3638 2918 quia
3664 2844 3804 2914 iniqua

585 2938 753 3007 ipsius
779 2938 972 2993 animae
1018 2938 1261 3008 duplices
1310 2938 1551 2993 actiones
1582 2946 1729 3006 sunt,
1761 2947 1815 2992 et
1843 2939 1950 2992 alio
1994 2938 2175 2993 oltlcio
2275 2936 2535 2992 facientes
2564 2938 2797 2993 ver-itate
2819 2938 3125 2997 damnavit:
3156 2942 3474 3005 amandum,
3504 2938 3621 3009 quia
3646 2952 3726 3008 pro
3742 2936 3805 3005 ju-

585 3031 811 3101 erigitur
840 3032 904 3085 ad
941 3032 1252 3099 Dominum,
1282 3032 1392 3086 alio
1432 3030 1720 3085 inclinatur
1750 3032 1815 3085 ad
1856 3046 2093 3095 carnem,
2128 3033 2173 3086 si
2276 3029 2418 3083 stitia
2446 3029 2755 3085 laborantes
2780 3030 3151 3086 misericordia
3178 3034 3482 3087 coronavit.

586 3122 723 3179 bene
753 3123 961 3193 spiritui
994 3124 1185 3190 servit,
1214 3124 1351 3178 bene
1391 3121 1644 3191 praesidet
1688 3122 1857 3187 carni,
1896 3132 1950 3177 et
1992 3138 2089 3191 per
2121 3122 2171 3177 id
2211 3186 2246 3193 _
2349 3121 2506 3191 (Vers
2537 3122 2676 3192 7-9.)
2708 3122 2811 3176 Dat
2836 3140 3004 3177 escam
3033 3125 3400 3179 esurientibus.
3434 3124 3669 3180 Dominus
3690 3120 3807 3175 solvit

582 3218 723 3289 quod
757 3186 997 3274 adhaeret
1045 3186 1179 3282 Deo,
1215 3218 1265 3271 id
1294 3186 1457 3271 etiam
1486 3216 1628 3284 quod
1660 3186 1897 3270 adhmret
1934 3186 2167 3285 corpori,
2200 3186 2247 3250 ο
2275 3186 2602 3283 compeditos.
2638 3186 2888 3269 Dominus
2916 3208 3169 3287 sapientes
3209 3217 3337 3287 facit
3381 3232 3559 3270 caecos.
3599 3211 3806 3264 Dominus

582 3310 650 3372 ad
680 3312 988 3379 superiores
1015 3311 1210 3365 invitat
1236 3309 1458 3364 allectus
1492 3326 1505 3361 :
1533 3317 1594 3362 ut
1617 3308 1867 3363 rationali
1894 3310 2171 3365 dominatu
2274 3308 2423 3376 erigit
2453 3308 2623 3373 elisos,
2656 3306 2906 3362 Dominus
2937 3308 3106 3380 diligit
3119 3310 3314 3381 justos.
3364 3307 3605 3361 Dominus
3629 3300 3807 3356 custodit

584 3412 792 3456 tantum
844 3401 1073 3457 subditis
1121 3401 1353 3467 tribuat,
1401 3407 1658 3468 quantum
1709 3399 1775 3454 ad
1815 3400 2041 3455 salutem
2089 3410 2172 3455 sat
2274 3400 2513 3453 advenas.
2554 3400 2818 3455 Omnibus
2862 3401 3077 3469 quidem
3124 3400 3490 3456 animantibus
3526 3392 3807 3469 proiidentia

580 3503 698 3561 est;
729 3511 797 3550 ne
827 3496 871 3550 si
901 3495 1013 3550 Deo
1041 3508 1147 3548 non
1174 3502 1260 3547 est
1284 3492 1551 3562 subjecta,
1575 3491 1868 3547 minuatur.
1902 3494 2050 3549 Mens
2076 3496 2170 3548 ita-
2278 3488 2369 3543 Dei
2395 3490 2677 3545 constituit
2706 3500 2761 3547 et
2788 3501 3009 3562 praestat
3046 3491 3395 3559 alimoniam;
3435 3490 3526 3547 sed
3555 3486 3809 3542 hominibus

580 3600 706 3656 que,
761 3601 971 3641 summa
1003 3585 1248 3655 quaedam
1300 3600 1423 3655 pars
1467 3585 1682 3653 animae,
1731 3588 2077 3655 semetipsam
2117 3590 2168 3643 in
2276 3599 2380 3637 non
2410 3593 2681 3639 terrenum
2707 3593 2939 3649 tantum,
2966 3585 3060 3641 sed
3089 3595 3143 3640 et
3165 3586 3470 3656 spiritalem
3499 3584 3647 3656 523
3670 3580 3812 3637 cibum

582 3678 831 3732 omnibus
856 3676 968 3731 suis
998 3677 1233 3731 incitans
1257 3676 1562 3743 conatibus,
1588 3676 1737 3745 dicit,
1768 3678 1970 3745 Lauda,
2000 3680 2173 3735 anima
2273 3673 2505 3743 prabet;
2556 3691 2713 3743 quem
2746 3676 2799 3729 hi
2848 3677 3120 3745 accipiunt
3168 3678 3257 3749 qui
3300 3678 3631 3743 desiderant,
3661 3671 3813 3743 quibus

579 3784 714 3833 mea,
770 3768 1090 3823 Dominum:
1123 3784 1227 3823 non
1269 3769 1389 3837 quia
1436 3768 1539 3824 hoc
1570 3785 1676 3825 non
1724 3766 1887 3825 faciat
1913 3782 2169 3841 quantum
2272 3767 2487 3836 dicitur,
2541 3768 2689 3823 Beati
2739 3771 2827 3840 qui
2880 3772 3108 3825 esuriant
3138 3781 3187 3827 et
3224 3773 3414 3827 sitiunt
3430 3772 3690 3844 justitiam,
3716 3779 3812 3836 quo-

582 3869 779 3930 potest,
826 3860 919 3915 sed
960 3863 1079 3929 quia
1113 3877 1299 3931 parum
1329 3871 1413 3918 est
1457 3862 1604 3932 quod
1644 3863 1955 3918 inﬁrmitate
1982 3879 2171 3920 corru-
2273 3860 2412 3913 niam
2458 3860 2834 3914 saturabuntur
2868 3860 3083 3931 (Matth.
3116 3879 3172 3929 v,
3218 3862 3295 3931 6).
3340 3862 3493 3917 Talis
3531 3875 3649 3929 ergo
3672 3864 3742 3911 est
3774 3860 3813 3907 et

580 3951 784 4021 ptibilis
805 3954 1047 4022 corporis
1073 3963 1280 4022 potest,
1312 3955 1378 4008 ad
1406 3955 1548 4009 illam
1599 3955 1891 4023 perfectam
1924 3966 1978 4012 et
2010 3968 2171 4014 ater-
2272 3951 2705 4020 compeditorum
2751 3952 3041 4020 absolutio,
3070 3956 3157 4023 qui
3199 3955 3547 4009 mortalitatis
3573 3946 3812 4019 compedes

581 4059 705 4100 nam
735 4044 1099 4101 laudationem
1129 4047 1289 4119 522
1312 4047 1574 4118 proﬁcere
1595 4049 1951 4117 concupiscit,
1983 4058 2037 4103 et
2060 4067 2173 4104 me-
2272 4046 2575 4101 aeternitate
2625 4046 2929 4114 adOptionis
2959 4047 3209 4104 evadent.
3257 4047 3411 4104 Talis
3453 4056 3509 4103 et
3542 4037 3814 4101 tlluminatio

581 4151 703 4191 mor
730 4138 1014 4205 praesentis
1042 4139 1390 4205 conditionis,
1425 4140 1477 4194 in
1510 4155 1611 4209 qua
1656 4140 1911 4196 desiderii
1939 4142 2021 4196 sui
2066 4157 2171 4198 non
2274 4154 2566 4204 caecorum,
2608 4139 2695 4207 qui
2730 4141 3000 4209 sapientes
3029 4155 3095 4195 ex
3124 4138 3507 4211 insipientibus
3537 4139 3677 4192 ﬁunt.
3698 4130 3812 4186 Talis

579 4227 788 4283 invenit
810 4229 975 4295 vires,
1006 4239 1263 4301 quantum
1287 4231 1391 4285 lioc
1416 4246 1511 4301 per
1537 4246 1595 4285 se
1618 4231 1842 4300 factura,
1871 4235 2165 4303 respondit,
2272 4246 2481 4301 quoque
2523 4233 2779 4287 elisorum
2808 4233 3080 4299 elevatio,
3107 4234 3195 4303 qui
3224 4233 3530 4289 voluntaria
3556 4226 3813 4285 humilitate

576 4321 785 4388 dicens,
820 4321 1069 4377 Laudabo
1113 4323 1390 4377 Dominum
1425 4326 1479 4377 in
1510 4325 1613 4378 vita
1645 4342 1773 4392 mea,
1806 4326 2022 4395 psallam
2063 4326 2170 4382 Deo
2272 4326 2564 4394 prostrati,
2618 4325 2682 4379 ad
2734 4324 3071 4379 altiludinem
3117 4324 3423 4380 cmlestium
3469 4319 3809 4391 provehantur.

579 4429 710 4478 meo,
732 4413 979 4485 quamdiu
1008 4431 1142 4469 sum.
1173 4414 1326 4471 Nunc
1353 4415 1496 4471 enim
1525 4417 1770 4485 quamvis
1804 4417 1905 4473 ﬁde
1925 4461 1939 4484 ,
1970 4426 2026 4473 et
2050 4435 2167 4490 spe,
2273 4412 2527 4467 Dominus
2551 4415 2691 4468 enim
2716 4414 2884 4486 diligit
2896 4418 3090 4487 justas,
3115 4414 3365 4484 quoniam
3401 4414 3515 4481 ipse
3545 4419 3622 4467 est
3645 4405 3811 4479 justitia

575 4513 631 4557 et
676 4504 941 4561 cbaritate
986 4505 1329 4574 roboremur,
1393 4506 1830 4562 tribulationibus
1892 4517 2071 4564 tamen
2116 4520 2243 4575 ει,
2272 4520 2491 4569 eorum;
2523 4505 2712 4575 etipse
2740 4506 2959 4559 custodit
2986 4506 3233 4568 advenas,
3263 4505 3351 4573 qui
3376 4517 3565 4559 omnes
3585 4509 3749 4572 gentes
3774 4493 3812 4545 in

579 4595 850 4650 scandalis
878 4611 940 4651 ac
963 4598 1287 4653 maeroribus
1318 4614 1424 4654 non
1450 4614 1730 4667 caremus;
1761 4610 1813 4656 et
1842 4601 1984 4657 inter
2005 4603 2166 4658 innu-
2193 4562 2249 4625 Β
2272 4598 2487 4654 Christo
2514 4614 2673 4651 unum
2702 4598 2849 4663 facit,
2886 4598 3016 4652 etin
3039 4596 3201 4652 Abra‘
3228 4611 3274 4651 te
3297 4597 3440 4653 ﬁlios
3470 4594 3664 4665 lapidea
3683 4585 3813 4645 corda

582 4702 728 4742 mera
752 4688 1093 4745 mortalitatis
1116 4689 1417 4757 obstacula,
1438 4690 1468 4730 ι»
1485 4700 1542 4747 ει
1565 4702 1785 4749 aeternae
1814 4693 1941 4748 vitae
1963 4694 2162 4761 ofticia,
2269 4690 2533 4745 convertit
2560 4688 2771 4761 (Matth.
2806 4705 2885 4751 tu,
2916 4688 2997 4755 9).

581 4792 686 4834 non
736 4778 1044 4848 implemur.
1086 4780 1350 4848 Quoniam
1394 4799 1583 4853 corpus
1622 4785 1759 4854 quod
1798 4787 2159 4856 corrumpitur,
2338 4782 2516 4853 (Vers.
2543 4782 2596 4847 9,
2627 4780 2736 4851 10.)
2773 4781 3038 4852 Pupillum
3060 4790 3106 4835 et
3129 4782 3337 4835 viduam
3357 4780 3619 4852 suscipiet,
3644 4785 3685 4831 et
3710 4773 3818 4827 viam

572 4881 820 4943 aggravet
845 4875 1093 4939 animant,
1128 4884 1176 4928 et
1208 4884 1407 4930 terrena
1441 4877 1743 4932 inhabitatio
1770 4878 2009 4949 deprimit
2045 4898 2161 4935 sen-
2266 4883 2590 4945 peccatorum
2624 4873 3002 4928 exterminabit.
3037 4874 3287 4946 Regnabit
3325 4872 3579 4927 Dominus
3610 4872 3659 4924 in
3699 4875 3817 4921 ωιιτ·

572 4980 685 5017 sum
731 4966 891 5019 multa
939 4968 1245 5038 cogitantem
1272 4968 1424 5039 (Sap.
1470 4985 1544 5034 ts,
1580 4969 1691 5041 15).
1748 4968 1817 5023 In
1857 4972 1957 5023 vita
2001 4973 2161 5041 igitur
2270 4984 2412 5032 num,
2445 4966 2580 5022 Deus
2608 4977 2747 5033 tuus,
2780 4967 2907 5021 Sion
2929 5010 2943 5034 ,
2978 4967 3031 5020 in
3065 4968 3390 5038 generatione
3421 4978 3471 5021 et
3508 4962 3817 5039 generatione,

574 5071 704 5121 mea,
756 5073 915 5127 quam
967 5060 1111 5114 nulla
1164 5060 1425 5129 :egritudo
1465 5060 1720 5125 infirmat,
1773 5062 1921 5116 nulla
1952 5073 2161 5132 egestas
2271 5072 2292 5100 ε
2318 5062 2371 5114 in
2400 5062 2642 5115 staculttm
2669 5059 2864 5113 sa’t‘uli.
2898 5059 3016 5114 istis
3044 5060 3260 5129 quidem
3308 5060 3559 5130 pupillis,
3590 5057 3673 5128 qui
3700 5065 3818 5109 mor-

573 5148 697 5203 lncit
724 5150 1035 5220 inquietam,
1066 5152 1289 5207 laudabo
1331 5153 1609 5207 Dominum
1631 5161 1741 5208 tota
1768 5154 1876 5210 mei
1906 5156 2160 5215 libertate
2268 5154 2374 5209 tuis
2415 5154 2655 5223 patribus
2696 5152 2960 5207 indefensi
2993 5161 3299 5221 remanent,
3352 5152 3497 5207 Deus
3536 5148 3814 5221 upitulatu'.

571 5251 732 5310 atque
760 5243 983 5309 virtute;
1022 5254 1080 5299 et
1112 5243 1335 5313 psallam
1382 5243 1491 5297 Deo
1536 5259 1668 5311 meo,
1723 5245 1971 5302 quamdiu
2019 5263 2154 5312 sum,
2268 5256 2322 5304 et
2350 5260 2537 5301 omnes
2564 5244 2751 5301 viduas
2777 5244 2920 5300 Deus
2960 5246 3228 5315 protegit;
3260 5244 3353 5302 sed
3384 5244 3475 5299 hic
3510 5243 3626 5298 illos
3651 5235 3820 5307 orpha-

645 5407 669 5436 ⁸
692 5399 902 5482 Titulus
960 5402 1178 5482 psalmi_
1206 5400 1721 5482 Halleluianggcei
1763 5410 1816 5482 et
1860 5400 2151 5482 ch’tttt‘t'w,
2261 5403 2507 5482 quamdiu
2528 5418 2705 5482 sumus
2730 5405 3043 5482 incorpore,
3073 5406 3457 5482 peregrinamur
3476 5420 3511 5482 ιι
3533 5398 3786 5482 Domi-no.3

572 5486 670 5542 pro
707 5486 763 5524 v.
798 5472 823 5525 1
880 5470 1117 5540 notatur,
1146 5474 1216 5531 de
1245 5488 1353 5541 quo
1401 5470 1536 5527 nihil
1584 5470 1871 5527 disseritur
1916 5473 1968 5527 in
2018 5474 2155 5529 Pro-
2274 5470 2284 5474 ⁷
2341 5484 2363 5512 ε
2398 5474 2522 5527 Haec
2553 5473 2737 5537 verba,
2788 5474 2839 5526 in
2867 5470 3106 5529 siccatum
3138 5470 3337 5536 seaculi,
3364 5489 3471 5527 non
3499 5472 3750 5527 habentur
3776 5470 3819 5542 in

571 5531 754 5615 spero;
958 5582 1008 5615 η
1101 5531 1115 5540 ’
1265 5531 1277 5541 ’
1642 5613 1670 5615 μ
2261 5552 2408 5600 textu
2456 5544 2683 5599 llebrs‘o
2724 5531 2819 5596 aut
2864 5544 3055 5600 Latino
3100 5546 3286 5615 psalmi
3322 5531 3514 5609 hujus:
3562 5556 3657 5597 nec
3700 5531 3819 5615 apud

644 5611 876 5686 {Forte
900 5612 1105 5686 omisso
1149 5624 1218 5681 et,
1252 5615 1521 5686 legeretur
1552 5613 1773 5679 melius,
1805 5626 2008 5669 eterna
2042 5618 2157 5671 vita
2260 5615 2641 5686 Augustinum,
2677 5615 2777 5669 hoc
2808 5616 2960 5681 loco;
3009 5611 3147 5681 apud
3199 5617 3585 5686 Hieronymum
3617 5611 3818 5686 vero_iu

575 5684 739 5755 oﬂicia
765 5699 866 5737 non
893 5684 1181 5755 implemus.
1204 5676 1357 5753 'Ouo'd
1389 5687 1719 5755 Augustinus
1754 5676 1979 5742 insuere
2009 5687 2158 5742 vide—
2261 5676 2495 5743 ediiione
2516 5685 2795 5742 Gallicana
2820 5702 2923 5741 non
2948 5676 3257 5751 habentur,
3289 5688 3381 5742 scd
3400 5676 3469 5740 'in
3497 5684 3729 5739 Romana
3754 5676 3818 5729 le-

575 5765 662 5809 tur
688 5754 770 5809 bis
792 5754 995 5809 verbis:
1024 5754 1425 5830 Respondettibi
1454 5754 1626 5830 anima
1648 5765 1766 5830 tua:
1790 5756 1971 5830 gaude
1992 5776 2151 5828 quan.
2260 5766 2475 5828 guntur,
2530 5772 2630 5828 pro
2675 5758 3138 5830 antecedentibus,
3172 5762 3224 5814 in
3253 5756 3583 5830 generatione
3609 5762 3659 5809 et
3689 5763 3821 5823 genr-

578 5835 684 5879 tum
709 5842 936 5896 possum,
960 5827 1194 5894 tenuiter,
1218 5828 1438 5895 exiliter,
1468 5828 1759 5897 inﬁrmita.
1782 5828 1955 5897 Quare
1973 5827 2157 5896 lania
2260 5827 2474 5888 ratione.
