4006 6356
238 316 340 377 M7

987 308 1406 370 PSALMORUM
1445 306 1491 364 Α
1527 307 1570 365 C
1605 305 1699 363 AD
1735 306 1823 364 CL
1859 305 2248 365 EXPOSITIO.
2292 307 2486 365 PSAL.
2524 306 2754 367 CXLVI.

3408 311 3514 368 ιω

234 447 331 489 nos
368 439 427 488 et
473 430 595 486 illas
634 427 826 485 viduas
872 427 1068 483 melius
1116 423 1487 495 intelligimus,
1536 421 1727 493 quibus
1766 421 1820 475 in
1846 433 1899 493 Α
1927 423 2043 495 pilli
2073 423 2309 493 capitum
2352 424 2618 479 numerati
2644 430 2770 479 sunt
2800 422 3012 496 (Matth.
3046 439 3101 489 x,
3132 422 3249 496 30).
3282 424 3359 481 De
3405 425 3513 483 illis

231 522 332 580 hoc
360 523 569 579 saeculo
611 522 819 577 nullum
851 528 935 576 est
976 518 1310 590 praesidium,
1344 516 1487 572 nulla
1514 524 1597 571 est
1625 527 1820 569 conso-

229 616 387 684 latio;
440 616 539 673 sed
588 630 713 686 spes
752 629 941 671 eorum
984 613 1038 668 in
1086 611 1315 667 Domino
1344 609 1458 665 Deo
1488 617 1514 645 ι
1557 607 1818 679 ipsorum.

230 711 423 764 Anima
458 723 589 779 ergo
612 724 732 778 qua:
756 709 810 761 in
839 706 997 762 bonis
1026 703 1410 775 temporalibus
1433 717 1539 757 non
1569 700 1702 768 lidit,
1728 698 1822 755 sed

228 801 417 858 mundi
451 801 609 855 istius
635 798 911 870 peregrina
943 808 1043 864 est,
1075 811 1367 868 supernum
1404 805 1607 865 patrem
1648 802 1705 849 et
1731 808 1823 847 su-

228 907 456 964 pernam
487 892 804 947 desiderans
835 900 1061 945 matrem
1080 932 1096 957 ,
1129 887 1325 943 merito
1350 887 1548 957 pupilla
1584 885 1823 956 appella-

227 996 309 1041 tur
337 995 396 1040 et
428 985 626 1050 vidua;
659 999 778 1054 qua:
804 982 977 1038 donec
1019 990 1074 1037 et
1097 990 1306 1051 patrem
1348 979 1533 1034 videat
1578 986 1634 1033 et
1658 991 1821 1046 spon-

225 1094 365 1144 sum,
396 1094 542 1134 nunc
574 1078 789 1132 videtur
813 1090 937 1131 esse
981 1074 1291 1145 longinqua.
1332 1072 1429 1128 Via
1463 1086 1594 1127 vero
1628 1084 1818 1141 pecca-

228 1184 419 1241 torua;
436 1170 910 1237 exterminabitur,
943 1184 1066 1224 cum
1088 1168 1325 1223 omnium
1365 1165 1707 1235 iniquitatum
1728 1164 1821 1218 de-

226 1265 451 1321 fecerint
479 1264 755 1329 actiones,
786 1272 842 1318 et
884 1260 1093 1317 vanitas
1119 1262 1172 1315 in
1218 1258 1500 1314 latitudine
1536 1256 1817 1311 ambulan-

228 1362 360 1415 tium
384 1361 441 1414 in
492 1357 755 1429 supplicia
796 1366 996 1411 aeterna
1042 1363 1335 1425 mergetur.
1364 1352 1424 1407 In
1452 1352 1594 1406 hunc
1638 1359 1816 1405 autem

226 1456 389 1509 linem
440 1450 824 1521 proruentibus
857 1447 1034 1512 malis,
1065 1448 1190 1517 quid
1220 1444 1404 1500 audiet
1446 1444 1636 1499 civitas
1662 1442 1814 1506 Sion,

224 1546 348 1616 quid
377 1553 701 1614 assequetur
726 1543 918 1597 civitas
950 1540 1080 1596 Dei?
1121 1538 1319 1605 Venite,
1362 1538 1610 1592 benedicti
1640 1535 1817 1590 Patris

227 1640 340 1703 mei,
366 1640 615 1709 percipite
639 1653 851 1709 regnum
872 1636 1009 1707 quod
1026 1634 1161 1689 vobis
1182 1643 1418 1705 paratum
1441 1642 1515 1687 est
1534 1633 1598 1686 ab
1620 1632 1818 1701 origine

224 1731 403 1783 utundi
458 1728 678 1800 (Matth.
709 1744 842 1793 xxv,
871 1727 986 1796 54).
1015 1726 1277 1793 Quoniam
1310 1735 1389 1792 tu,
1436 1723 1587 1790 Sion,
1618 1724 1670 1778 in
1713 1722 1817 1776 Ec-

1927 531 2058 586 ergo
2088 516 2260 571 stellis
2289 515 2501 587 dignius
2532 518 2848 589 intelligitur
2884 515 2988 574 hoc
3016 517 3245 589 dictum,
3297 533 3417 590 qua
3455 519 3509 575 in

1928 608 2171 664 Ecclesia
2220 608 2339 677 Dei,
2368 608 2456 664 -ad
2493 610 2877 665 consolandam
2927 610 3211 679 praesentis
3256 611 3513 682 temporis

1927 713 2165 770 noctem,
2194 703 2352 759 bona:
2394 705 2821 761 conversationis
2863 706 3139 775 exemplo,
3192 713 3249 761 et
3276 705 3513 761 caelestis

1924 796 2186 852 doctrinae
2217 797 2336 853 luce
2371 798 2747 867 resplendent,
2782 800 2975 870 quibus
3012 799 3157 855 dicat
3198 799 3509 869 Apostolus,

1924 889 1991 943 In
2028 891 2129 944 ista
2163 892 2371 946 natione
2417 909 2573 962 prava
2599 902 2647 947 et
2686 910 2940 964 perversa,
2973 896 3027 947 in
3050 894 3229 964 quibus
3251 894 3512 966 apparetis

1923 998 2183 1058 tamquam
2219 989 2500 1043 luminaria
2527 991 2582 1044 in
2626 990 2850 1058 mundo,
2882 990 3086 1045 verbum
3121 990 3239 1045 uiti:
3270 990 3511 1046 habentes

1924 1079 2151 1153 (Philip.
2183 1096 2244 1149 ιι,
2298 1081 2408 1152 15).
2443 1080 2552 1136 llas
2606 1096 2735 1152 ergo
2776 1080 2961 1137 stellas
2994 1080 3134 1137 Deus
3178 1089 3427 1137 numerat
3454 1081 3509 1136 iu

1922 1181 2181 1227 aeternam
2226 1173 2542 1242 praeelectas
2570 1174 2829 1244 gloriam,
2875 1183 2931 1229 et
2957 1174 3271 1229 nominatim
3296 1189 3364 1230 ex
3390 1188 3508 1228 om-

1921 1266 2080 1322 nibus
2104 1266 2353 1337 gentibus
2384 1267 2696 1323 advocates.
2749 1266 2909 1322 Novit
2940 1268 3085 1323 enim
3135 1266 3386 1324 Dominus
3422 1271 3511 1340 qui

1920 1366 2037 1411 sunt
2064 1360 2176 1430 ejus
2204 1357 2274 1431 (ιι
2301 1357 2435 1413 Tim.
2459 1374 2519 1426 ιι,
2554 1359 2641 1429 l9)
2669 1375 2685 1425 ;
2717 1373 2838 1414 cum
2869 1358 3062 1429 quibus
3088 1375 3198 1414 non
3224 1371 3507 1430 computa-

1919 1450 2140 1518 buntur,
2169 1451 2367 1521 quibus
2398 1450 2615 1516 dicitur,
2651 1450 2910 1505 Discedite
2948 1468 2981 1505 a
3018 1467 3117 1516 me,
3149 1453 3370 1523 operarii
3412 1454 3510 1508 ini-

1919 1543 2126 1611 quitatis
2144 1559 2164 1610 ;
2195 1558 2296 1597 non
2322 1544 2441 1597 novi
2462 1559 2548 1597 vos
2578 1542 2731 1613 (Luc.
2764 1558 2882 1610 xm,
2913 1544 3027 1609 27).

1991 1635 2169 1708 (Vers.
2202 1634 2286 1707 5.)
2321 1635 2545 1707 Magnus
2574 1636 2848 1703 Dominus,
2880 1647 2931 1693 et
2960 1655 3146 1709 magna
3174 1639 3335 1694 virtus
3357 1642 3472 1711 ejus
3491 1684 3506 1709 ,

1919 1738 1968 1781 et
2010 1730 2277 1798 sapientia
2323 1730 2434 1799 ejus
2480 1746 2581 1783 non
2612 1732 2977 1800 estgnumerns.
3027 1731 3190 1787 Multa
3236 1733 3287 1787 in
3319 1742 3509 1789 natura

226 1825 392 1879 desii
436 1837 662 1893 regnum
708 1822 816 1877 erit!
872 1829 1132 1876 ωιϐηιιιηι
1187 1819 1397 1873 Domini
1456 1817 1552 1873 Dei
1606 1816 1718 1885 lui,
1763 1822 1817 1870 ει
1845 1822 2116 1892 Bmagna
2142 1830 2286 1888 sunt,
2320 1832 2375 1877 et
2418 1822 2708 1877 multarum
2754 1833 3068 1878 naturarum
3118 1838 3309 1895 magna
3340 1824 3510 1881 virtus

226 1923 488 1987 regnante
510 1914 651 1984 ipso,
677 1913 795 1969 sine
822 1911 928 1965 line
962 1910 1231 1981 regnabis.

726 2003 1046 2061 PSALMUS
1084 2001 1315 2059 CXLVI.

290 2101 475 2175 (Vers.
510 2098 588 2171 1.)
618 2098 853 2154 [nudate
880 2096 907 2135 δ
930 2097 1229 2162 Dominum,
1281 2095 1524 2165 quoniam
1552 2095 1714 2150 bonus
1742 2109 1817 2149 est

226 2196 477 2267 psalmus,
533 2191 645 2249 Deo
692 2202 866 2245 nostra
895 2190 1126 2262 jocunda
1166 2188 1422 2243 laudatio.
1488 2188 1695 2243 Bonum
1734 2197 1819 2243 est

227 2291 510 2345 Dominum
542 2287 786 2355 laudare,
817 2285 871 2340 in
899 2285 1127 2355 gloriam
1150 2282 1245 2338 Dei
1268 2283 1520 2353 psallere,
1548 2298 1655 2337 non
1686 2297 1819 2337 voce

226 2392 453 2449 tantum,
485 2394 608 2451 qua
657 2376 1055 2434 incessabiliter
1084 2390 1285 2431 canere
1337 2388 1443 2429 non
1471 2382 1671 2443 potest,
1722 2372 1817 2428 sed

227 2475 391 2530 multo
439 2473 673 2544 amplius
718 2469 1095 2527 modulatione
1140 2467 1479 2523 rationabilis
1507 2466 1647 2532 vitae,
1696 2481 1817 2537 quae

230 2569 376 2623 nullo
398 2578 646 2639 tempore
675 2564 971 2622 omittenda
999 2573 1081 2619 est
1114 2580 1127 2616 ε
1159 2562 1413 2634 quoniam
1451 2560 1505 2614 in
1532 2575 1821 2617 conversa-

228 2662 432 2717 tionem
454 2661 775 2731 spiritalium
800 2672 1077 2714 servorum
1109 2655 1227 2719 Dei,
1258 2655 1517 2727 quidquid
1565 2654 1714 2710 domi
1741 2655 1819 2709 lo-

233 2754 419 2823 risque
441 2753 631 2821 agitur,
660 2751 779 2806 laus
798 2749 944 2805 illius
970 2758 1075 2813 est,
1098 2747 1253 2817 cujus
1272 2756 1329 2802 et
1356 2746 1599 2802 doctrina
1621 2756 1673 2801 et
1703 2761 1821 2799 mu-

234 2860 365 2900 nere
388 2845 459 2898 ita
488 2843 681 2898 vivitur
706 2851 766 2897 ut
792 2841 931 2897 nihil
957 2840 1234 2896 actionum
1277 2854 1384 2895 non
1414 2839 1510 2895 Dei
1550 2838 1710 2894 laude
1752 2840 1823 2894 sit

226 2937 468 3008 dignum,
497 2935 712 2990 dicente
737 2933 1024 3004 Apostolo,
1062 2932 1185 2988 Sive
1212 2932 1539 2987 manducetis
1565 2973 1579 2999 ,
1615 2932 1717 2985 sive
1747 2932 1825 2985 bi-

228 3029 365 3095 bitis,
388 3030 492 3082 sive
528 3026 673 3082 aliud
717 3026 844 3098 quid
881 3026 1071 3097 facitis,
1097 3026 1273 3079 omnia
1312 3026 1365 3079 in
1412 3025 1631 3098 gloriam
1659 3024 1823 3097 524

227 3120 321 3177 Dei
350 3122 507 3190 facite
529 3121 572 3192 (I
600 3120 721 3176 Cor.
750 3137 803 3184 x,
835 3120 951 3191 51).
975 3120 1128 3189 Quod
1156 3121 1246 3191 qui
1291 3120 1494 3175 iaciunt
1532 3135 1821 3190 numquam

1919 1925 2022 1969 est.
2056 1913 2163 1970 Sed
2189 1915 2242 1969 in
2270 1916 2733 1984 comparationem
2764 1914 2862 1970 Dei
2893 1916 3026 1971 nihil
3075 1932 3203 1973 vere
3230 1933 3505 1989 magnum,

1918 2006 2054 2061 nihil
2083 2021 2213 2062 vere
2241 2006 2437 2061 dicitur
2478 2014 2691 2075 potens,
2721 2017 2773 2060 et
2817 2004 2871 2061 in
2913 2006 3011 2062 illo
3040 2023 3165 2063 vera
3195 2017 3279 2063 est
3304 2009 3510 2079 magni-

1918 2099 2070 2165 tudo,
2096 2109 2152 2155 et
2178 2113 2367 2170 magna
2396 2098 2590 2153 virtus.
2623 2098 2889 2154 Universa
2910 2115 3040 2171 ergo
3061 2102 3385 2157 excellentia
3412 2101 3509 2157 ha-

1921 2191 2052 2246 bent
2083 2192 2280 2246 limites
2303 2207 2451 2256 suos,
2481 2200 2536 2246 et
2561 2190 2705 2246 intra
2744 2190 2960 2247 modum
2990 2192 3091 2248 sibi
3135 2194 3370 2263 positum
3411 2209 3508 2248 na-

1922 2293 2037 2339 tura
2087 2299 2316 2355 quteque
2365 2284 2656 2339 subsistit:
2719 2284 2861 2341 Deus
2910 2294 3089 2341 autem
3142 2286 3509 2358 magnitudine

1920 2379 2106 2449 glorize
2160 2393 2274 2434 suae
2314 2378 2528 2434 excedit
2573 2378 2844 2447 universa,
2889 2389 2943 2435 et
2988 2379 3378 2449 omnipotentia
3425 2395 3510 2435 sa-

1922 2473 2138 2545 pientiai
2187 2473 2305 2542 ejus
2350 2472 2501 2527 nullo
2548 2487 2773 2528 numero
2823 2472 3322 2543 comprehenditur.
3368 2472 3510 2542 Quo-

1921 2569 2062 2622 niam
2084 2584 2147 2621 ex
2167 2567 2304 2638 ipso,
2326 2575 2375 2620 et
2394 2581 2485 2637 per
2504 2566 2697 2634 ipsum,
2722 2576 2767 2621 et
2788 2566 2843 2620 in
2863 2566 2975 2637 ipso
2994 2577 3113 2621 sunt
3133 2566 3306 2621 omnia
3326 2564 3505 2638 (Rom.

1921 2676 1996 2727 xl,
2030 2659 2148 2731 '56).

1994 2751 2175 2823 (Vers.
2217 2751 2299 2822 6.)
2350 2751 2649 2823 Suscipiens
2693 2759 2986 2806 mansuetos
3023 2748 3298 2816 Dominus,
3341 2750 3511 2804 Immi-

1923 2846 2058 2900 lians
2105 2852 2273 2899 autem
2320 2853 2609 2916 peccatores
2661 2859 2815 2912 usque
2840 2842 2908 2896 ad
2945 2850 3154 2897 terram.
3198 2840 3316 2897 Non
3362 2855 3514 2898 acce-

1924 2939 2059 2994 dunt
2088 2938 2153 2993 ad
2181 2938 2543 3009 cognitionem
2577 2936 2674 2992 Dei
2718 2935 2948 2992 humiles
2976 2933 3162 3007 [Forte
3191 2935 3292 2990 nisi
3335 2936 3512 2990 humi-

1926 3032 2027 3105 les]
2057 3041 2216 3101 atque
2260 3030 2549 3095 mansueti,
2582 3030 2671 3099 qui
2714 3028 2880 3084 etiam
2912 3027 3053 3097 quod
3082 3027 3315 3082 nondum
3348 3026 3509 3099 525

1926 3126 2251 3197 intelligunt,
2282 3123 2534 3187 credunt,
2566 3131 2621 3176 et
2643 3122 3027 3177 revelationem
3058 3122 3389 3176 occultorum
3416 3137 3509 3174 ex-

227 3229 254 3268 a
283 3214 380 3269 Dei
410 3214 660 3269 laudibus
695 3213 886 3280 silent,
922 3224 979 3269 et
1018 3230 1047 3267 a
1075 3214 1232 3269 bonis
1261 3213 1518 3283 operibus
1549 3215 1811 3285 ipsorum,
1841 3214 1887 3279 C
1919 3227 2187 3289 spectant.
2218 3216 2329 3273 Hos
2374 3214 2703 3271 erudiendos
2732 3213 2955 3283 suscipit
2997 3212 3276 3277 Dominus,
3319 3222 3375 3269 et
3417 3211 3513 3266 dn-

226 3322 443 3380 semper
473 3308 586 3364 Deo
602 3308 835 3380 jocunda
863 3316 938 3361 est
964 3308 1221 3362 laudatio.

291 3403 478 3471 (Vers.
510 3400 594 3473 2.)
622 3400 920 3467 didi/imus
939 3398 1229 3455 Ierusalem
1254 3398 1529 3467 Dominus,
1556 3409 1603 3454 et
1628 3398 1820 3472 disper-

223 3497 392 3550 siones
425 3493 597 3550 Israel
625 3510 962 3569 congregans.
1002 3492 1316 3550 Exstructio
1342 3492 1667 3558 Jerusalem,
1698 3508 1819 3564 qua:

225 3593 525 3649 aediﬁcatur
553 3603 613 3647 ut
640 3592 831 3648 civitas
853 3590 1028 3661 (Psal.
1054 3606 1201 3659 cxxt,
1232 3589 1312 3661 3),
1346 3604 1478 3660 pace
1498 3588 1775 3659 consurgit
1802 3606 1816 3641 :

225 3702 445 3743 omnem
494 3685 661 3741 Israel
710 3700 815 3756 pax
855 3684 923 3739 ad
952 3683 1283 3739 soliditatem
1328 3684 1533 3755 colligit
1571 3681 1816 3739 unitatis.

227 3780 340 3835 Non
366 3794 503 3850 ergo
527 3780 599 3833 ab
624 3779 879 3849 operibus
908 3792 1033 3843 vox,
1069 3791 1171 3833 nec
1199 3791 1229 3830 a
1256 3789 1390 3831 voce
1422 3775 1626 3831 debent
1653 3790 1819 3844 opera

226 3881 536 3944 dissonare,
571 3888 625 3934 et
654 3876 772 3933 laus
801 3891 921 3948 qua:
950 3890 1082 3931 voce
1110 3874 1397 3946 promitur,
1428 3872 1496 3927 de
1522 3873 1663 3927 bona
1691 3885 1821 3926 con-

228 3974 451 4049 sgientia
481 3970 791 4043 proferatur
822 3990 835 4024 :
878 3986 999 4024 nam
1028 3985 1134 4024 non
1171 3978 1255 4023 est
1279 3967 1434 4021 lirma
1458 3977 1743 4036 compago,
1773 3966 1821 4021 si

229 4070 276 4120 in
309 4065 498 4121 ofﬁcio
525 4064 702 4120 laudis
733 4079 839 4119 non
870 4078 1007 4119 unus
1051 4073 1216 4117 sonus
1242 4067 1328 4115 est
1368 4056 1547 4114 cordis
1582 4065 1641 4113 et
1672 4056 1821 4112 vocis

229 4159 402 4228 (Sent.
435 4159 513 4229 6).

294 4252 481 4318 (Vers.
515 4249 597 4321 '5.)
626 4250 727 4315 Qui
753 4257 902 4304 sanat
932 4248 1179 4303 contritas
1200 4247 1375 4315 corde,
1412 4254 1459 4300 et
1486 4243 1668 4315 alligat
1698 4260 1819 4298 con-

229 4348 465 4400 tritiones
492 4360 690 4398 eorum.
720 4342 860 4398 Ecce
882 4340 1153 4409 quomodo
1179 4340 1503 4409 colliguntur
1526 4336 1821 4407 dispersio-

228 4457 324 4496 nes
354 4438 547 4504 Israel,
578 4447 638 4493 ut
665 4448 922 4493 sanentur
952 4435 1190 4492 contrito
1214 4433 1376 4489 corde
1406 4449 1420 4486 :
1452 4432 1705 4504 quoniam
1733 4446 1821 4483 cor

228 4534 510 4585 contritum
554 4541 601 4585 et
641 4529 970 4583 humiliatum
1008 4526 1145 4581 Deus
1174 4542 1278 4579 non
1307 4534 1509 4595 spernet
1549 4522 1719 4595 (Psal.
1766 4540 1817 4591 t.,

1918 3314 2107 3369 ctrina:
2155 3324 2266 3364 sua:
2294 3322 2523 3378 capaces
2552 3307 2700 3375 facit,
2730 3321 2957 3378 quorum
2981 3305 3247 3361 desideria
3278 3305 3513 3361 delecta-

1920 3406 2065 3463 tione
2093 3401 2277 3478 [Forte
2304 3401 2638 3474 dilatatione]
2669 3402 2915 3457 exercuit
2937 3411 2993 3457 et
3018 3400 3286 3457 accendit.
3314 3400 3512 3455 Pecca-

1920 3507 2055 3552 tores
2106 3507 2285 3551 autem
2314 3494 2559 3549 bumiliat
2603 3509 2763 3563 usque
2805 3492 2875 3546 ad
2922 3501 3158 3545 terram:
3209 3506 3303 3546 eos
3330 3492 3513 3562 utique

1922 3600 2252 3663 peccatores,
2303 3588 2395 3658 qui
2434 3587 2500 3641 ad
2526 3584 2946 3658 promerendum
2985 3585 3384 3654 Scripturarum
3431 3584 3513 3638 in-

1921 3685 2195 3741 tellectum
2226 3678 2641 3736 mansuetudine
2664 3688 2876 3746 carent,
2910 3688 2959 3732 et
3005 3692 3067 3731 ea
3098 3692 3219 3747 qua:
3252 3675 3511 3745 introspi-

1922 3791 2047 3833 cere
2077 3778 2367 3844 nequeunt,
2403 3780 2674 3840 tamquam
2719 3768 2993 3838 superﬂua
3022 3778 3077 3824 et
3098 3783 3233 3823 vana
3271 3776 3513 3822 contem-

1923 3880 2078 3925 nunt.
2103 3868 2304 3923 Horum
2328 3863 2723 3921 contumaciam
2746 3862 2887 3917 Deus
2910 3861 2966 3916 in
2986 3870 3202 3917 terrena
3224 3860 3508 3929 demergit,

1923 3976 2043 4016 cum
2090 3962 2235 4031 ipsos
2279 3956 2443 4013 tradit
2490 3954 2811 4025 insipientia
2864 3971 2877 4006 :
2944 3963 3003 4008 ut
3055 3952 3148 4023 qui
3194 3962 3514 4023 spreverunt

1922 4053 2147 4126 gratiam
2194 4048 2640 4111 illuminationis,
2694 4044 2923 4102 subeant
2969 4043 3293 4114 supplicium
3354 4041 3514 4099 caci-

1925 4148 2074 4203 tatis.

1996 4239 2179 4309 (Vers.
2208 4235 2286 4306 7.)
2315 4234 2588 4289 Prwcinite
2612 4232 2835 4287 Domino
2860 4232 2914 4285 in
2934 4231 3272 4301 confessione,
3300 4228 3512 4298 psallite

1923 4330 2036 4385 Deo
2069 4338 2245 4384 nostro
2273 4330 2328 4381 in
2355 4327 2573 4380 cithara.
2616 4322 3051 4380 Desiderantibus
3099 4321 3513 4393 intelligentiam

1925 4430 2389 4480 sacramentorum
2416 4436 2443 4472 a
2466 4418 2810 4473 confessione
2835 4414 3200 4484 incipiendum
3216 4424 3321 4479 est,
3350 4423 3409 4469 ut
3429 4427 3515 4468 se-

1928 4518 2187 4588 metipsos
2215 4526 2559 4578 accusantes,
2584 4519 2638 4567 et
2668 4510 2771 4565 sibi
2795 4509 3131 4565 ascribentes
3156 4508 3438 4579 caliginem
3460 4516 3517 4564 et

228 4626 359 4693 19);
404 4632 465 4679 ut
504 4622 777 4678 humilitas
817 4630 971 4677 sanet
1016 4619 1159 4691 quod
1199 4617 1451 4688 superbia
1492 4616 1816 4671 vulneravit.
1848 4600 1899 4661 Β
1926 4612 2240 4668 tarditatem
2288 4623 2463 4672 suam,
2491 4605 2700 4661 radium
2753 4618 3002 4675 supernae
3049 4604 3185 4659 lucis
3225 4603 3509 4673 accipiant.

230 4718 330 4773 Per
376 4717 716 4787 alligationes
747 4726 926 4771 autem
956 4713 1341 4768 contritionum
1381 4709 1713 4780 signiﬁcatur
1740 4708 1821 4762 di-

229 4814 458 4868 versitas
492 4811 853 4866 remediorum
898 4825 1017 4879 qua:
1047 4821 1292 4862 summus
1338 4805 1581 4860 medicus
1614 4804 1821 4860 miseri-

226 4905 470 4959 enrditer
497 4916 550 4959 et
590 4903 823 4958 scienter
853 4901 1110 4973 apponit:
1158 4899 1283 4971 quia
1312 4898 1599 4953 multarum
1639 4896 1823 4952 elisio—

228 5014 355 5050 num
384 5010 492 5050 non
521 5004 607 5050 est
635 4996 842 5049 curatio
868 5008 996 5049 una.

296 5090 481 5151 (Vers.
511 5086 593 5158 ι.)
626 5087 727 5155 Qui
762 5095 997 5141 numerat
1028 5085 1406 5140 multitudinem
1434 5083 1730 5151 stellarum,
1770 5092 1821 5137 et

224 5183 464 5235 omnibus
505 5180 579 5233 eis
628 5179 836 5235 nomina
882 5188 1048 5235 vocat.
1098 5178 1219 5235 Non
1268 5186 1352 5234 est
1390 5178 1718 5249 praecipuum
1764 5176 1820 5232 in

226 5274 479 5329 ιιιιὼὺυε
512 5274 607 5329 Dei
636 5273 823 5329 stellas
844 5273 967 5329 εωιί
999 5272 1204 5329 habere
1243 5280 1575 5339 numeratas,
1607 5268 1695 5325 cui
1724 5283 1818 5324 ca-

300 5494 327 5523 ι·
352 5484 627 5540 Hactenus
652 5482 778 5537 editi
808 5491 951 5551 post,
989 5481 1209 5535 Domino
1237 5479 1364 5546 Deo,
1388 5480 1634 5551 apposito
1665 5492 1818 5531 cam-

227 5569 393 5621 mate,
448 5569 645 5609 novum
677 5547 894 5608 sensum
946 5552 1272 5620 incipiebant
1313 5551 1383 5605 ab
1414 5547 1518 5613 his,
1574 5547 1822 5621 Ipsorum

224 5620 402 5679 anima
431 5642 576 5695 ergo.
611 5624 717 5679 Sed
745 5625 936 5679 vitiosa
969 5624 1403 5692 interpunctione
1431 5623 1481 5675 id
1520 5621 1642 5695 fieri
1667 5620 1822 5695 facile

226 5699 330 5751 fuit
378 5690 812 5750 animadvertere
861 5696 1038 5749 locum
1098 5690 1302 5750 tit-lente
1351 5693 1570 5764 legenti.
1618 5690 1824 5764 Alludit

225 5773 390 5839 etiam
432 5773 639 5825 Auctor
665 5769 729 5818 ait
772 5769 1020 5839 superius
1059 5765 1223 5836 dicta,
1256 5782 1307 5821 v.
1338 5762 1421 5821 ὅς’
1447 5764 1577 5835 Spes
1618 5765 1731 5835 ejus
1772 5762 1825 5815 in

225 5838 454 5897 Domino
485 5839 596 5896 Deo
627 5840 811 5911 ipsius.

1926 4705 2035 4761 Nec
2064 4706 2133 4759 sit
2160 4718 2348 4759 eorum
2378 4703 2551 4757 otiosa
2587 4696 2897 4754 confessio:
2927 4697 3022 4753 sed
3054 4696 3287 4767 psallunt
3325 4698 3433 4750 Deo
3464 4696 3517 4751 in

1926 4802 2158 4865 cithara,
2196 4796 2247 4852 id
2274 4804 2376 4859 est,
2423 4795 2473 4848 in
2511 4792 2742 4863 quadam
2773 4790 3038 4847 bonarum
3076 4791 3350 4846 actionum
3394 4804 3518 4844 eon-

1926 4893 2189 4951 scientia:
2224 4900 2280 4945 ut
2331 4887 2759 4944 misericordiam
2806 4902 2966 4957 quam
3012 4884 3323 4941 confitendo
3365 4898 3515 4951 quat:-

1926 4998 2075 5054 runt,
2108 4983 2383 5056 operando
2433 4992 2770 5048 mereantur,
2800 4990 2855 5036 et
2893 4978 3037 5051 quod
3070 4985 3220 5033 recte
3259 4976 3514 5041 oﬂ'eruut,

1926 5092 2074 5139 recte
2098 5078 2360 5135 dividant.

2000 5172 2181 5245 (Vers.
2212 5168 2293 5240 8.)
2318 5179 2340 5207 ο
2386 5166 2487 5234 Qui
2517 5166 2678 5237 operit
2708 5162 2889 5219 calum
2914 5161 3152 5227 nubibus,
3180 5158 3442 5214 descendit
3462 5161 3517 5215 in

1928 5278 2116 5321 terram
2141 5262 2395 5316 sitientem
2425 5258 2599 5329 pluria
2626 5256 2932 5329 gratiarum.
2958 5252 3039 5309 Ad
3073 5251 3176 5308 hoc
3201 5252 3345 5307 enim
3377 5253 3517 5308 Deus

1995 5473 2022 5512 δ
2051 5468 2437 5543 Lugdunensis,
2449 5467 2614 5543 editio
2636 5464 2713 5518 sic
2729 5461 3237 5543 disli-ngu‘il,-qu0tti.'
3257 5478 3306 5515 m
3332 5460 3513 5527 bonus;

1925 5554 1971 5601 et
1993 5533 2219 5615 psalmus
2246 5541 2356 5595 Deo
2388 5533 2563 5615 nostra
2584 5534 2818 5615 jocunda
2844 5533 3097 5585 laudatio.

2001 5604 2023 5655 ε
2053 5614 2206 5681 Apud
2241 5604 2599 5682 Augustinum
2623 5605 2772 5682 :‘Qui
2798 5615 2947 5675 parat
2970 5614 3122 5659 terra
3150 5605 3395 5682 plagiam.
3427 5604 3516 5682 Sic

1926 5704 2047 5743 cum
2092 5674 2420 5755 Vulgata'etA
2455 5690 2602 5755 textu
2652 5676 2880 5730 Hebraeo
2928 5674 3515 5755 ntraqueJlieronymi

1931 5760 2139 5823 versio;
2175 5745 2313 5811 uvude
2340 5753 2537 5806 inferas
2567 5752 2708 5823 hunc
2731 5756 2947 5823 textum
2982 5764 3011 5801 ει
3048 5747 3108 5804 8.
3151 5745 3421 5815 Hespero
3453 5752 3517 5806 ad

1929 5820 2149 5891 sensum
2171 5824 2471 5902 spiritalem
2496 5820 2782 5882 scribendo
2810 5834 3154 5880 conversum.
