4006 6356
536 292 642 352 M9

1761 292 1823 352 S.
1862 287 2199 349 PROSPERI
2239 284 2564 359 AQ‘UITANI

3689 285 3791 346 δίο

537 411 842 469 obscurari!
887 411 1029 467 dicta
1074 408 1411 481 prophetica,
1443 414 1504 465 ut
1528 388 1870 465 obsum-snio
1900 416 2113 479 pararet
2138 408 2191 469 Α
2215 417 2543 475 carnemque
2566 400 2874 470 discordiis,
2903 417 3010 460 non
3029 402 3208 461 omnia
3237 417 3356 476 qua
3378 403 3569 460 volunt
3594 403 3792 464 faciunt

536 505 795 572 imbrem;
822 507 990 560 imber
1011 520 1138 559 vero
1158 515 1209 560 et
1239 504 1469 559 fructum
1498 504 1760 573 gigneret,
1794 512 1848 559 et
1875 502 2114 572 aperiret

537 617 803 658 serenum.
836 601 935 666 Qui
962 599 1200 671 producit
1225 600 1278 653 in
1306 598 1563 652 montibus
1594 598 1789 670 fenum,
1819 607 1866 652 et
1903 595 2111 649 herbam

534 694 767 749 servituti
802 693 1083 747 hominum.
1114 692 1328 748 Uttlitas
1360 690 1554 761 pluvia:
1593 690 1849 760 spiritalis
1886 705 1991 744 non
2020 703 2111 745 so-

534 784 645 840 lum
672 786 863 852 valles,
896 784 990 839 sed
1024 794 1077 839 et
1107 792 1319 838 montes
1354 782 1549 837 uberes
1583 781 1728 837 facit.
1762 781 1829 835 In
1857 779 2113 834 montibus

536 879 730 950 fenum,
759 885 807 931 et
847 877 1052 931 herbam
1090 876 1320 931 servituti
1366 877 1655 928 hominum.
1700 874 1908 929 Montes
1936 882 2111 927 autem

535 971 911 1040 intelliguntur
949 970 1293 1024 sublimiores
1324 968 1523 1038 quique
1570 968 1844 1022 hominum
1888 966 2114 1021 saecula-

531 1067 698 1134 rium,
731 1067 819 1134 qui
852 1067 923 1121 ita
954 1080 1099 1135 saepe
1139 1065 1511 1135 superioribus
1541 1064 1866 1134 opimantur,
1890 1072 1943 1116 ut
1974 1058 2114 1115 unde

538 1160 828 1215 fructuosa
874 1168 998 1214 sunt
1026 1158 1217 1221 valles,
1250 1158 1375 1212 inde
1416 1156 1728 1212 altitudines
1751 1156 1913 1213 etiam
1960 1168 2112 1207 mon-

538 1254 669 1310 tium
707 1254 815 1308 sint
845 1252 1074 1308 feraces.
1118 1250 1372 1304 Producit
1402 1265 1530 1320 ergo
1563 1249 1655 1303 Dei
1683 1248 1854 1318 gratia
1884 1246 1938 1299 in
1966 1258 2113 1299 mon-

534 1347 671 1402 tibus
702 1347 913 1415 (eitum:
959 1353 1017 1399 et
1055 1352 1303 1414 potentes
1338 1358 1400 1397 ac
1432 1342 1627 1397 divites
1668 1351 1886 1411 accepto
1912 1338 2117 1394 semine

535 1440 838 1504 charitatis,
893 1438 1134 1508 praebent
1186 1435 1463 1506 profutura
1522 1432 1865 1505 pauperibus,
1922 1441 1970 1485 et
2019 1429 2118 1485 mi-

537 1535 770 1589 nistrant
816 1531 1029 1585 herbam
1066 1531 1295 1585 servituti
1342 1529 1623 1592 hominum,
1666 1526 1757 1595 qui
1806 1524 2114 1579 famulatum

535 1625 840 1682 devotionis
870 1640 982 1678 suae
1007 1624 1115 1678 Deo
1142 1621 1507 1690 Ecclesiteque
1532 1618 1860 1688 dependunt.

615 1718 794 1789 (.Vers.
826 1718 911 1786 9.)
952 1714 1055 1770 Dat
1086 1716 1336 1786 iumentis
1375 1729 1543 1767 escam
1575 1714 1824 1781 ipsorum,
1870 1721 1916 1763 et
1963 1707 2119 1779 pullis

2213 499 2388 572 (Rom.
2421 513 2518 566 vu,
2552 497 2664 571 15),
2715 508 2769 552 et
2817 498 2985 555 multa
3021 499 3249 555 adversa
3290 500 3585 568 patiuntur.
3630 499 3790 558 Recte

2212 608 2345 664 ergo
2371 607 2468 663 spe
2497 592 2801 647 futurorum
2827 592 3090 648 bonorum
3122 593 3293 663 ipsam
3319 594 3623 651 Jerusalem
3664 594 3792 651 hor

2216 694 2357 742 tatur
2386 700 2487 740 vox
2540 685 2856 757 prophetica
2889 685 2944 742 in
2985 686 3198 741 laudem
3234 694 3292 741 et
3317 686 3542 756 gloriam
3571 686 3690 767 Dei,
3736 695 3793 742 ut

2213 795 2335 836 cum
2372 779 2574 835 sanctis
2614 782 2838 850 angelis,
2874 796 3105 852 quorum
3150 780 3467 849 adipiscitur
3512 782 3792 838 indivisatn

2212 877 2548 941 societatem,
2575 876 2629 929 in
2660 876 2866 945 gaudiis
2895 887 3115 933 ueterum
3148 876 3292 946 pacis
3328 877 3587 932 exsultet.

2283 967 2467 1040 (Vcrs.
2518 968 2632 1040 15.)
2684 969 2939 1034 Quoniam
2992 970 3297 1039 confortavit
3345 986 3487 1025 serus
3533 979 3796 1039 portarum

2214 1067 2441 1113 tuarum.
2473 1058 2763 1114 Conclusio
2790 1059 3112 1123 Jerusalem,
3137 1069 3191 1115 et
3218 1075 3463 1115 serarum
3505 1060 3626 1129 eius
3663 1074 3793 1115 cono

2214 1151 2469 1220 firmatio,
2492 1151 2837 1207 securitatem
2861 1151 3058 1206 indicat
3084 1161 3105 1189 α
3129 1151 3650 1235 incomtnutabilitnn
3673 1167 3797 1220 gau-

2214 1242 2454 1312 diorum,
2480 1242 2605 1314 quia
2634 1243 2831 1297 nullius
2860 1242 2985 1295 mali
3013 1241 3078 1297 ad
3124 1241 3262 1297 bona
3294 1241 3501 1311 patebit
3524 1240 3793 1308 introitus,

2217 1351 2392 1406 neque
2420 1335 2544 1391 inde
2570 1336 2707 1390 ullus
2728 1334 2997 1404 justorum
3021 1334 3227 1389 timebit
3255 1336 3494 1390 excludi.
3531 1333 3795 1388 Benedisit

2218 1428 2356 1497 ﬁlios
2398 1438 2509 1483 tuos
2550 1431 2605 1483 in
2646 1440 2714 1483 te.
2754 1428 2927 1484 Extra
2954 1427 3255 1483 Jerusalem
3306 1429 3453 1483 nulla
3500 1426 3799 1484 benedictio

2216 1530 2324 1586 est,
2353 1524 2474 1591 quia
2503 1538 2612 1576 non
2640 1522 3012 1576 sanctiﬁcatur
3035 1521 3136 1576 nisi
3163 1520 3253 1590 qui
3277 1521 3559 1587 Ecclesia,
3582 1536 3705 1591 quae
3724 1530 3799 1575 cst

2218 1611 2416 1666 Christi
2445 1627 2665 1681 corpus,
2696 1612 2893 1666 unitur.

2294 1704 2475 1774 (Vers.
2510 1704 2625 1775 14.)
2658 1706 2760 1771 Qui
2787 1705 2955 1776 posuit
2988 1706 3115 1774 ﬁnes
3163 1715 3276 1761 tuos
3312 1722 3509 1777 pacem,
3561 1716 3613 1761 et
3657 1706 3802 1776 adipe

539 1828 808 1868 corvorum
832 1810 1181 1864 invocantibus
1215 1825 1355 1861 eum.
1379 1806 1750 1861 Jumeutorutn
1778 1813 1834 1858 et
1865 1818 2117 1873 pecorum

2230 1795 2466 1865 frumenti
2503 1798 2656 1851 satiat
2708 1808 2777 1852 te.
2826 1797 2984 1869 527
3019 1799 3172 1853 Nulla
3203 1815 3322 1855 eam
3365 1801 3641 1856 civitatem
3671 1800 3802 1855 bella

539 1907 762 1962 nomine
789 1904 1118 1974 signiﬁcatur
1139 1900 1423 1957 multitudo
1451 1899 1644 1970 plebis,
1666 1915 1784 1969 qua:
1815 1897 2122 1953 necessario

541 1998 666 2053 cibo
687 2011 797 2051 non
824 1995 1133 2050 fraudator:
1161 2004 1211 2048 et
1234 1994 1360 2048 dum
1389 1993 1708 2062 spiritalium
1727 2002 1812 2046 est
1830 1991 2119 2061 particeps,

540 2088 603 2142 ﬁt
634 2089 882 2143 minister
911 2086 1229 2151 carnalium,
1254 2096 1311 2141 ut
1356 2086 1644 2154 impleatur
1690 2085 1819 2139 illud
1851 2084 2119 2152 Apostoli,

543 2180 675 2245 Quis
704 2181 864 2250 pascit
894 2196 1121 2249 gregem,
1152 2190 1199 2232 et
1241 2179 1304 2233 de
1328 2179 1461 2232 lacte
1488 2179 1652 2248 gregis
1680 2194 1781 2231 non
1823 2178 2034 2247 percipit
2064 2177 2125 2250 (Ι

542 2272 665 2327 Cor.
692 2288 766 2339 ιχ,
796 2272 891 2341 7)?
923 2272 1257 2341 Dispensatio
1284 2272 1444 2341 igitur
1466 2271 1848 2326 misericordia:
1871 2272 1990 2341 Dei,
2014 2286 2121 2326 non

545 2374 751 2420 tantum
787 2366 852 2418 ad
884 2363 1233 2419 lsraeliticum
1265 2380 1451 2433 genus,
1490 2365 1582 2420 sed
1628 2365 1694 2419 ad
1720 2365 1959 2419 omnium
1990 2380 2124 2436 quo-

542 2466 648 2528 que
674 2458 912 2528 gentium
940 2459 1561 2528 prOpagincmjpertinet.
1596 2457 1783 2513 Patres
1810 2458 1956 2513 enim
1981 2458 2122 2513 idola

544 2558 862 2607 venerantes
907 2562 1193 2604 corvorum
1234 2552 1468 2605 habuere
1512 2549 1759 2619 ﬁguram,
1812 2560 2028 2605 mortua
2068 2558 2125 2605 et

545 2642 819 2698 immunda
844 2651 1147 2698 sectantes:
1173 2657 1395 2712 quorum
1431 2642 1581 2712 pulli,
1607 2642 1658 2697 id
1691 2652 1795 2709 est,
1816 2642 1980 2714 526
2004 2642 2120 2709 ﬁlii,

542 2733 710 2790 Deum
740 2751 925 2790 verum
967 2736 1238 2801 invocant,
1273 2745 1325 2788 et
1356 2736 1524 2789 sancti
1563 2734 1797 2803 Spiritus
1834 2743 2126 2804 pascuntur

542 2830 831 2896 alimonia;
864 2829 986 2899 quis
1016 2828 1331 2897 parentibus
1360 2844 1465 2883 non
1500 2829 1892 2893 invocantibus,
1924 2828 2091 2883 Deum
2111 2867 2125 2891 ,

540 2921 639 2977 sed
668 2925 720 2976 in
751 2938 845 2977 sua
889 2921 1246 2976 obduratione
1277 2922 1638 2987 manentibus,
1682 2921 1913 2976 credidit
1945 2930 2123 2990 poste-

544 3012 677 3068 ritas
704 3012 847 3083 quod
876 3012 1137 3082 ignoravit
1166 3014 1479 3083 antiquitas.

618 3105 798 3177 (Vers.
827 3107 913 3171 Ill,
950 3105 1059 3174 Il.)
1096 3104 1216 3158 Non
1248 3106 1303 3158 in
1338 3104 1640 3175 fortitudine
1668 3105 1786 3175 equi
1817 3105 2126 3159 voluntatem

2225 1891 2562 1957 perturbant,
2590 1905 2708 1959 quae
2730 1891 2879 1960 pacis
2896 1900 2981 1946 est
2996 1902 3142 1960 septa
3166 1892 3459 1959 limitibus;
3485 1907 3589 1948 nec
3608 1891 3803 1963 aliquid

2223 1985 2423 2051 patitur
2460 1982 2777 2053 inquietum,
2818 1983 2873 2038 in
2903 2000 3005 2054 qua
3053 1985 3184 2041 nihil
3213 1995 3296 2043 est
3329 2002 3359 2041 a
3388 1987 3483 2042 Dei
3531 1990 3803 2042 voluntate

2223 2073 2514 2128 diversum.
2543 2073 2622 2129 Ne
2647 2082 2826 2129 autem
2866 2078 3226 2147 tranquillitas
3254 2078 3409 2133 istius
3441 2079 3589 2147 pacis
3635 2079 3803 2148 aliqua

2224 2167 2535 2237 indigentiae
2561 2170 2883 2226 necessitate
2910 2172 3177 2238 turbetur,
3204 2173 3369 2241 adeps
3394 2174 3449 2228 ei
3473 2174 3630 2241 panis
3664 2173 3807 2228 inde-

2226 2262 2413 2317 ﬁcicns
2468 2264 2841 2332 ministratur;
2870 2276 2927 2321 ut
2961 2265 3185 2335 justiti-se
3222 2266 3371 2322 cibus
3397 2268 3469 2322 sit
3511 2266 3567 2321 in
3615 2268 3804 2336 epulis,

2222 2357 2316 2427 qui
2366 2356 2466 2411 fuit
2503 2359 2557 2413 in
2606 2358 2915 2414 desideriis.
2952 2358 3099 2413 Beati
3145 2360 3290 2414 enim
3344 2363 3433 2430 qui
3482 2364 3719 2414 esuriant
3763 2370 3808 2414 et

2223 2450 2402 2502 sitiunt
2407 2451 2683 2520 justitiam,
2698 2454 2940 2522 quoniam
2951 2453 3049 2521 ipsi
3059 2453 3423 2507 sanabuntur
3435 2434 3657 2526 atth.
3672 2470 3722 2521 v,
3734 2454 3806 2526 6).

2297 2542 2478 2612 (Vers.
2511 2544 2625 2611 15.)
2650 2544 2755 2611 Qui
2773 2546 2954 2599 omittit
2977 2548 3182 2599 verbum
3200 2563 3354 2601 suum
3372 2555 3545 2614 terra,
3575 2550 3808 2603 uelociter

2227 2638 2385 2689 currit
2415 2653 2581 2690 sermo
2611 2640 2744 2709 ejus.
2772 2639 2931 2693 Verbi
2983 2639 3170 2694 missio
3197 2640 3400 2697 Christi
3437 2650 3522 2697 est
3564 2644 3808 2698 incarna-

2229 2732 2340 2786 tio:
2388 2733 2540 2801 cujus
2572 2733 2865 2803 Evangelio
2911 2746 3163 2790 currente
3206 2752 3302 2804 per
3328 2751 3545 2792 omnem
3589 2746 3805 2804 terram,

2227 2825 2468 2878 omnium
2494 2824 2736 2894 gentium
2769 2826 2828 2878 ﬁt
2855 2828 3087 2891 vacatio,
3120 2829 3484 2897 praeveniente
3504 2832 3692 2897 gratia
3724 2830 3808 2885 Dei

2227 2916 2566 2973 credentium
2598 2918 2780 2973 ﬁdem.
2812 2919 2953 2973 Nihil
2996 2930 3080 2974 est
3121 2922 3357 2977 velocius
3389 2929 3447 2975 et
3487 2924 3720 2977 scientia
3761 2933 3809 2977 et

2231 3023 2394 3080 opera
2425 3011 2541 3075 Dei,
2572 3011 2666 3080 qui
2698 3028 2816 3080 quae
2844 3013 3015 3066 futura
3042 3021 3168 3067 sunt
3213 3023 3269 3068 et
3307 3015 3456 3068 novit
3493 3024 3549 3069 et
3590 3016 3741 3081 fecit,
3764 3025 3811 3071 ct

2231 3118 2351 3174 qua:
2380 3104 2616 3158 nondum
2643 3116 2767 3159 sunt
2794 3113 2934 3167 orta,
2959 3106 3068 3175 jam
3099 3104 3239 3175 apud
3282 3107 3431 3162 illum
3457 3118 3588 3163 sunt
3614 3123 3812 3181 praeor-

544 3197 762 3263 habebit,
805 3214 897 3251 nec
931 3199 985 3251 in
1023 3196 1365 3251 tabernaculis
1394 3198 1488 3250 viri
1534 3196 1905 3267 beneplacitum
1950 3205 2022 3249 est
2056 3198 2123 3250 ei.
2155 3191 2200 3253 C
2230 3200 2433 3255 dinata.

542 3288 933 3359 Beneplacitum
963 3298 1035 3343 est
1059 3288 1280 3342 Domino
1304 3303 1455 3360 super
1477 3290 1706 3342 timentes
1734 3306 1868 3353 eum,
1896 3298 1945 3343 et
1965 3291 2018 3342 in
2044 3305 2128 3343 eos

541 3384 632 3453 qui
676 3393 883 3451 sperant
912 3385 966 3437 in
1012 3383 1414 3437 misericordiam
1454 3384 1587 3453 ejus.
1634 3382 1690 3436 In
1738 3384 1860 3451 equi
1895 3383 2125 3453 potentia

550 3474 818 3544 superbia:
869 3476 1134 3530 indicatur
1176 3474 1357 3540 elatio,
1386 3490 1511 3543 quae
1554 3474 1666 3529 Deo
1704 3491 1917 3544 semper
1945 3476 2127 3531 odiosa

543 3577 649 3624 est.
679 3567 1049 3622 Tubernacula
1077 3581 1289 3636 quoque
1320 3565 1571 3620 sublimia
1607 3577 1662 3622 et
1694 3567 1975 3635 magniﬁca
2003 3567 2131 3620 divi-

542 3664 736 3719 tiarum
765 3661 1419 3725 manilestantuumorem,
1452 3660 1505 3715 in
1533 3660 1727 3729 quibus
1753 3660 1885 3714 nihil
1931 3674 2130 3729 appro-

541 3754 631 3811 bat
661 3756 824 3818 Deus,
854 3755 946 3824 qui
988 3754 1217 3823 superbis
1261 3753 1469 3818 resistit,
1506 3752 1783 3807 humilibus
1822 3764 1998 3805 autem
2037 3752 2128 3807 dat

539 3848 760 3920 gratiam
794 3845 931 3915 (Jac.
965 3860 1038 3913 tv,
1072 3846 1147 3915 ﬁ).
1178 3844 1290 3899 Non
1322 3846 1463 3899 enim
1498 3845 1573 3899 illi
1607 3848 1819 3914 placent
1839 3846 1940 3898 nisi
1972 3846 2127 3901 mites

539 3949 599 3996 et:
612 3954 873 4010 pauperes
894 3938 1107 4005 spiritu,
1134 3939 1198 3992 ad
1220 3938 1320 3993 hoc
1336 3940 1586 3992 timentes
1610 3938 1914 4005 Dominum,
1940 3946 2127 4008 utspe-

541 4043 662 4086 rent
692 4031 743 4084 in
775 4029 1195 4084 misericordiam
1220 4030 1354 4099 ejus.
1380 4030 1472 4083 Ille
1502 4039 1585 4084 est
1605 4032 1747 4085 enim
1771 4029 1915 4084 utilis
1941 4034 2122 4101 timor,

540 4123 631 4194 qui
667 4137 762 4193 spe
800 4122 1045 4191 erigitur,
1092 4138 1197 4175 non
1235 4124 1321 4191 qui
1363 4122 1737 4190 desperatione
1774 4123 2120 4194 demergitur.

1039 4211 1353 4267 PSALMUS
1392 4211 1641 4267 CXLVII.

610 4304 790 4378 (Vers.
840 4304 955 4375 12.)
999 4302 1566 4369 Lauda,.Jerusalem,
1613 4304 1918 4373 Dominum,
1967 4308 2124 4362 lauda

540 4394 707 4450 Deum
729 4406 891 4462 tuum,
926 4396 1073 4450 Sion.
1096 4397 1227 4451 Cum
1258 4398 1310 4450 itt
1341 4397 1493 4451 titulo
1521 4397 1709 4467 psalmi
1745 4398 1920 4468 Aggwi
1947 4408 1995 4452 et
2018 4398 2122 4453 Za-

2305 3293 2481 3363 (\'crs.
2516 3294 2628 3362 16.)
2681 3294 2782 3361 Qui
2810 3295 2897 3347 dat
2947 3294 3109 3347 nivem
3150 3296 3279 3349 sicut
3328 3298 3525 3357 tonant,
3577 3298 3812 3352 nebulam

2229 3384 2360 3439 sicut
2388 3386 2607 3438 cinerem
2635 3387 2853 3455 spargit.
2890 3384 3083 3440 Valent
3103 3387 3316 3455 quidem
3346 3389 3447 3442 isti
3471 3389 3538 3443 ad
3567 3392 3812 3459 opimam

2231 3476 2352 3531 dam
2387 3486 2607 3545 terram,
2638 3478 2935 3531 secundum
2972 3478 3167 3532 litterae
3193 3480 3561 3549 superﬁciem,
3604 3482 3729 3551 quia
3764 3490 3816 3538 et

2228 3569 2404 3624 nubes
2428 3566 2611 3640 [Forte
2638 3568 2809 3641 nives]
2836 3569 3151 3627 decidentes
3182 3573 3381 3627 habent
3408 3573 3673 3629 vellemus
3699 3590 3815 3645 spe-

2231 3665 2387 3721 ciem,
2420 3669 2476 3714 et
2501 3661 2823 3715 nebularum
2851 3676 2943 3717 ros
2970 3677 3078 3716 non
3114 3662 3270 3718 aliter
3296 3679 3455 3733 quam
3482 3664 3631 3720 ciuis
3668 3681 3813 3736 sparo

2228 3754 2393 3825 gitur,
2424 3762 2585 3823 atque
2612 3769 2678 3809 ex
2698 3768 2768 3808 eo
2800 3765 2940 3810 terra
2965 3756 3280 3825 pinguescit.
3304 3757 3411 3812 Sed
3446 3758 3739 3814 sublimius
3764 3760 3812 3812 in

2228 3845 2314 3900 bis
2340 3847 2526 3917 gratia:
2556 3845 2651 3900 Dei
2692 3861 2857 3915 opera
2901 3848 3227 3915 sentiuntur,
3260 3864 3357 3919 per
3380 3851 3585 3905 nivium
3621 3852 3813 3906 vellera

2228 3939 2511 3993 voeatione
2558 3939 2799 4007 gentium
2842 3939 3086 4009 ﬁgurata,
3138 3957 3255 4010 qua:
3303 3941 3372 3996 ad
3417 3943 3813 3999 conﬁciendum

2228 4031 2606 4088 vesﬁtnentum
2662 4032 2881 4100 Christi,
2920 4034 3063 4103 quod
3098 4044 3184 4089 est
3229 4034 3491 4103 Ecclesia,
3551 4037 3607 4091 in
3653 4054 3812 4093 unum

2227 4124 2467 4189 conﬂuit,
2497 4135 2551 4179 et
2582 4126 2632 4178 in
2678 4124 2906 4194 idipsum
2943 4135 3049 4179 tota
3095 4128 3428 4195 contexitur,
3474 4144 3578 4183 non
3616 4130 3816 4186 habens

2222 4218 2489 4273 maculam
2533 4228 2623 4273 aut
2647 4234 2833 4288 rugam
2858 4218 3076 4291 (Epltes.
3108 4236 3160 4289 v,
3192 4220 3305 4291 27),
3332 4224 3429 4278 sed
3458 4224 3514 4279 in
3544 4226 3641 4280 illa
3677 4228 3818 4297 puri-

2227 4320 2337 4365 tate
2356 4325 2638 4381 mansura,
2664 4326 2784 4381 qua:
2801 4323 3001 4366 aeterna
3025 4312 3414 4381 glorilicatione
3444 4316 3816 4386 resplendeat,

2225 4404 2405 4473 sitque
2433 4405 2485 4457 in
2514 4419 2574 4458 ea
2607 4418 2887 4474 compage,
2916 4405 2983 4460 de
3014 4421 3117 4474 qua
3148 4407 3367 4472 dicitur,
3400 4408 3663 4465 Dominus
3694 4413 3819 4465 anti-

537 4488 731 4541 clsarite
784 4487 1163 4556 prophetarum
1211 4488 1429 4544 nomina
1474 4499 1867 4559 prtenotentur,
1905 4499 1931 4527 ιι
1984 4507 2120 4560 quos
2146 4565 2189 4571 _
2222 4504 2334 4549 ctus
2362 4496 2540 4550 lumen
2586 4496 2720 4549 sicut
2750 4497 3101 4550 vestimentum
3128 4496 3245 4568 (Ps.
3286 4514 3402 4565 cur,
3433 4502 3514 4569 2).
3553 4502 3643 4556 Ad
3682 4502 3817 4571 quod

537 4578 592 4634 in
619 4578 907 4651 Babylonia
928 4594 1048 4634 cum
1081 4580 1275 4649 populo
1300 4596 1402 4635 suo
1420 4591 1606 4650 captos
1626 4596 1747 4637 esse
1771 4600 1873 4636 non
1892 4582 2109 4638 dubium
2145 4565 2199 4626 D
2225 4588 2642 4657 signiﬁcandum
2669 4588 2923 4657 pertinuit
2948 4590 3089 4658 quod
3116 4565 3283 4646 vestis
3302 4565 3501 4647 Christi
3535 4565 3817 4667 transﬁgu~

540 4680 623 4725 est
650 4672 696 4744 (I
737 4670 920 4726 Esdrtz
948 4688 1021 4737 VI,
1054 4672 1167 4741 14),
1200 4683 1252 4728 et
1295 4675 1687 4743 reparationem
1733 4675 1851 4745 ejus
1886 4677 2117 4734 civitatis

540 4764 837 4821 Jerusalem
867 4766 1204 4835 praevidisse,
1231 4782 1294 4823 ac
1321 4770 1463 4824 sicut
1482 4769 1620 4824 facta
1643 4778 1730 4825 est
1752 4771 2115 4838 denuntiasse,

537 4856 859 4928 intelligitur
902 4858 1210 4913 cohortatio
1239 4859 1430 4930 psalmi
1475 4860 1547 4915 ita
1577 4861 1642 4916 ad
1682 4864 1989 4918 universam
2015 4865 2118 4919 Ec-

537 4948 751 5003 clesium
781 4951 1073 5019 pertinere,
1107 4962 1162 5007 ut
1189 4966 1380 5008 omnes
1407 4953 1552 5008 cives
1594 4964 1649 5009 et
1692 4955 1784 5009 ﬁlii
1812 4955 2112 5012 Jerusalem

538 5040 589 5093 in
616 5043 863 5109 prmsenti
894 5043 1023 5109 vita,
1075 5043 1304 5113 quadam
1352 5058 1411 5098 se
1438 5045 1645 5118 vinctos
1681 5047 1989 5115 captivitate
2024 5063 2113 5103 co-

536 5142 818 5200 gnoscant,
850 5145 901 5189 et
939 5135 1360 5190 consolationem
1391 5135 1459 5190 de
1494 5150 1589 5205 spe
1634 5136 1825 5192 futura:
1854 5139 2115 5195 libertatis

532 5226 815 5293 accipiant.
854 5225 1023 5282 Nemo
1051 5227 1193 5281 enim
1238 5237 1547 5282 sanetorum
1593 5229 1711 5284 sine
1744 5229 2021 5287 laboribus
2051 5248 2115 5288 ac

535 5315 798 5369 molestiis
822 5327 997 5386 potest
1026 5332 1267 5387 praesens
1298 5328 1507 5386 tempus
1534 5320 1787 5389 exigere:
1819 5331 1873 5375 et
1904 5324 1955 5376 in
1988 5340 2118 5393 qua-

533 5402 656 5458 dam
688 5410 998 5475 captivitate
1031 5425 1088 5464 se
1112 5426 1229 5464 esse
1252 5412 1512 5475 sentiunt,
1538 5426 1658 5465 cum
1701 5417 2118 5485 exsurgentibus

533 5494 800 5556 scandulis
826 5499 971 5573 (Gal.
996 5520 1050 5574 v,
1074 5500 1188 5574 17),
1214 5512 1270 5560 et
1296 5504 1634 5561 manentibus
1656 5502 1682 5543 δ
1705 5505 1845 5563 inter
1866 5508 2116 5581 Spiritum

609 5710 639 5781 ξ
668 5706 821 5778 Apud
852 5694 1348 5781 LXXintcrpr‘etes
1377 5711 1774 5767 habeturhicce
1795 5712 2005 5768 titulus.

602 5774 639 5820 δ
665 5774 943 5838 Editiuues
980 5780 1148 5838 Duae.
1170 5774 1241 5838 ἐι
1277 5783 1491 5853 Colum,
1518 5786 1573 5839 iu
1602 5785 1871 5856 spiritum;
1917 5783 2115 5842 melius

2224 4684 2325 4739 rati
2352 4682 2403 4736 in
2430 4692 2635 4747 monte,
2659 4682 2803 4737 sicut
2826 4684 2915 4736 nix
2940 4684 3135 4752 legitur
3159 4685 3435 4743 refulsisse
3453 4688 3676 4755 (Matth.
3694 4706 3814 4755 xm,

2222 4774 2305 4842 2).
2355 4774 2460 4829 Per
2514 4773 2753 4829 nebulam
2794 4783 2970 4831 autem
3014 4777 3192 4847 caligo
3224 4778 3562 4848 ignorantur,
3604 4799 3729 4851 quae
3755 4782 3819 4837 ad

2222 4867 2555 4937 paenitentiae
2603 4868 2844 4921 cinerem
2877 4867 3136 4937 confugit,
3179 4870 3467 4926 indicatur.
3505 4872 3626 4926 Non
3679 4874 3816 4929 enim

2222 4961 2506 5029 quisquam
2554 4971 2681 5015 ante
2711 4962 3054 5017 vocationem
3085 4963 3189 5017 dici
3218 4964 3394 5033 justus
3446 4976 3657 5035 potest,
3690 4983 3820 5037 quo-

2221 5052 2370 5108 niam
2396 5051 2569 5108 Filius
2594 5052 2830 5108 hominis
2858 5070 2962 5110 non
2987 5060 3137 5112 venit
3164 5056 3338 5126 jusvos
3356 5058 3566 5126 eligere
3595 5061 3815 5130 (Matth.

2219 5160 2294 5210 ιχ,
2330 5144 2437 5216 15),
2462 5145 2557 5201 sed
2579 5154 2891 5216 peccatores
2908 5155 2964 5203 et
2982 5149 3180 5220 impios
3209 5150 3389 5205 salvos
3413 5151 3589 5208 facere
3607 5154 3655 5223 (ι
3681 5154 3815 5209 Tim.

2218 5254 2261 5308 ι,
2298 5238 2408 5309 15).

2294 5331 2471 5401 (Vcrs.
2507 5330 2618 5401 I7.)
2653 5332 2754 5398 Qui
2798 5334 2951 5387 mittit
2983 5336 3280 5406 crystallum
3310 5354 3457 5392 suum
3496 5339 3626 5391 sicut
3649 5338 3821 5406 frusta

2223 5424 2411 5495 panis;
2441 5433 2556 5477 ante
2588 5425 2773 5495 [aciem
2814 5426 3027 5498 frigoris
3050 5432 3162 5500 ejus
3190 5430 3303 5496 quis
3333 5431 3607 5484 subsistet?
3657 5430 3822 5484 Nives

2220 5515 2520 5586 antiquitus
2550 5510 2833 5575 obd‘urata:
2857 5518 3245 5579 convertuntur
3263 5526 3319 5580 in
3338 5525 3650 5595 crystallum
3671 5542 3688 5579 :
3712 5538 3822 5595 quo

2224 5716 2282 5773 in
2312 5715 2492 5793 Lugd:
2513 5722 2567 5793 e_l
2596 5716 2829 5793 Lova‘n.,_
2856 5722 2988 5778 inter
3020 5723 3283 5793 spiritum.

2301 5796 2327 5827 ε
2353 5786 2495 5844 Edil't
2522 5786 2691 5848 Duae.
2721 5804 2777 5849 et
2800 5791 3017 5862 Colum,
3044 5786 3517 5854 incommutabilem
