4006 6356
206 275 297 336 621
920 278 1340 342 PSALMORUM
1378 285 1425 342 Δ
1460 285 1502 342 C
1538 285 1632 342 AD
1669 286 1753 344 CL
1790 286 2176 348 EXPOSITIO.
2217 291 2416 353 PSAL.
2457 294 2735 356 CXLVIII.

3357 305 3466 365 429

204 371 584 464 ιῐιηίῧοεηιιῖἶ
617 391 831 464 lapidea
856 395 1017 451 corda
1047 396 1363 466 inﬁdelium,
1408 415 1530 474 quae
1553 403 1672 472 gelu
1700 403 1783 457 ni-
1814 409 1865 469 Α
1891 404 2138 464 obtinent
2163 408 2543 498 principatum,
2574 415 2769 471 merito
2802 414 2934 487 ipsis
2963 418 3220 507 primitus
3245 422 3464 497 dicitur,

202 481 315 541 inire
341 479 632 542 vetustatis
657 483 934 557 obstricta,
968 489 1171 546 nullum
1200 493 1435 549 calorem
1464 493 1639 550 sancti
1661 495 1784 566 Spi-

1891 506 1949 578 ut
1974 499 2040 553 de
2068 485 2384 557 excellentia
2416 495 2689 576 dignitatis
2729 523 2792 565 ac
2828 485 3248 580 pulchritudinis
3277 531 3389 574 suae

199 573 325 634 ritus
353 571 705 649 receperunt.
757 575 864 637 Sed
908 592 1016 636 tam
1050 593 1240 654 potens
1277 597 1357 639 est
1384 577 1550 655 gratia
1582 583 1696 651 Dei,
1727 589 1786 642 tit
1887 575 2114 649 Domino
2143 595 2459 678 glorientur.

199 667 297 724 lam
327 679 590 724 annosam
621 669 850 742 glaciem
877 665 1034 728 faciat
1057 669 1428 747 supernoigne
1451 671 1779 744 fervescere,

198 759 246 816 et
262 767 356 816 eos
379 762 472 831 qui
502 757 819 834 crystallino
841 761 1042 835 frigore
1065 761 1276 822 fuerant
1297 761 1568 838 obdurati,
1596 769 1779 827 alllatu

197 847 286 909 suo
312 851 475 908 faciat
494 853 872 911 concalescere
897 875 912 922 ;
942 853 996 912 ut
1019 851 1180 914 etiam
1212 853 1312 931 ipsi
1341 863 1431 931 qui
1461 857 1579 949 ﬂius
1602 859 1779 919 cibum

198 941 530 1013 nesciebant,
560 943 752 1016 panem‘
781 945 934 1005 verbi
980 947 1240 1022 incipiant
1275 941 1610 1030 minist'm‘e:
1642 960 1780 1012 sicut

196 1038 242 1093 in
264 1038 427 1094 beato
457 1038 623 1093 Paulo
654 1040 851 1096 factum
882 1052 963 1097 est
988 1037 1127 1113 (Act.
1155 1061 1235 1110 ts,
1263 1039 1314 1110 I,
1346 1049 1504 1118 etc.),
1536 1043 1624 1119 qui
1655 1064 1776 1104 cum

197 1129 331 1186 Esset
379 1129 717 1186 'credentiu'tu
755 1131 1090 1202 persecutor,
1140 1131 1316 1192 lactus
1358 1143 1444 1193 est
1495 1132 1777 1210 Evangelii

196 1217 536 1293 praedicator.
570 1219 700 1291 Quis
732 1237 910 1279 autem
947 1221 1142 1297 poterit
1172 1225 1492 1298 subsistere,
1521 1226 1678 1302 quem
1708 1231 1776 1286 ab

195 1299 290 1368 hac
314 1311 518 1382 frigore
541 1309 645 1368 non
677 1310 926 1370 liberavit
946 1315 1198 1372 Christus
1220 1315 1376 1393 (Luc.
1405 1336 1498 1390 stt,
1531 1299 1662 1394 l9)?
1686 1323 1776 1394 qui

195 1403 332 1459 venit
360 1406 541 1475 ignem
569 1407 783 1462 inltlere
809 1405 860 1461 in
892 1414 1116 1477 terram,
1152 1421 1205 1466 et
1234 1408 1302 1466 ad
1328 1413 1592 1470 fervorem
1624 1411 1770 1484 ﬁdei,

194 1495 324 1568 quod
347 1497 476 1565 gelu
510 1495 844 1554 inﬁdelitatis
871 1501 1244 1572 olitorpuerat,
1272 1507 1526 1562 excitare.

253 1587 421 1661 528
446 1585 628 1659 (Vers.
653 1585 768 1661 18.)
803 1591 1010 1647 Emitlet
1037 1591 1244 1649 verbum
1271 1614 1443 1662 suum,
1471 1607 1518 1652 et
1548 1599 1768 1670 liquefa-

192 1680 273 1735 ciet
294 1697 392 1745 ea;
414 1681 564 1750 ﬂabit
586 1680 795 1750 spiritus
817 1685 948 1756 ejus,
972 1697 1019 1738 et
1043 1685 1204 1755 [luent
1224 1697 1390 1758 aqua.
1413 1685 1587 1744 Verbo
1609 1707 1770 1746 evan-

1954 685 2134 755 (Vers.
2162 685 2305 760 ‘2-5.)
2337 688 2568 748 Laudate
2603 699 2739 761 eunt,
2768 703 2941 754 omnes
2972 703 3144 774 angeli
3183 701 3318 776 ejus,
3350 705 3466 764 lau-

1884 777 2003 836 date
2030 795 2164 846 eum,
2214 799 2388 838 omnes
2425 787 2634 850 virtutes
2675 793 2808 862 ejus.
2841 789 3079 850 Laudate
3121 813 3254 874 eum,
3295 801 3372 855 sol
3417 812 3466 860 et

1883 857 2030 952 luna,
2061 872 2269 929 laudate
2292 892 2428 940 eum,
2457 894 2628 934 omnes
2653 857 2812 936 stellae
2835 895 2882 939 et
2910 886 3102 943 lumen.
3134 871 3296 964 529
3325 881 3465 949 Lau-

1882 959 2004 1044 date
2023 979 2156 1031 eum,
2185 968 2297 1020 creti
2319 969 2559 1022 caelorum
2572 987 2590 1036 ;
2611 985 2661 1048 et
2680 975 2824 1043 aqua:
2842 977 2954 1046 qua
2977 997 3131 1051 super
3144 959 3300 1038 2313;
3321 999 3459 1054 sunt,

1880 1051 2093 1132 laudent
2127 1072 2310 1111 nomen
2343 1057 2574 1116 Domini.
2607 1061 2748 1118 Nihil
2787 1077 2870 1122 est
2903 1069 2954 1124 in
2985 1065 3320 1148 sublimitate
3346 1051 3460 1135 etn-

1880 1141 2003 1199 lesti
2031 1147 2174 1215 quod
2205 1164 2309 1204 non
2337 1150 2618 1219 pulchrum
2637 1163 2798 1231 atque
2824 1159 3126 1219 mirandum
3151 1166 3242 1230 sit,
3265 1141 3320 1223 ei
3338 1172 3461 1240 quia

1879 1238 2057 1294 omnia
2091 1241 2142 1294 in
2172 1239 2448 1298 Creatoris
2474 1246 2556 1300 sui
2590 1249 2880 1320 concinnat
2908 1252 3146 1322 laudem,
3171 1273 3276 1314 non
3306 1238 3459 1332 quasi

1878 1332 2216 1390 cessantibus
2245 1334 2313 1390 ab
2343 1337 2690 1410 inferioribus
2732 1341 2950 1413 dicitur,
2974 1356 3032 1404 ut
3067 1347 3120 1403 in
3152 1350 3454 1410 confessio-

1876 1439 1999 1479 nem
2026 1426 2221 1482 divina:
2247 1430 2425 1486 laudis
2448 1445 2762 1506 exsurgant,
2787 1440 2882 1493 sed
2909 1451 2964 1493 ut
2982 1441 3143 1500 homo
3169 1446 3460 1518 inspiratus

1875 1521 2127 1592 ostendat
2156 1523 2256 1578 sibi
2284 1526 2496 1595 placere
2527 1529 2669 1598 quod
2691 1531 2915 1600 iaciunt,
2940 1542 2995 1589 et
3019 1550 3087 1592 eo
3112 1551 3172 1593 se
3194 1555 3287 1610 per
3307 1557 3457 1614 spem

1874 1613 1997 1668 ﬁdei
2027 1615 2314 1686 delectari,
2340 1619 2407 1675 ad
2431 1621 2573 1691 quod
2599 1638 2694 1693 per
2716 1626 3122 1686 exhortationes
3148 1613 3461 1701 promissio-

1877 1721 2004 1760 num
2048 1707 2144 1763 Dei
2186 1710 2348 1764 etiam
2382 1711 2500 1780 ipse
2529 1715 2878 1783 provehatur.
2907 1714 3039 1776 Cum
3070 1733 3248 1780 autem
3273 1725 3460 1784 Domi-

191 1765 364 1841 gelicm
406 1769 808 1842 praedicationis
845 1773 1130 1832 obduralio
1177 1777 1469 1835 inﬁdelium
1517 1781 1764 1856 εοῐνῖῑυτ,
1797 1800 1844 1860 Β
1873 1811 1974 1852 nus
1993 1797 2149 1854 lesus
2176 1765 2424 1857 Christus
2469 1765 2707 1862 verbum
2737 1810 2809 1864 sit
2847 1809 2967 1878 Dei,
2994 1814 3049 1869 in
3088 1816 3236 1872 nullo
3283 1817 3461 1877 Patris

195 1869 243 1918 ut
281 1857 374 1920 ﬁat
410 1863 514 1920 hoc
535 1866 679 1936 quod
717 1863 844 1922 alibi
887 1868 1088 1924 dictum
1132 1879 1233 1940 est,
1288 1869 1446 1945 Rupit
1471 1885 1686 1945 petram,
1717 1879 1766 1931 el

193 1957 450 2027 [luxerunt
504 1973 652 2029 aquae
679 1954 796 2032 (Ps.
832 1975 940 2028 etv,
971 1957 1089 2032 40).
1125 1961 1309 2018 Flante
1331 1973 1507 2020 autem
1539 1965 1763 2038 Spiritu,

192 2045 326 2105 'calor
352 2047 634 2108 charitatis
664 2051 952 2121 emittitur,
1008 2064 1065 2109 ut
1117 2061 1314 2111 terram
1356 2058 1626 2114 sitientem
1671 2060 1767 2115 Ilu-

193 2142 325 2198 inina
361 2138 559 2214 rigent,
591 2149 645 2200 et
674 2145 726 2198 in
753 2144 919 2200 aridis
946 2147 1200 2202 eordibns
1242 2147 1334 2204 liat
1373 2151 1488 2220 fons
1517 2169 1661 2222 aqua!
1682 2171 1766 2208 sa-

191 2229 348 2290 lientis
378 2235 435 2289 in
462 2235 619 2290 vitam
647 2247 890 2292 a’ternam
919 2235 1098 2311 (Joau.
1126 2255 1197 2305 tv,
1225 2235 1336 2311 I4).

253 2328 436 2399 (Vcrs.
471 2329 584 2401 19.)
615 2328 941 2386 Anuuntians
971 2331 1178 2388 verbum
1200 2352 1352 2388 suum
1381 2335 1565 2401 Jacob,
1599 2337 1762 2408 justi-

189 2415 275 2474 lids
323 2420 586 2492 etjudt’cia
633 2439 726 2476 sua
770 2416 957 2479 Israel.
995 2421 1134 2480 Datis
1179 2427 1388 2482 scilicet
1431 2431 1760 2486 intellecwm

188 2512 386 2568 vocatis
411 2523 462 2568 et
482 2511 811 2582 justllicatis,
841 2517 960 2586 quia
986 2534 1171 2573 omnes
1195 2533 1260 2574 ex
1289 2521 1613 2592 quibuslibet
1635 2539 1764 2594 gen-

187 2601 323 2661 tibus
351 2607 534 2672 electi,
560 2605 726 2665 Jacob
751 2615 807 2664 et
835 2609 999 2666 ISta'cI
1027 2624 1434 2684 nttncupantur;
1469 2623 1522 2671 et
1551 2615 1764 2673 discunt

185 2699 362 2754 omnia
387 2697 483 2756 Dei
510 2701 652 2770 justa
683 2717 803 2759 esse
829 2701 1053 2774 judicia,
1088 2723 1185 2762 nec
1208 2707 1406 2780 aliquid
1436 2707 1502 2764 ab
1528 2727 1592 2766 eo
1623 2711 1757 2780 lieri,

187 2789 331 2846 unde
351 2793 519 2862 possit
548 2791 845 2864 ignorantia
885 2797 1116 2853 humana
1154 2802 1400 2856 eausat-i:
1437 2805 1562 2873 quia
1592 2805 1762 2860 abun-

188 2879 382 2936 darent
401 2885 554 2937 etiam
576 2886 714 2940 circa
736 2885 950 2954 justos'|
973 2902 1150 2942 causa:
1175 2889 1458 2962 ultionum,
1484 2894 1584 2949 nisi
1601 2895 1762 2966 justi-

183 2971 307 3028 tiam
339 2983 488 3030 suam
515 2975 884 3033 misericordia
912 2985 1257 3049 temperaret.

247 3063 427 3138 (Vers.
450 3067 566 3140 ‘20.)
600 3065 654 3123 N
657 3079 720 3124 an
744 3069 867 3143 fecit
895 3071 1066 3126 taliter
1087 3075 1224 3128 omni
1244 3073 1462 3144 nationi,
1489 3085 1538 3132 et
1557 3079 1759 3148 judicia

184 3167 269 3210 sua
294 3171 399 3213 non
436 3157 776 3228 manifestavlt
804 3163 894 3216 eis.
928 3158 1286 3220 Altitudinem
1328 3167 1629 3225 divitiarum
1675 3186 1758 3226 sa-

184 3247 387 3272 Id--.al_.
438 3265 541 3272 ---μ
591 3252 740 3272 llud“
798 3263 844 3272 ,κ
914 3255 1004 3272 ..ι
1121 3258 1176 3272 ..ο
1332 3262 1360 3272 ν.
1402 3259 1439 3272 ο.
1663 3266 1676 3272 -
1722 3268 1731 3272 _

1870 3157 1940 3173 -ν-γ
1980 3157 1993 3160 -
2035 3157 2072 3160 -ί
2106 3157 2179 3176 -ιν
2212 3157 2357 3164 -ν-νν
2387 3157 2509 3180 --υν
2546 3157 2805 3181 'r"""""

1870 3197 2384 3272 cmlestiumjungit,
2414 3212 2466 3256 et
2513 3205 2568 3258 iu
2621 3205 2812 3262 consid

181 3247 391 3321 pientice
434 3265 546 3306 sua:
589 3252 764 3325 (llam.
796 3263 870 3323 tu,
913 3255 1004 3326 55)
1043 3258 1178 3313 nulli
1217 3262 1362 3328 genti
1402 3259 1543 3317 Deus
1592 3266 1757 3321 voluit

179 3345 690 3416 use.per5picttam,
722 3362 896 3418 neque
923 3349 1171 3421 cuiquam
1206 3354 1404 3408 nationi
1432 3355 1754 3424 judiciorum

180 3443 385 3491 secreta
420 3447 660 3508 patuere.
705 3437 812 3495 Sed
857 3456 922 3497 ex
960 3443 1210 3499 omnibus
1238 3447 1484 3516 gentibus
1528 3467 1628 3504 una
1674 3461 1759 3507 est

177 3537 323 3596 gens,
357 3541 502 3584 unus
533 3535 617 3585 est
643 3531 889 3602 populus,
924 3536 1015 3604 qui
1049 3549 1106 3590 se
1137 3534 1204 3591 ab
1229 3547 1424 3594 (eterna
1457 3541 1756 3611 perditione

175 3627 275 3676 non
305 3623 423 3677 suis
451 3623 676 3689 meritis,
709 3624 802 3680 sed
825 3623 921 3681 Dei
950 3628 1120 3696 gratia
1154 3629 1400 3700 intelligit
1432 3629 1670 3701 liberari,
1702 3645 1756 3692 et

171 3719 611 3786 unumquemque
630 3715 864 3772 IIdelium
893 3717 1196 3776 ministrum
1218 3723 1606 3781 misericordia:
1635 3725 1749 3795 Dei,

173 3814 227 3860 ut
253 3809 399 3878 quod
433 3808 485 3862 in
518 3810 647 3878 ipsis
686 3809 880 3865 factum
912 3819 1016 3881 est,
1048 3816 1207 3870 etiam
1241 3816 1294 3872 in
1325 3818 1441 3876 aliis
1476 3817 1590 3890 liat,
1615 3830 1669 3878 et
1699 3823 1750 3878 in

167 3899 430 3956 unitatem
459 3897 697 3956 conﬂuat
718 3904 966 3958 tmiversa
999 3905 1286 3974 dispersio.

643 3991 960 4054 PSALMUS
997 3995 1278 4057 CXLVIII.

226 4077 418 4158 (Vers.
455 4086 534 4159 I.)
567 4083 794 4144 Laudate
817 4089 1092 4146 Dominum
1121 4095 1184 4148 de
1213 4096 1374 4165 cortis,
1409 4098 1616 4156 laudate
1636 4116 1751 4158 eum

161 4171 212 4230 in
239 4179 481 4234 excelsis.
540 4177 775 4251 Populus
826 4179 942 4250 Dei,
976 4186 1131 4255 cujus
1185 4195 1524 4247 conversatio
1573 4204 1656 4250 cst
1698 4195 1750 4251 in

161 4271 308 4329 uelis
344 4271 574 4345 (Philip.
607 4289 681 4339 tu,
716 4273 829 4347 20),
860 4287 915 4333 et
956 4279 1108 4349 cujus
1138 4297 1261 4350 spes
1300 4283 1352 4339 in
1389 4287 1612 4344 Domino
1642 4289 1752 4347 Deo

159 4359 323 4430 Ipsius
347 4361 528 4436 (Psal.
553 4379 708 4434 CXLV,
735 4365 812 4440 5),
843 4366 907 4424 ad
937 4381 1227 4440 supernam
1256 4372 1552 4434 Jerusalem
1581 4383 1750 4450 perti-

157 4463 311 4528 nens,
363 4465 421 4515 et
457 4457 528 4515 de
566 4467 765 4517 aeterna
798 4477 1106 4521 sanetorum
1139 4473 1453 4536 angelorum
1495 4475 1751 4532 societate

1869 1881 2028 1947 laude
2068 1893 2413 1964 discernitur,
2460 1899 2673 1956 dicente
2720 1905 2928 1972 psalmo
2973 1925 2987 1960 :
3042 1908 3300 1974 Quoniam
3351 1915 3461 1984 ipse

1867 1983 2023 2048 dixit,
2056 1994 2104 2040 et
2139 1991 2277 2057 facta
2311 2000 2468 2057 sunt;
2525 1993 2633 2063 ipse
2673 1996 2956 2064 mandavit,
3011 2009 3059 2054 et
3105 2013 3273 2056 creata
3317 1983 3456 2060 sunt.

1869 2077 2020 2143 Quod
2053 2079 2198 2135 enim
2234 2082 2376 2138 Deus
2410 2084 2561 2153 dicit,
2596 2086 2774 2144 Verbo
2799 2089 2964 2146 dicit:
2995 2102 3051 2148 et
3087 2093 3321 2153 Verbum
3361 2112 3458 2168 per

1868 2172 2008 2241 quod
2040 2171 2177 2228 facta
2203 2179 2525 2233 suntomnia
2555 2179 2735 2251 (Joau.
2760 2199 2800 2248 ι,
2831 2185 2908 2255 5),
2935 2187 3244 2245 mandatum
3274 2192 3458 2249 dicen-

1873 2265 1939 2320 tis
1962 2269 2292 2336 exsequitur.

1940 2357 2119 2428 (Vers.
2150 2361 2231 2430 6.)
2260 2364 2454 2419 Statuit
2477 2382 2538 2421 ea
2566 2368 2907 2439 Maternum,
2936 2383 2986 2428 et
3011 2376 3068 2428 in
3087 2379 3333 2434 suculam
3361 2399 3456 2438 ste-

1866 2454 2003 2521 culi;
2033 2467 2345 2528 pra'ceptum
2381 2463 2570 2531 posuit,
2594 2474 2642 2517 et
2673 2482 2772 2520 non
2800 2471 3098 2535 prateribit.
3128 2474 3313 2530 Omnia
3333 2493 3452 2548 quat

1865 2547 1932 2602 ad
1964 2551 2242 2606 caelestem
2275 2552 2668 2612 beatitudinem
2701 2571 2828 2616 sunt
2855 2573 3056 2631 creata,
3110 2567 3249 2624 hanc
3282 2547 3455 2639 pleni-

1868 2643 2107 2702 tudinem
2139 2646 2220 2699 sui
2252 2645 2414 2701 ollicii
2447 2662 2826 2724 susceperunt,
2858 2664 2914 2709 ut
2945 2657 2997 2712 in
3031 2658 3126 2714 Dei
3148 2661 3455 2722 laudatione

1865 2746 2254 2806 permaneant:
2290 2739 2374 2794 cui
2401 2742 2552 2810 operi
2583 2743 2750 2799 etiam
2779 2757 2970 2802 natura
3006 2751 3238 2808 humans
3277 2760 3454 2813 socia-

1866 2837 1977 2894 tur,
2006 2841 2228 2899 propter
2258 2832 2402 2902 quod
2437 2837 2730 2903 Apostolus
2757 2838 2911 2906 dicit,
2947 2841 3075 2908 Qua:
3095 2861 3304 2902 sursum
3333 2860 3454 2905 sum

1861 2922 2050 2991 sapite,
2074 2939 2175 2977 non
2199 2939 2312 2993 quae
2337 2941 2491 2995 super
2519 2939 2731 2983 terram.
2757 2930 2886 2997 Quae
2911 2949 3116 2992 sursum
3155 2947 3279 2993 sunt
3315 2957 3454 3011 aute-

1861 3013 1977 3079 rite,
2011 3014 2096 3068 ubi
2124 3013 2357 3070 Christus
2387 3028 2458 3071 est
2514 3019 2568 3073 in
2618 3021 2833 3076 dextera
2881 3024 2975 3079 Dei
3006 3029 3186 3083 sedens
3227 3029 3452 3102 (Colon.

1862 3120 1940 3173 tu,
1978 3108 1994 3160 I
2031 3115 2080 3160 et
2103 3105 2181 3176 2).
2212 3107 2359 3164 Bene
2383 3123 2513 3180 ergo
2546 3111 2805 3181 spiritalis
2843 3117 3071 3187 quisque
3094 3119 3367 3180 devmioni
3395 3138 3453 3181 se

2815 3210 3064 3266 eratione
3101 3214 3268 3269 totius
3294 3231 3451 3272 crea-

1859 3298 1994 3345 turae
2021 3289 2204 3346 laudat
2229 3293 2510 3356 artiticem,
2537 3303 2595 3350 ut
2624 3311 2720 3367 pro
2753 3299 2974 3356 modulo
3015 3316 3114 3358 suo
3135 3304 3249 3374 jam
3290 3307 3451 3364 iaciat

1857 3383 2003 3453 quod
2033 3383 2151 3438 sine
2185 3385 2292 3460 ﬁne
2324 3385 2529 3442 factura
2560 3398 2662 3446 cst.

1931 3478 2110 3548 (γει-δ.
2139 3479 2192 3544 7,
2227 3479 2307 3551 8.)
2339 3479 2576 3536 Laudate
2597 3481 2872 3540 Dominum
2907 3488 2972 3542 de
3000 3498 3156 3554 terra,
3181 3491 3447 3560 dracones,

1857 3575 1905 3622 et
1930 3584 2103 3623 omnes
2143 3570 2335 3639 abyssi.
2370 3569 2539 3641 Ignis,
2569 3575 2791 3644 grando,
2826 3578 2935 3644 nix,
2977 3581 3194 3648 glacies,
3237 3585 3448 3652 spiritus

1860 3662 2118 3731 procellis,
2147 3665 2235 3732 qui
2265 3664 2464 3734 faciunt
2489 3666 2696 3720 verbum
2715 3672 2847 3740 ejus.
2876 3671 3060 3727 Terra:
3099 3674 3323 3732 nomine
3351 3692 3449 3748 ap-

1857 3747 2128 3822 pellantur
2158 3770 2276 3822 qua:
2309 3755 2482 3809 vicina
2531 3765 2656 3812 sunt
2705 3767 2904 3827 terras,
2934 3772 2990 3817 et
3035 3763 3296 3834 quidquid
3345 3768 3446 3824 hoc

1853 3846 2046 3900 nubilo
2069 3863 2195 3902 aere
2222 3858 2312 3902 aut
2345 3846 2626 3905 humidttm
2649 3851 2700 3905 in
2726 3868 2874 3923 rore,
2907 3855 2995 3910 vel
3017 3855 3236 3926 pluviis,
3269 3868 3362 3914 aut
3388 3861 3444 3918 in

1863 3938 2003 4006 nive,
2040 3949 2091 3994 et
2122 3939 2388 4009 grandine
2440 3941 2686 4011 glaciale,
2720 3953 2814 4000 aut
2864 3947 2914 4001 in
2965 3949 3221 4017 procellis
3269 3953 3442 4009 turbi-

1855 4030 2006 4095 dum,
2037 4031 2118 4086 vel
2155 4032 2206 4086 in
2231 4035 2698 4092 coruscationibus
2727 4047 2954 4109 apparet
3002 4039 3252 4108 ignitum,
3285 4053 3444 4100 terra:

1855 4132 1909 4178 et
1952 4123 2138 4194 abyssi
2166 4125 2531 4193 appellatione
2563 4131 2968 4202 perstringitur.
3009 4133 3252 4200 Quorum
3307 4137 3442 4193 nihil

1855 4215 2096 4271 fortuitis
2125 4219 2363 4274 motibus
2385 4221 2650 4292 sttbjacet,
2684 4233 2738 4280 et
2774 4225 2986 4296 singula
3012 4225 3040 4265 δ
3071 4245 3299 4298 qumque
3329 4232 3444 4303 ejus

1855 4309 2064 4380 legibus
2086 4313 2348 4379 serviunt,
2387 4315 2478 4384 qui
2510 4325 2568 4370 ut
2598 4317 2736 4384 vult,
2761 4319 2828 4373 de
2872 4313 3129 4378 omnibus
3168 4334 3330 4393 atque
3387 4327 3442 4382 in

1857 4404 2129 4470 omnibus,
2176 4406 2479 4462 secundum
2527 4425 2723 4465 causas
2768 4414 3266 4474 occulttn'rationis
3315 4434 3443 4491 ope-

1855 4507 2027 4552 ratur.

157 4543 260 4622 jam
295 4553 568 4623 gaudens,
603 4557 835 4612 exsultat
880 4557 931 4612 in
961 4557 1162 4630 Spiritu
1192 4559 1309 4631 Dei,
1355 4577 1408 4620 et
1451 4569 1751 4643 universam

157 4654 466 4675 ρρΔθΙη-ιιιηη
516 4647 569 4675 ἔοι
611 4647 818 4675 1-...ΙΑ...
861 4655 1100 4675 ---Δηλξι
1133 4653 1312 4675 Ιτᾼγ-.,
1362 4658 1372 4669 ο
1702 4665 1713 4675 ο

1886 4543 2111 4656 Γᾶέιέ.
2140 4589 2193 4660 9,
2231 4582 2344 4662 ID.)
2378 4591 2576 4648 Montes
2603 4605 2649 4648 et
2680 4612 2851 4651 omnes
2873 4598 3050 4668 colles,
3083 4602 3225 4674 ligna
3257 4604 3442 4675 fructi-

154 4654 466 4700 creaturam
516 4647 570 4700 in
611 4647 821 4704 laudem
860 4655 1106 4707 accendit
1131 4653 1443 4712 Creatoris:
1483 4677 1586 4715 non
1625 4665 1747 4734 quia

153 4739 334 4792 omnia
369 4737 762 4795 irrationabilla
796 4751 848 4798 et
879 4761 1040 4800 sensu
1065 4748 1301 4802 carentia
1334 4763 1558 4819 possunt
1579 4754 1746 4811 Deum

146 4827 379 4899 Iit-dprla
421 4827 764 4890 Confessione
805 4833 1047 4904 laudare,
1093 4839 1188 4894 sed
1219 4840 1341 4912 quia
1389 4844 1520 4900 nihil
1565 4858 1647 4903 est
1694 4850 1745 4905 in

149 4919 513 4978 universitate
539 4939 740 4992 rerum,
774 4942 800 4979 a
831 4930 1056 4984 Summis
1091 4947 1258 5002 usque
1279 4933 1345 4988 ad
1377 4935 1578 5005 intima,
1603 4941 1744 5011 quod

141 5015 253 5064 non
287 5024 394 5065 sua
422 5013 730 5083 aequalitate
759 5029 962 5073 natura:
991 5021 1286 5088 potentiam
1312 5027 1393 5080 sui
1417 5039 1745 5097 protestetur

145 5104 419 5158 auctoris.
449 5103 687 5162 Duarum
719 5111 934 5180 proprie
973 5124 1344 5174 creaturarum
1387 5130 1470 5174 est
1508 5131 1614 5176 tota
1645 5123 1741 5178 ista

142 5190 419 5262 laudatio,
459 5199 722 5269 angelica:
769 5203 978 5260 scilicet
1033 5215 1087 5261 et
1131 5207 1402 5277 bumanze,
1442 5226 1564 5284 qua:
1605 5213 1744 5272 hunc

143 5283 405 5342 allectum
437 5303 504 5344 es
537 5291 700 5345 totius
729 5295 910 5351 mundi
940 5297 1377 5359 consideratione
1406 5283 1739 5377 concipiunt,

141 5387 201 5435 ut
227 5394 366 5436 cum
395 5381 763 5442 laudatoribus
802 5388 899 5445 Dei
932 5392 1044 5462 ipsa
1091 5395 1265 5452 laudis
1309 5403 1534 5457 materia
1575 5405 1739 5460 Deum

138 5467 383 5530 laudare
417 5475 651 5534 dicatur.
693 5481 828 5547 Quia
873 5497 1006 5556 ergo
1035 5486 1091 5543 in
1131 5489 1234 5546 hoc
1270 5491 1450 5549 omcio
1501 5497 1738 5557 coelestia

201 5708 238 5740 ⁸
265 5701 352 5778 Ita
384 5701 561 5778 Lugd.
585 5714 638 5761 et
670 5703 895 5778 limam;

537 5744 561 5778 γ.
585 5714 638 5761 et
670 5713 895 5787 Eovanq
942 5713 1134 5772 melius
1163 5726 1349 5787 quam,
1380 5723 1553 5775 causae
1590 5721 1742 5778 uitie-

128 5785 278 5846 Μ,
307 5775 374 5831 in
405 5776 576 5832 υυπ.
597 5788 649 5832 et
674 5776 866 5835 Colon.

1853 4682 1984 4751 fera,
2017 4691 2062 4734 et
2086 4698 2258 4736 omnes
2281 4685 2438 4738 cedri.
2471 4684 2680 4755 Restim,
2723 4699 2770 4743 et
2791 4694 2967 4748 omnia
2991 4712 3197 4765 pecora,
3230 4717 3441 4770 serpen-

1855 4782 1926 4825 tes
1951 4783 1997 4826 et
2024 4775 2251 4828 volucres
2280 4788 2528 4844 pennata.
2576 4779 2716 4835 Nihil
2762 4781 2956 4840 horum
3005 4803 3110 4842 nou
3143 4789 3197 4843 in
3246 4806 3438 4861 magna

1852 4862 2116 4933 sapientia
2151 4868 2344 4920 factum
2377 4879 2462 4923 est
2491 4870 2610 4938 (Ps.
2644 4888 2757 4940 cui,
2797 4877 2929 4947 26);
2957 4886 3012 4933 ot
3040 4879 3159 4935 ideo
3189 4883 3436 4950 qumdam

1851 4953 2314 5025 perstringuntur,
2347 4969 2405 5014 ut
2435 4961 2810 5023 universitatis
2844 4967 3070 5025 Greater
3108 4971 3158 5025 iu
3181 4973 3435 5029 omnibus

1852 5047 2192 5116 prmdieetur.

1923 5138 2104 5208 (Vers.
2137 5143 2224 5208 Η,
2257 5143 2365 5215 l2.)
2401 5144 2561 5217 Reges
2583 5156 2750 5218 terres,
2776 5161 2823 5206 et
2855 5169 3027 5206 omnes
3053 5156 3261 5225 populi;
3285 5158 3433 5226 prin-

1849 5229 2006 5300 cipes,
2038 5241 2085 5286 et
2113 5245 2283 5288 omnes
2304 5236 2506 5306 judices
2536 5247 2706 5297 terra”.
2744 5239 2961 5298 Iuvenes
2988 5254 3035 5298 et
3064 5245 3306 5315 virgines,
3353 5265 3433 5303 se-

1847 5323 2019 5378 niores
2048 5342 2165 5379 cum
2183 5329 2477 5395 junioribus
2500 5331 2714 5388 tundent
2741 5350 2924 5389 nmen
2955 5334 3184 5392 Domini.
3208 5339 3262 5393 In
3295 5342 3432 5397 mul~

1845 5413 2080 5473 titudiue
2111 5418 2389 5490 hominum
2423 5424 2708 5497 diuersitas
2743 5437 2822 5481 est
2849 5427 3139 5498 graduum,
3174 5431 3431 5488 ώσω-ρη-

1845 5505 1920 5562 tia
1943 5519 2174 5568 sexuum
2206 5524 2259 5570 et
2285 5515 2671 5576 dissimilitudo
2707 5522 3060 5592 meritorum;
3094 5526 3190 5584 sed
3239 5529 3292 5583 in
3337 5525 3430 5586 Dei

1915 5726 1947 5771 ⁵
1977 5727 2162 5794 Editio
2180 5737 2540 5810 Coloniensis,
2569 5744 2789 5818 quippe;
2817 5742 2962 5822 aliae,
2979 5770 3213 5829 queque.
