4006 6356
588 307 698 370 ιεδ

1822 307 1881 366 8.
1921 305 2264 365 PROSPERI
2302 304 2634 375 AQUITANI

3747 310 3834 375 ιιι

588 426 847 487 laudibus
868 423 1014 480 omni
1038 423 1216 479 ordini
1243 430 1406 494 atque
1446 421 1595 478 atati
1648 436 1753 477 una
1799 421 2027 477 materia
2070 428 2177 478 est.
2204 425 2260 486 Α
2354 420 2723 493 531(Vcrs.
2770 418 2853 492 ι.)
2904 419 3040 490 Quia
3068 421 3441 494 beneplacitum
3467 432 3540 479 est
3565 421 3769 483 Domino
3789 428 3837 485 in

589 519 725 575 Tota
745 517 891 572 enim
934 515 1095 587 530
1148 516 1202 571 in
1248 513 1474 570 Christo
1504 513 1746 569 Ecclesia
1787 529 1950 568 unum
1980 527 2179 582 corpus

590 620 693 677 est,
720 618 775 665 et
798 608 942 679 quod
974 620 1122 664 reete
1142 608 1254 679 agit
1277 607 1537 679 quaelibet
1559 606 1757 678 portio,
1783 615 1892 662 tota
1917 605 2021 662 sibi
2040 606 2181 662 bene

593 702 822 757 vindicat
855 701 1155 771 plenitudo.

662 793 845 865 (Vera.
870 794 959 858 £3,
994 791 1083 847 Η.
1111 791 1129 861 )
1157 791 1415 860 Quoniam
1458 792 1741 847 exaltatum
1766 798 1842 846 est
1863 806 2046 845 nomen
2067 792 2180 862 ejus

589 884 773 940 solius.
807 882 1073 954 Confessio
1096 886 1219 956 ejus
1248 899 1401 955 super
1428 882 1610 938 calum
1642 890 1690 936 et
1717 891 1933 945 terram,
1961 889 2007 934 et
2039 881 2182 934 exal-

592 977 715 1031 tavit
741 992 898 1031 cornu
920 975 1103 1048 populi
1128 976 1229 1029 sui.
1252 974 1429 1046 Super
1443 975 1623 1031 omnia
1649 974 1792 1029 enim
1818 983 1843 1010 ι
1864 983 1918 1029 ει
1938 974 2182 1029 omnium

589 1067 856 1136 conditor,
888 1076 942 1122 et
962 1066 1125 1120 unius
1152 1066 1396 1120 auctoris
1430 1066 1552 1120 laus
1581 1074 1665 1120 est
1689 1063 1947 1135 quidquid
1980 1063 2033 1117 in
2065 1063 2184 1117 uni-

588 1159 846 1213 versitate
888 1156 1165 1212 laudabile
1195 1166 1321 1223 est;
1368 1156 1515 1226 quod
1564 1156 1679 1224 ipsa
1711 1170 1891 1210 rerum
1943 1153 2183 1225 pulchri-

591 1247 723 1305 tudo
749 1246 1075 1303 multiformi
1105 1247 1401 1302 confitetur
1430 1257 1646 1303 ornatu.
1677 1246 1760 1301 Ab
1788 1249 1906 1316 ipso
1942 1260 2072 1316 ergo
2100 1254 2183 1299 est

591 1339 768 1395 honor
796 1348 1113 1395 sanctorum
1147 1339 1288 1409 ejus,
1321 1348 1377 1394 et
1405 1340 1551 1410 ipsos
1578 1339 1781 1394 exaltat
1809 1353 1976 1393 cornu
2000 1337 2183 1408 populi

594 1434 706 1501 sui,
739 1433 997 1504 quoniam
1029 1433 1119 1503 qui
1164 1447 1355 1503 magna
1382 1434 1606 1489 contulit
1641 1448 1737 1503 per
1766 1443 2040 1499 naturam,
2066 1432 2185 1501 ipse

594 1524 691 1579 dat
739 1524 945 1594 majora
978 1539 1075 1594 per
1102 1524 1358 1595 gratiam.
1415 1523 1654 1595 Hymnus
1708 1523 1945 1579 omnibus
1992 1526 2185 1578 sanctis

592 1616 726 1685 ejus,
758 1616 881 1685 ﬁliis
905 1614 1091 1682 Israel,
1118 1615 1307 1687 papula
1330 1615 1770 1687 appropinquanti
1791 1614 1909 1669 sibi.
1941 1614 2185 1685 Hymnus

593 1718 681 1763 est
725 1708 995 1763 canticum
1050 1723 1156 1777 quo
1208 1702 1458 1761 laudatur
1486 1706 1648 1773 Deus,
1702 1716 1757 1761 et
1807 1722 1917 1776 quo
1966 1716 2185 1760 utuntur

2283 514 2476 583 populo
2488 529 2601 582 suo,
2620 522 2671 568 et
2691 512 2936 568 exaltabit
2953 525 3245 570 mansuetos
3273 517 3326 571 in
3347 518 3584 572 salutem.
3602 518 3729 587 Quid
3742 531 3833 578 tam

2282 606 2598 678 benignum,
2642 623 2803 679 quam
2846 620 2931 664 est
2962 608 3228 667 Dominus
3256 612 3309 665 in
3341 613 3539 682 populo
3561 629 3676 679 suo,
3698 630 3834 685 quem

2282 699 2535 771 dignatur
2560 709 2883 758 convertere
2909 717 3189 771 aversum,
3239 705 3514 776 suscipere
3536 718 3833 779 correctum,

2277 792 2470 863 juvare
2495 804 2845 863 pugnantem,
2892 804 2946 850 et
2997 810 3261 852 coronare
3305 798 3651 853 vincentem?
3703 800 3839 855 Dabit

2282 884 2428 940 enim
2480 886 2893 941 exsultationem
2950 886 3277 955 humilibus,
3319 897 3375 944 et
3418 888 3545 945 inde
3589 889 3837 962 eriguntur

2284 979 2569 1045 mansueti,
2601 977 2742 1033 unde
2773 988 3095 1048 premuntur
3120 980 3268 1037 elati.

2357 1069 2541 1140 (Vers.
2571 1070 2652 1143 5.)
2681 1070 3032 1127 Exsultabunt
3058 1076 3221 1129 sancti
3238 1074 3291 1129 in
3320 1077 3491 1146 gloria
3510 1117 3526 1142 ,
3559 1076 3840 1132 [relabuntur

2284 1162 2339 1216 in
2360 1162 2611 1218 cubilibus
2636 1166 2763 1220 suis.
2786 1164 3089 1221 Exsultatio
3108 1174 3420 1222 sanctorum
3436 1182 3543 1222 non
3575 1168 3624 1222 in
3646 1166 3838 1238 divitiis,

2287 1272 2394 1312 non
2424 1257 2477 1311 in
2509 1258 2828 1325 honoribus,
2860 1274 3035 1331 neque
3066 1259 3118 1315 in
3142 1260 3253 1315 ulla
3277 1269 3361 1316 est
3383 1261 3728 1331 prosperitate
3752 1270 3840 1317 ter-

2287 1366 2445 1406 rena:
2480 1350 2574 1406 sed
2626 1352 2683 1404 in
2713 1350 2961 1406 cubilibus
3004 1352 3131 1420 suis,
3176 1353 3229 1407 id
3284 1360 3388 1420 est,
3431 1353 3483 1408 in
3539 1354 3839 1409 conscientia

2288 1442 2452 1509 bona,
2493 1459 2654 1513 quam
2684 1452 2860 1499 tamen
2894 1459 3001 1500 non
3052 1445 3179 1511 sibi,
3211 1446 3307 1501 sed
3352 1445 3539 1517 gratia:
3569 1445 3662 1500 Dei
3702 1448 3841 1501 ascri-

2288 1538 2459 1605 bunt;
2494 1554 2561 1594 ne
2608 1539 2714 1594 sint
2752 1540 2821 1595 de
2871 1538 3180 1595 hominibus
3206 1528 3323 1595 sibi
3379 1540 3730 1609 placentibus,
3765 1540 3842 1597 sed

2289 1634 2399 1687 sint
2428 1632 2496 1687 de
2522 1633 2607 1686 his
2636 1634 2725 1703 qui
2758 1633 2812 1687 in
2845 1632 3068 1687 Christo
3096 1632 3415 1703 gloriantur.

2368 1723 2549 1794 (Vers.
2581 1722 2661 1795 6.)
2683 1736 2702 1763 ε
2738 1723 3094 1779 Exultationes
3125 1723 3219 1778 Dei
3257 1726 3311 1778 in
3340 1724 3579 1795 faucibus
3606 1741 3783 1790 eorum,
3809 1734 3845 1779 et

594 1816 784 1859 θηὶηθε
806 1801 979 1857 sane“
1011 1800 1128 1869 eius
1157 1814 1459 1870 omnesque
1490 1799 1587 1854 θιίί
1618 1799 1807 1866 brae].
1843 1815 1951 1853 ηοη
1992 1799 2067 1853 im
2095 1798 2187 1868 qui
2217 1814 2267 1876 B
2291 1818 2452 1887 gladii
2477 1818 2725 1886 ancipites
2772 1818 2825 1871 in
2864 1817 3097 1870 manibus
3140 1832 3338 1871 eorum.
3390 1815 3611 1872 Gratias
3658 1824 3845 1887 agentes

595 1895 795 1950 frustra
823 1894 1029 1950 carnali
1056 1894 1263 1949 semine
1288 1893 1630 1963 gloriantur:
1660 1893 1756 1948 sed
1787 1894 1878 1963 qui
1909 1908 2004 1963 per
2036 1892 2185 1947 illam

593 2001 698 2057 qua
730 1986 1004 2042 Abraham
1024 1987 1225 2057 placuit
1254 1984 1415 2039 fidem
1442 1986 1575 2055 nati,
1601 1987 1713 2041 veri
1742 1995 1868 2041 sunt
1902 1984 1993 2039 lilii
2023 1984 2189 2040 Israel

594 2078 778 2151 (Rom.
808 2097 893 2149 tx,
927 2082 959 2134 7
984 2091 1028 2135 et
1051 2081 1130 2149 8),
1163 2082 1664 2149 appropinquantes
1715 2080 1829 2135 Deo
1878 2094 1975 2150 per
2014 2081 2187 2150 ipsum

593 2172 685 2243 qui
714 2182 799 2229 est
826 2174 933 2240 via,
962 2174 1149 2227 veritas
1178 2184 1228 2226 et
1258 2174 1360 2226 vita
1391 2171 1569 2243 (Joan.
1600 2188 1711 2243 xlv,
1755 2176 1830 2243 6).

1096 2262 1221 2319 PSA
1233 2262 1418 2319 LMUS
1445 2262 1683 2319 CXLIX.

669 2356 849 2428 (Vers.
878 2357 958 2427 l.)
990 2355 1207 2411 Cantate
1229 2354 1451 2412 Domino
1480 2360 1735 2413 canticum
1762 2374 1985 2426 novum;
2009 2358 2192 2413 lauda-

600 2450 672 2504 tio
698 2450 811 2518 eius
834 2450 888 2503 in
942 2448 1177 2505 Ecclesia
1218 2459 1534 2505 sanctorum.
1571 2450 1717 2507 Bene
1756 2451 2036 2507 laudantes
2086 2452 2193 2507 Do-

600 2545 807 2599 minum
832 2544 1103 2599 canticum
1129 2560 1347 2613 novum,
1382 2553 1629 2611 cantant,
1672 2561 1781 2601 non
1828 2546 1883 2601 in
1927 2556 2193 2601 vetustate

598 2636 802 2704 carnis,
830 2637 928 2694 sed
960 2638 1011 2692 in
1044 2638 1266 2708 spiritus
1298 2638 1541 2693 novitate
1562 2640 1839 2695 viventes:
1872 2647 1933 2695 ut
1957 2641 2075 2695 laus
2098 2640 2191 2695 Dei

600 2731 655 2787 in
677 2742 994 2788 sanctorum
1027 2732 1273 2788 Ecclesia
1296 2733 1633 2799 celebretur,
1665 2748 1785 2802 qua:
1813 2733 1915 2789 sibi
1944 2749 2014 2788 ex
2060 2733 2189 2797 fide,

602 2838 658 2885 et
684 2828 949 2894 moribus,
980 2838 1035 2882 et
1078 2828 1340 2883 charitate
1385 2827 1722 2883 concordat:
1772 2844 1898 2883 nam
1945 2828 2063 2884 sine
2092 2828 2192 2884 hac

600 2922 868 2993 parilitate
896 2920 1041 2975 nulla
1074 2929 1162 2976 est
1188 2920 1499 2977 canentium
1531 2922 1793 2989 suavitas,
1822 2937 1925 2977 nec
1955 2933 2040 2977 est
2079 2937 2194 2977 mo-

599 3018 804 3073 dulatio
829 3018 1146 3081 concinens,
1172 3016 1259 3070 ubi
1287 3026 1371 3070 est
1401 3015 1534 3071 fides
1558 3030 1622 3070 ac
1650 3017 1759 3070 vita
1789 3016 2138 3071 dissentiens.

675 3110 955 3183 (Vel-3.2.)
1009 3108 1229 3164 Laetetur
1279 3106 1447 3164 Israel
1470 3110 1524 3163 in
1568 3125 1627 3164 eo
1656 3110 1746 3180 qui
1780 3110 1899 3179 fecit
1921 3110 2111 3181 ipsum.
2142 3119 2188 3164 et

2294 1907 2406 1964 Deo
2436 1908 2505 1964 de
2525 1908 2783 1963 omnibus
2811 1906 3145 1978 profectibus
3175 1908 3308 1976 suis,
3336 1906 3513 1976 ipsum
3545 1907 3784 1968 exaltant.
3806 1916 3847 1963 et

2293 2000 2361 2055 ad
2394 2000 2567 2069 ipsum
2599 2000 2841 2055 referunt
2865 1998 3009 2069 quod
3040 1999 3088 2054 ei
3119 1999 3337 2069 placere
3366 2007 3654 2065 noverunt,
3678 1997 3847 2052 haben-

2297 2102 2376 2148 tes
2408 2093 2459 2147 in
2512 2092 2763 2147 manibus
2818 2106 3101 2147 sermones
3151 2091 3267 2156 Dei,
3316 2089 3408 2160 qui
3436 2101 3519 2144 eSt
3549 2089 3749 2159 gladius
3784 2088 3847 2142 bis

2292 2196 2484 2241 acutus
2515 2185 2697 2256 (Apoc.
2732 2200 2769 2249 ι,
2802 2182 2917 2255 16),
2946 2182 3136 2239 efficax
3176 2192 3233 2238 et
3265 2182 3510 2238 carnales
3534 2181 3748 2237 affectus
3779 2180 3847 2236 di-

2293 2279 2504 2345 videre,
2533 2289 2586 2333 et
2614 2288 2833 2348 peccata
2863 2291 3110 2333 resecare
3143 2275 3330 2345 (Hebr.
3366 2292 3438 2342 tv,
3464 2274 3579 2347 12).

2366 2371 2546 2439 (Vers.
2573 2370 2651 2443 7.)
2678 2370 2758 2424 Ad
2777 2370 3067 2442 faciendam
3095 2370 3369 2424 vindictam
3416 2371 3469 2423 in
3513 2370 3759 2442 gentibus,
3779 2368 3850 2420 ob-

2286 2463 2609 2534 jurgaliones
2636 2462 2691 2516 in
2721 2463 2947 2531 populis.
2973 2462 3217 2517 Potestas
3240 2464 3411 2527 verbi,
3441 2478 3551 2531 quo
3595 2463 3847 2517 inﬁdelium

2295 2556 2459 2611 corda
2488 2557 2773 2622 feriuntur,
2806 2571 2911 2610 non
2945 2555 3119 2610 solum
3175 2554 3602 2625 praesidentibus
3631 2556 3741 2609 data
3766 2562 3845 2618 est,

2295 2649 2389 2703 sed
2416 2649 2668 2703 omnibus
2688 2649 2852 2703 etiam
2896 2648 3173 2718 discipulis
3225 2649 3496 2715 veritatis,
3529 2650 3625 2719 qui
3660 2656 3849 2719 possunt

2295 2756 2521 2812 arguere
2568 2751 2848 2810 errantes,
2892 2750 2947 2797 et
3006 2742 3374 2812 increpatione
3420 2758 3513 2797 sua
3568 2741 3744 2799 devios
3782 2754 3847 2794 re-

2296 2850 2509 2891 vocare.

2368 2924 2551 2997 (νει-ε.
2580 2926 2664 2995 8.)
2694 2927 2774 2981 Ad
2798 2927 3092 2999 alligandos
3121 2942 3262 2998 reges
3302 2943 3480 2981 eorum
3527 2928 3586 2980 in
3632 2927 3850 2997 compedi-

2297 3019 2412 3086 bus,
2457 3028 2507 3072 et
2571 3019 2760 3073 nobiles
2792 3035 2967 3073 eorum
3012 3021 3065 3072 in
3107 3020 3322 3073 uinculis
3369 3020 3576 3087 ferreis.
3634 3018 3849 3074 Potentes

2297 3112 2504 3179 mundi,
2528 3122 2582 3167 et
2610 3128 2763 3181 reges
2779 3127 2842 3167 ac
2863 3112 3096 3181 nobiles,
3121 3112 3223 3168 nisi
3250 3111 3415 3167 Deum
3447 3113 3692 3175 timeant,
3718 3126 3849 3180 quem

602 3204 701 3275 ﬁlii
730 3202 860 3258 Sion
901 3201 1154 3256 exsultent
1201 3217 1356 3273 super
1385 3217 1556 3272 regem
1596 3218 1769 3255 suum.
1793 3201 1893 3267 Qui
1923 3211 2048 3257 sunt
2076 3202 2189 3257 veri
2220 3201 2265 3264 C
2298 3204 2605 3260 timebunt?
2632 3204 2737 3259 Sed
2782 3204 3104 3273 praedicatur
3130 3203 3238 3258 illis
3268 3203 3631 3271 Evangelium
3662 3202 3851 3260 Christi.

605 3294 891 3362 lsraelitte,
920 3294 1023 3364 ipsi
1039 3303 1167 3349 sunt
1190 3293 1282 3348 lilii
1304 3292 1457 3359 Sion,
1482 3294 1596 3349 sive
1624 3294 1925 3349 Jerusalem
1949 3312 1961 3346 :
1988 3305 2193 3348 utrum-

604 3404 712 3460 que
740 3390 884 3444 enim
916 3402 1117 3443 nomen
1140 3388 1300 3442 unius
1326 3397 1413 3443 est
1440 3386 1678 3443 civitatis
1706 3385 1894 3458 (Hebr.
1941 3402 2040 3452 xu,
2072 3385 2190 3458 22),

604 3497 725 3551 qua:
754 3490 973 3535 constat
995 3495 1061 3534 ex
1086 3480 1293 3551 angelis
1314 3488 1368 3535 et
1396 3479 1725 3544 hominibus,
1752 3478 1817 3534 ad
1837 3480 2083 3535 eamdem
2106 3495 2196 3534 so.

602 3575 855 3630 cietatem
887 3588 981 3643 per
1004 3572 1187 3637 fidem,
1217 3585 1276 3629 et
1304 3587 1480 3642 spem,
1529 3581 1585 3627 et
1614 3571 1939 3626 charitatem
1980 3570 2047 3626 de
2076 3573 2193 3626 lon-

603 3667 797 3738 ginqua
832 3666 1269 3737 peregrinatione
1304 3664 1673 3721 tendentibus.
1734 3664 1839 3734 Qui
1870 3679 2001 3735 ergo
2027 3663 2056 3703 ι)
2099 3681 2195 3736 spe

604 3762 796 3828 credit,
827 3777 925 3832 spe
972 3762 1224 3832 gaudeat,
1275 3762 1401 3833 quia
1428 3761 1575 3817 Deus
1621 3768 1705 3817 est
1732 3761 1858 3816 novi
1906 3760 2088 3831 populi
2141 3770 2198 3816 et

605 3864 846 3920 creator,
880 3864 934 3911 et
966 3855 1302 3925 redemptor,
1333 3863 1390 3910 et
1417 3864 1624 3910 rector.

676 3946 855 4019 (Vers.
881 3946 964 4015 5.)
990 3946 1225 4002 Laudent
1242 3964 1427 4002 nomen
1447 3951 1560 4019 ejus
1586 3948 1641 4001 in
1662 3948 1838 4015 choro,
1867 3950 1921 4003 in
1948 3958 2196 4021 tympano

608 4048 657 4094 et
706 4039 945 4109 psalterio
972 4041 1200 4111 psallant
1227 4041 1295 4095 ei.
1328 4040 1495 4097 Chori
1542 4042 1761 4097 nomine
1804 4044 2093 4099 concordia
2122 4047 2196 4099 si-

604 4132 894 4201 gniﬁcatur
932 4131 1288 4198 laudantium,
1339 4146 1573 4202 quorum
1609 4148 1771 4189 voces
1835 4135 1939 4190 nisi
1992 4135 2195 4191 fuerint

615 4239 888 4293 consonat,
948 4224 1165 4294 placere
1216 4241 1323 4280 non
1382 4236 1628 4297 possunt.
1687 4225 1984 4284 Rationalis
2016 4230 2196 4299 itaque

607 4327 821 4385 cantus,
853 4315 1006 4386 cujus
1036 4324 1150 4372 tota
1179 4328 1263 4373 est
1292 4320 1345 4373 in
1378 4318 1481 4374 fide
1507 4328 1560 4374 et
1581 4320 1847 4376 charitate
1876 4322 2192 4390 modulatio,

607 4427 778 4481 neque
802 4411 853 4466 in
886 4410 1153 4474 moribus,
1187 4428 1361 4483 neque
1415 4414 1468 4468 in
1510 4414 1856 4470 confessione
1902 4416 2193 4483 dissideat;

605 4502 700 4558 sed
723 4504 860 4558 bene
872 4511 1057 4557 utatur
1078 4504 1334 4573 psalterio
1354 4514 1409 4561 et
1433 4514 1714 4577 tympano,
1740 4507 1970 4577 diligens
2003 4509 2193 4575 Deum,

2295 3309 2348 3353 et
2373 3299 2747 3369 percutiuntur
2786 3297 2989 3353 framea
3019 3297 3101 3351 bis
3132 3308 3319 3352 acuta:
3367 3301 3723 3352 annuntiatur
3766 3296 3853 3350 illis

2290 3391 2574 3459 judicium,
2615 3400 2668 3445 et
2709 3390 2909 3446 auditis
2940 3390 3161 3444 aeternis
3213 3388 3491 3459 suppliciis
3519 3390 3852 3449 sinistrarum.

2296 3484 2549 3553 ligantur.
2587 3492 2641 3537 et
2680 3484 2967 3553 compedes
3010 3481 3289 3552 sapientia:
3314 3480 3506 3552 (Eccli.
3568 3497 3645 3545 vr,
3693 3481 3777 3549 25)
3802 3478 3856 3532 ab

2296 3575 2452 3630 initio
2478 3570 2507 3611 ει
2536 3575 2736 3629 amoris
2767 3572 3058 3643 accipiunt,
3080 3584 3141 3627 ut
3169 3572 3306 3627 dura
3340 3583 3613 3643 praecepta
3648 3571 3856 3627 molliant

2298 3668 2659 3735 voluntatem,
2704 3676 2728 3703 ε
2769 3675 2824 3721 ει
2871 3666 2930 3720 lit
2963 3666 3349 3722 obedientibus
3398 3667 3699 3734 blandum,
3739 3666 3855 3738 quod

2296 3776 2549 3832 asperum
2588 3760 2873 3815 videbatur
2901 3762 3131 3815 aversis.

2367 3853 2546 3926 (Vers.
2576 3853 2657 3923 9.)
2691 3852 2759 3908 Ut
2784 3854 2981 3925 faciant
3010 3854 3063 3907 in
3095 3853 3167 3907 eis
3201 3853 3461 3924 judicium
3490 3854 3858 3924 conscriptum:

2297 3949 2464 4020 gloria
2480 3949 2586 4003 lucc
2598 3958 2669 4002 est
2688 3948 2921 4001 omnibus
2942 3948 3131 4001 sanctis
3154 3948 3287 4017 ejus.
3307 3948 3561 4002 Omnium
3580 3957 3857 4002 sanctorum

2297 4042 2470 4112 gloria
2501 4040 2619 4095 haec
2644 4049 2748 4105 est,
2792 4050 2849 4094 ut
2874 4048 3020 4094 totus
3050 4038 3290 4093 mundus
3333 4039 3657 4109 subjiciatur
3687 4039 3785 4093 Deo
3817 4045 3861 4090 et

2296 4133 2493 4189 divinis
2542 4132 2775 4203 legibus,
2822 4131 3274 4200 quarumjustitia
3307 4132 3663 4189 uniformiter
3688 4130 3859 4199 ubique

2298 4226 2600 4295 conscripta
2632 4233 2731 4289 est,
2767 4224 2929 4280 simili
2956 4224 3305 4280 observantia
3344 4227 3635 4280 serviatur.
3684 4223 3759 4281 Ad
3777 4222 3861 4277 hoc

2298 4322 2444 4378 enim
2461 4330 2683 4375 utuntur
2702 4320 2757 4374 in
2779 4319 3030 4374 omnibus
3059 4318 3312 4389 gentibus
3337 4319 3566 4389 spiritus
3596 4325 3858 4389 potestate,

2301 4422 2360 4468 ut
2392 4412 2590 4481 ubique
2613 4420 2864 4466 cantetur
2892 4410 3161 4465 canticum
3188 4425 3410 4473 novum,
3444 4420 3490 4463 et
3516 4410 3684 4464 omnis
3714 4410 3862 4476 lingua

2300 4506 2603 4575 conﬁteatur
2621 4505 2866 4575 quoniam
2896 4504 3144 4559 Dominus
3182 4504 3336 4559 Jesus
3357 4502 3597 4558 Christus
3638 4505 3692 4558 in
3721 4502 3862 4576 gloria

606 4596 837 4666 diligens
869 4596 1212 4666 proximum:
1241 4605 1297 4652 et
1324 4598 1376 4653 iu
1418 4608 1673 4670 tympano
1694 4610 1749 4653 et
1778 4600 2041 4669 psalterio
2072 4612 2191 4654 ma-
2220 4580 2271 4639 D
2298 4609 2372 4653 est
2404 4597 2500 4653 Dei
2527 4595 2701 4651 Patris
2732 4596 2956 4668 (Philip.
2990 4612 3049 4663 u,
3076 4596 3186 4666 ll).

606 4705 708 4745 nus
731 4689 982 4744 concinat
1009 4690 1165 4756 voci;
1196 4700 1252 4746 et
1278 4692 1571 4763 impleatur
1590 4707 1757 4762 opere
1773 4693 1914 4762 quod
1943 4708 2039 4748 ore
2065 4708 2193 4748 can-

606 4793 768 4837 tatur.
798 4780 858 4837 ln
891 4783 1130 4855 tympani
1170 4791 1349 4839 antem
1400 4792 1457 4839 et
1495 4785 1818 4840 chordarum
1875 4788 2191 4841 extensione

605 4875 884 4932 crucifixio
913 4878 1093 4931 carnis
1136 4877 1423 4947 accipitur,
1457 4878 1579 4947 quia
1612 4879 1762 4934 nervi
1815 4888 2020 4951 quanto
2070 4880 2193 4950 plus

606 4967 808 5025 fuerint
840 4968 1069 5036 extensi,
1103 4976 1254 5023 tanto
1284 4970 1495 5026 acutius
1520 4980 1732 5028 sonant.

667 5179 693 5209 ⁸
736 5172 1146 5246 Editi_l.ovan.,
1194 5173 1359 5230 Duae.
1381 5184 1437 5231 et
1484 5174 1703 5243 Colon.,
1752 5173 1805 5230 in
1848 5174 2089 5246 margine
2118 5174 2191 5229 ibi

608 5254 829 5315 monent
871 5243 1011 5300 forte
1042 5245 1347 5315 legendum,
1378 5256 1471 5300 est.

678 5313 706 5353 ι)
737 5314 916 5380 Forte,
952 5317 1055 5386 ﬁde
1081 5313 1277 5381 credit;
1306 5317 1438 5371 editi
1467 5332 1679 5382 omnes,
1712 5335 1800 5386 spe
1827 5319 2009 5373 credit.

684 5396 705 5423 °
732 5386 1007 5443 Editiones
1036 5388 1205 5458 Lugd.
1237 5400 1293 5442 et
1323 5388 1479 5456 Lov.,
1516 5387 1899 5442 Exsultatioues
1947 5388 2063 5443 Dei.
2102 5388 2191 5443 Sic

610 5471 826 5530 quoque
857 5458 982 5530 legit
1012 5459 1346 5530 Augustinus
1398 5459 1499 5513 hoc
1528 5459 1669 5530 loco,
1726 5468 1781 5512 et
1832 5459 2191 5530 Hieronymus

609 5525 663 5581 in
724 5525 860 5598 libro
917 5525 1276 5593 Paulinorum,
1330 5529 1481 5598 juxta
1536 5529 1852 5584 chraicam
1903 5525 2187 5584 veritatem

610 5596 891 5653 translato.
928 5599 997 5653 At
1024 5600 1289 5656 editiones
1321 5596 1483 5656 Duae.
1520 5613 1574 5656 et
1619 5601 1839 5666 Colon.,
1874 5609 1931 5654 ut
1962 5600 2189 5667 Vulgata

608 5683 793 5725 ItOSIra
812 5668 1028 5741 habent,
1057 5671 1408 5728 Exaltationes
1431 5670 1551 5727 Dei.
1574 5672 1726 5740 Quod
1756 5673 1955 5741 pariter
1977 5672 2193 5739 scripsit

607 5741 751 5796 idem
783 5740 1141 5814 Hieronymus
1170 5746 1224 5799 in
1280 5757 1501 5812 utraque
1532 5740 1781 5797 versione
1831 5758 1893 5796 ex
1928 5741 2074 5795 LXX
2109 5744 2189 5794 in-

608 5811 935 5886 terpretibus
975 5811 1144 5873 semel
1187 5828 1239 5873 et
1270 5811 1461 5873 iterum
1493 5814 1797 5873 emendata.
1836 5815 1925 5872 Sic
1974 5827 2189 5881 quoque

2754 4688 2915 4760 532
2969 4688 3286 4744 PSALMUS
3326 4688 3432 4743 CL.

2371 4783 2549 4854 (νει-ε.
2585 4784 2635 4847 l,
2658 4780 2740 4852 2.)
2777 4780 3011 4835 Laudale
3037 4779 3312 4835 Dominum
3334 4782 3386 4834 in
3415 4782 3608 4836 sanctis
3640 4786 3768 4855 ejus.
3797 4776 3864 4833 Ad

2298 4876 2692 4933 confessionem
2724 4874 2959 4944 pertinet
2992 4873 3203 4943 gratiae,
3248 4873 3539 4928 Dominum
3589 4874 3644 4929 in
3685 4872 3867 4929 sanctis

2303 4972 2415 5025 suis
2473 4968 2737 5034 laudare,
2802 4965 2959 5036 cujus
3016 4964 3219 5021 habent
3270 4966 3706 5022 sanctiﬁcatione
3744 4960 3867 5035 quod

2301 5172 2583 5241 scripsisse
2612 5172 2668 5223 S.
2694 5168 3023 5235 Prosperum
3052 5169 3244 5226 suadet
3286 5170 3428 5241 quod
3461 5170 3515 5226 in
3544 5168 3870 5241 expositione

2299 5240 2467 5304 dicat.
2502 5240 2683 5312 Ipsum
2712 5242 2960 5306 exaltant,
2992 5249 3099 5295 etc.

2371 5315 2396 5351 ά
2430 5307 2609 5376 Forte,
2643 5314 2862 5373 timoris,
2894 5314 3014 5382 quia
3049 5312 3265 5365 Initium
3296 5314 3561 5381 sapientia:
3592 5314 3747 5365 timor
3775 5307 3870 5361 Do-

2299 5387 2425 5439 mini
2456 5382 2628 5449 (Psal.
2659 5398 2749 5449 cx,
2790 5382 2897 5453 ll),
2930 5394 2986 5438 et
3008 5394 3113 5437 tota
3140 5383 3299 5452 hujus
3334 5398 3521 5439 versus
3549 5384 3874 5453 expositione

2298 5456 2621 5511 titnoriuuui
2642 5456 2871 5520 videtur,
2896 5456 2995 5509 etsi
3017 5454 3148 5509 editi
3173 5469 3362 5509 omnes
3393 5452 3649 5517 habeant,
3679 5452 3873 5509 amoris;

2296 5537 2348 5581 et
2382 5528 2714 5595 Augustinus
2742 5527 2839 5587 ait,
2866 5524 3074 5596 Coepisti
3106 5543 3137 5578 a
3180 5527 3379 5592 timore,
3416 5526 3789 5580 consummaris
3816 5520 3875 5572 ad

2296 5598 2631 5665 sapientiam.

2367 5668 2596 5809 gibuac.
2633 5677 2689 5725 et
2715 5668 2906 5726 Colon.
2948 5669 3117 5742 edit.,
3171 5682 3218 5725 et
3261 5670 3346 5725 sit.
3398 5668 3567 5741 Lugd.
3618 5676 3677 5725 et
3718 5666 3875 5731 ιον.»

2294 5749 2338 5793 et
2368 5749 2445 5795 Ill.
