4006 6356
627 428 721 485 ιχ.
764 429 837 485 De
859 428 1131 497 querendo
1162 426 1289 483 Deo.

632 310 837 368 LIBER
881 308 1425 369 εεΝτεΝτιΑιιωι
1463 306 1561 369 EX
1595 306 1937 375 OPERIBUS
1970 310 2035 370 S.
2070 304 2443 368 AUGUSTINI
2482 309 3000 370 DELIBA'I‘ARUM.

3344 313 3454 373 ιιο

1784 435 1840 499 Α
1863 426 2097 485 dendum
2137 438 2221 482 est
2254 423 2272 463 ι
2318 428 2445 499 quid
2473 427 2667 484 oderas
2696 438 2750 485 et
2782 431 2869 485 cui
2908 429 3104 486 ol'l'eras
3126 469 3143 496 ,
3182 430 3255 486 ita
3294 406 3459 489 etiam

244 526 415 583 nam
442 538 715 595 quarens,
744 520 997 593 gaudium
1020 521 1231 592 quaerit.
1258 519 1347 577 Sic
1374 534 1505 591 ergo
1533 526 1761 591 quaerat,
1867 519 2319 579 considerandum
2358 531 2442 578 est
2485 521 2572 576 ubi
2605 520 2803 579 oderas
2837 542 2849 577 :
2882 525 3005 593 quia
3056 524 3169 580 veri
3206 525 3458 583 sacriﬁcii

182 627 236 677 ut
258 634 367 675 non
397 618 457 674 in
498 632 585 683 se,
614 614 713 672 sed
740 616 796 669 in
826 614 1056 671 Dulcitio
1102 611 1356 683 gaudeat.
1404 610 1569 686 545
1594 613 1762 668 Acce-

181 709 349 772 ωε
427 710 577 767 ωε..
644 708 712 763 ad
784 707 992 775 Deum,
1054 706 1389 769 illuminatur
1464 706 1766 777 ignorantia

182 804 425 874 διεξίω,
469 813 529 861 et
568 801 957 860 corroboratur
1007 800 1320 870 inﬁrmitas,
1374 800 1501 859 data
1558 800 1666 856 sibi
1714 809 1769 863 et

183 894 533 966 intelligentia
582 909 690 964 qua
735 893 935 959 videat,
982 901 1037 951 et
1088 892 1354 953 charitale
1404 906 1508 964 qua
1559 890 1764 953 ferveat

186 985 402 1059 (hosp.
436 988 494 1042 iss
515 986 649 1058 μοι.
680 1000 788 1051 etv,
814 983 893 1056 ι).

623 1077 693 1135 Χ.
736 1077 815 1131 De
841 1076 1056 1148 fastidio
1076 1077 1318 1149 spiritali.

246 1174 398 1231 Sicut
427 1173 647 1242 corpori
681 1172 905 1231 noxium
951 1178 1037 1231 est
1079 1184 1401 1239 corpoream
1442 1182 1618 1225 escam
1658 1182 1766 1224 non

185 1279 329 1335 plne
363 1264 677 1334 percipere,
705 1262 775 1318 ita
821 1261 1014 1319 anima:
1041 1261 1404 1331 periculosum
1436 1270 1519 1317 est
1546 1260 1766 1331 spirita-

181 1356 499 1415 Iesdelicias
527 1354 775 1412 lasﬁdire
806 1352 1023 1425 (Prosp.
1056 1354 1109 1406 in
1147 1353 1331 1425 psalm.
1359 1368 1468 1418 cvt,
1494 1351 1604 1422 I8).

395 1450 490 1506 XI.
530 1448 560 1495 δ
602 1448 680 1505 De
708 1449 957 1503 bonorum
981 1456 1029 1503 et
1054 1448 1312 1503 titulorum
1344 1447 1551 1517 ﬁnibus.

240 1546 545 1616 Numquam
593 1542 751 1599 multi
778 1549 906 1597 sunt
936 1551 957 1578 ε
991 1540 1082 1610 qui
1112 1540 1179 1597 ad
1216 1554 1326 1596 non
1365 1554 1487 1595 esse
1520 1538 1763 1595 tendunt.

181 1638 308 1707 Quid
333 1636 485 1693 enim
516 1645 625 1693 tam
663 1640 748 1691 est
784 1632 1081 1688 obnoxium
1120 1631 1375 1704 paucitati
1420 1647 1579 1702 quam
1625 1630 1767 1703 quod

183 1740 255 1789 est
284 1730 531 1789 debitum
562 1726 850 1798 perditioni
882 1724 1097 1795 (Prosp.
1130 1725 1182 1777 in
1212 1724 1397 1793 psalm.
1428 1738 1538 1790 ενι,
1566 1722 1697 1795 59)?

425 1822 541 1877 XII.
584 1818 611 1857 ἀ
652 1820 731 1875 De
756 1818 1127 1888 tranquillitate
1150 1818 1360 1872 ultionis
1392 1816 1506 1870 Dei.

244 1917 359 1977 Non
389 1914 725 1984 concupiscit
765 1912 905 1969 Deus
935 1926 1148 1982 ptenam
1189 1926 1405 1965 reorum
1433 1950 1450 1977 ,
1498 1919 1767 1980 tamquam

185 2009 404 2069 saturari
446 2006 764 2065 desiderans
808 2005 1053 2070 ultione;
1106 2001 1201 2059 sed
1258 2002 1400 2073 quod
1440 2001 1646 2072 justum
1687 2010 1772 2058 est

184 2119 296 2161 cum
316 2100 712 2172 tranquillitate
734 2098 1001 2164 decernit,
1027 2104 1081 2153 et
1108 2105 1257 2151 recta
1280 2096 1561 2151 voluntate
1589 2095 1770 2166 diSpo-

185 2197 274 2261 nit,
300 2206 357 2251 ut
380 2195 551 2253 etiam
580 2192 707 2249 mali
737 2206 847 2249 non
866 2191 975 2249 sint
997 2188 1287 2244 inordinati
1316 2188 1532 2261 (Prosp.
1558 2189 1611 2245 in
1634 2190 1763 2261 psal.

186 2305 329 2359 avus,
361 2290 442 2358 5).

603 2379 746 2437 XIII.
794 2378 874 2434 De
903 2377 1033 2433 bono
1057 2376 1336 2431 intellectu.

274 2479 483 2532 Bonum
535 2472 867 2528 intellectum
916 2470 1077 2524 habet
1121 2468 1215 2539 qui
1245 2478 1268 2505 ο
1298 2467 1439 2539 quod
1466 2464 1767 2522 faciendum

190 2578 302 2635 est,
344 2578 495 2624 recte
544 2561 1046 2635 intelligitetl'acit.
1098 2559 1314 2631 Alioqui
1357 2560 1475 2615 talis
1525 2570 1605 2615 est
1652 2560 1771 2615 sine

187 2676 341 2732 opere
361 2656 920 2731 iatelligentia,qualis
942 2655 1061 2711 sine
1083 2654 1274 2708 timore
1294 2652 1575 2724 sapientia,
1601 2650 1621 2689 ί
1644 2667 1767 2710 cum

191 2756 449 2826 scriptum
470 2756 539 2809 sit
569 2772 581 2807 :
618 2751 835 2809 Initium
854 2750 1117 2820 sapientia
1140 2749 1288 2803 timor
1318 2744 1526 2801 Domini
1554 2745 1768 2819 (Prosp.

193 2847 721 2921 iapsalm.cs,10).

361 2943 497 2998 XIV.
541 2942 617 2996 De
642 2941 819 3011 requie
847 2938 1018 2993 adhuc
1046 2938 1101 2992 in
1123 2952 1277 2991 carne
1305 2945 1330 2983 κ
1360 2935 1586 2989 viventis.

273 3036 445 3093 Habet
474 3033 505 3073 ¹ι
530 3043 589 3090 ει
615 3034 671 3089 ist
702 3033 803 3088 bac
833 3032 945 3086 vita
976 3029 1217 3098 requieta
1249 3042 1398 3087 suam
1430 3027 1608 3081 anima
1651 3042 1770 3095 quae

186 3127 249 3186 de
273 3138 448 3185 morte
478 3124 811 3183 inﬁdelitatis
839 3131 1088 3192 exempta
1118 3128 1201 3177 est
1222 3162 1237 3186 ,
1272 3130 1327 3175 et
1358 3133 1462 3174 non
1495 3118 1562 3173 ab
1593 3119 1771 3189 operi-

1866 622 2019 671 extra
2046 613 2369 669 catholicam
2396 614 2694 671 Ecclesiam
2726 615 2876 672 locus
2906 631 3014 674 non
3044 626 3126 674 est
3158 616 3374 693 (Prorp.
3402 620 3457 676 in

1869 702 2059 775 psalm.
2092 719 2217 771 crv,
2252 702 2328 773 8).

2258 795 2400 855 XVI.
2441 798 2518 857 De
2544 802 2753 875 iustitia
2788 810 2837 857 et
2871 806 3057 879 gratia.

1941 892 2069 951 Duas
2121 902 2246 947 sunt
2293 893 2673 950 retributiones
2714 895 2940 965 justiti:
2965 939 2980 964 ,
3008 911 3129 953 cum
3158 906 3253 954 aut
3294 898 3459 975 55.6

1869 980 2009 1042 bona
2040 1000 2138 1056 pro
2169 984 2347 1055 bonis,
2378 997 2470 1040 aut
2500 986 2638 1041 mala
2670 986 2967 1044 redduntur
2992 1004 3090 1060 pro
3117 992 3294 1048 malis.
3325 991 3458 1047 Ter-

1871 1078 1943 1133 tia
1976 1088 2058 1133 est
2096 1077 2379 1134 retributio
2424 1078 2609 1150 gratia:
2634 1121 2649 1146 ,
2691 1094 2809 1134 cum
2854 1096 2952 1150 per
2989 1085 3455 1153 regenerationem

1869 1170 2218 1226 remittuntur
2263 1171 2435 1240 mala,
2466 1180 2520 1229 et
2559 1171 2927 1228 retribuuutur
2965 1174 3123 1230 bona.
3167 1179 3344 1248 Atque
3384 1178 3455 1232 ita

1870 1262 2242 1318 manifestatur
2265 1304 2278 1329 ,
2304 1263 2428 1334 quia
2457 1264 2703 1317 universa
2738 1266 2833 1318 sic
2866 1264 3078 1319 Domini
3106 1268 3457 1324 misericordia

1869 1365 1917 1409 et
1981 1355 2186 1409 veritas.
2266 1354 2415 1409 Illam
2478 1365 2653 1411 autem
2719 1356 3120 1414 retributionem
3169 1361 3453 1431 impiorum

1869 1460 1973 1517 qua
2004 1461 2097 1515 pro
2126 1446 2284 1501 bonis
2310 1446 2447 1502 mala
2472 1456 2511 1485 ω
2546 1448 2940 1516 retrihuuntur,
2964 1448 3105 1506 Dcus
3132 1456 3331 1521 nescit;
3364 1457 3453 1527 qui

1869 1537 1973 1593 nisi
2005 1538 2329 1593 rctribueret
2368 1537 2507 1594 bona
2551 1555 2646 1609 pro
2679 1541 2833 1595 malis
2858 1581 2874 1607 ,
2917 1557 3021 1596 non
3051 1556 3235 1600 essent
3263 1548 3456 1618 quibus

1870 1640 1898 1669 ³
1929 1632 2249 1688 retribueret
2276 1633 2415 1688 bona
2448 1648 2543 1703 pro
2568 1634 2724 1690 bonis
2752 1634 2914 1707 (Aug.
2946 1654 3099 1692 serm.
3134 1639 3163 1695 7
3188 1640 3243 1695 in
3264 1644 3451 1711 psalm.

1871 1740 2063 1792 cxvstt;
2096 1721 2287 1792 Prosp.
2318 1726 2373 1780 in
2402 1724 2574 1779 eumd.
2606 1743 2684 1797 ps.
2717 1727 2825 1797 17).

2154 1816 2318 1873 XVII.
2364 1817 2443 1873 De
2475 1836 2709 1892 superni:
2742 1821 2924 1890 patria!
2950 1822 3163 1879 civibus.

1946 1908 2135 1966 Omnis
2164 1911 2255 1981 qui
2285 1912 2352 1966 ad
2381 1926 2669 1981 supernam
2698 1915 2931 1984 pertinet
2951 1916 3227 1975 civitatem
3252 1962 3265 1989 ,
3301 1937 3455 1992 pere-

1873 2003 2059 2074 grinus
2080 2011 2164 2059 est
2196 2004 2377 2059 mundi
2404 2047 2419 2073 ,
2453 2012 2507 2060 et
2543 2006 2669 2061 dum
2710 2009 2990 2078 temporali
3029 2015 3194 2068 utitur
3224 2017 3329 2070 vita
3356 2060 3371 2085 ,
3405 2019 3456 2073 in

1873 2098 2043 2167 patria
2094 2096 2225 2152 vivit
2264 2097 2437 2153 aliena
2464 2138 2479 2165 ,
2523 2098 2612 2155 ubi
2659 2100 2801 2157 inter
2846 2104 3010 2157 multa
3061 2105 3375 2165 illecebrosa
3406 2122 3460 2167 et

1876 2189 2044 2246 multa
2078 2189 2316 2257 fallacia,
2349 2191 2517 2248 Deum
2550 2208 2709 2250 nosse
2748 2204 2800 2250 et
2826 2211 3007 2253 amare
3033 2214 3323 2268 paucorum
3355 2216 3457 2269 est.

1876 2293 1902 2321 °
1930 2284 2123 2355 quibus
2151 2286 2221 2340 sit
2258 2296 2566 2356 prmeeptum
2608 2287 2815 2343 Domini
2858 2290 3117 2361 lucidum,
3158 2295 3460 2354 illuminans

1873 2379 2048 2433 oculos
2098 2377 2321 2451 (Psalm.
2352 2396 2501 2449 xvm,
2536 2381 2617 2451 9).
2646 2391 2703 2437 ut
2733 2396 2834 2440 nec
2868 2382 2919 2437 in
2954 2382 3078 2453 Dei,
3125 2402 3224 2446 nec
3256 2391 3306 2443 in
3339 2406 3459 2461 pro-

1874 2470 2005 2527 ximi
2034 2480 2061 2521 ι’
2088 2469 2356 2528 cbaritate
2393 2472 2645 2531 fallantur
2694 2473 2911 2545 (Prosp.
2958 2475 3012 2530 in
3054 2480 3237 2548 psalm.
3264 2498 3456 2553 cxvm,

1876 2561 1943 2620 ιε
1962 2563 2002 2634 ).

2086 2655 2273 2712 XVIII.
2327 2655 2405 2711 De
2445 2660 2614 2713 carnis
2657 2661 2936 2732 cupiditate
2972 2666 3238 2719 vincenda.

1943 2748 2114 2806 Nemo
2156 2759 2239 2804 est
2285 2749 2438 2821 cujus
2484 2753 2714 2807 animam
2764 2754 3117 2823 corruptibile
3162 2766 3359 2828 corpus
3405 2768 3459 2814 et

1877 2839 2199 2897 inhabitatio
2230 2850 2447 2898 terrena
2478 2859 2582 2898 non
2609 2856 2859 2916 aggravet
2888 2846 3039 2916 (Sap.
3065 2863 3137 2911 Ix,
3173 2848 3281 2920 15).
3307 2859 3335 2900 ς
3354 2850 3459 2906 Sed

1873 2934 2222 2990 adnitendum
2254 2947 2335 2992 est
2366 2945 2425 2991 ut
2452 2938 2629 2991 carnis
2671 2938 2991 3008 cupiditates
3021 2942 3243 3010 spiritus
3277 2942 3461 3013 vigore

1874 3038 2220 3095 superentur,
2254 3036 2309 3083 et
2334 3028 2559 3084 interior
2588 3028 2771 3099 homo,
2804 3032 2893 3102 qui
2933 3048 3149 3103 semper
3175 3036 3275 3090 sibi
3304 3038 3462 3090 sentit

1878 3118 2055 3173 resisti
2083 3163 2095 3187 ,
2130 3131 2347 3187 semper
2376 3134 2434 3173 se
2461 3120 2645 3174 divino
2675 3121 2875 3178 auxilio
2917 3133 3194 3195 exspectet
3222 3125 3460 3196 adjuvari

191 3221 525 3294 iniustitia
550 3263 566 3288 ,
598 3219 692 3277 sed
737 3218 805 3276 ab
834 3215 1134 3287 iniquitatis
1162 3230 1223 3271 se
1249 3214 1484 3270 abstinet
1511 3215 1723 3269 actione
1754 3232 1766 3267 :
1799 3218 1844 3280 (ἶ
1876 3206 2097 3282 (Prosp.
2130 3212 2183 3265 in
2210 3212 2396 3282 psalm.
2429 3228 2619 3281 crvut,
2650 3213 2768 3285 25).

184 3318 448 3374 utvivens
474 3316 613 3382 Deo.
640 3323 695 3372 et
742 3320 953 3368 mortua
998 3309 1232 3373 mundo,
1275 3309 1328 3364 in
1369 3307 1685 3364 humilitatis
1716 3316 1770 3364 et

185 3406 614 3467 mansuetudinis
667 3404 684 3445 ί
737 3403 949 3476 placida
1018 3400 1407 3473 tranquillitate
1466 3401 1771 3473 requiescat

186 3501 395 3575 (Prosp.
422 3503 481 3557 in
502 3500 686 3572 psalm.
716 3512 863 3565 cstv,
888 3493 969 3569 8).

624 3591 742 3648 XV.
783 3588 860 3645 De
889 3588 1111 3645 uovendo
1142 3589 1155 3639 l
1199 3585 1328 3643 Deo.

246 3687 505 3760 Quisquis
532 3687 673 3743 bene
702 3683 903 3753 cogitat
919 3680 947 3720 ιι
970 3696 1092 3753 qua:
1114 3680 1224 3736 Deo
1246 3688 1436 3736 voveat
1456 3690 1507 3735 et
1532 3695 1651 3750 quae
1678 3694 1771 3736 vo-

184 3783 348 3839 vendo
376 3781 681 3854 persolvat,
714 3778 951 3848 seipsum
980 3785 1173 3831 voveat
1202 3783 1255 3829 et
1286 3772 1492 3829 reddat.
1522 3772 1633 3829 Hoc
1657 3774 1773 3829 exi-

184 3876 332 3945 gitur,
364 3875 475 3931 hoc
506 3873 756 3930 debetur.
797 3869 977 3940 Isnago
1006 3865 1239 3923 Caesaris
1268 3865 1521 3921 reddatur
1547 3864 1767 3933 Caesari,

186 3969 350 4042 imago
377 3968 479 4027 Dei
506 3965 763 4025 reddatur
787 3962 901 4019 Deo
927 3959 1081 4033 (Luc.
1120 3974 1211 4027 xx,
1240 3957 1356 4028 25).
1390 3957 1497 4015 Sed
1526 3956 1665 4015 sicut
1695 3957 1773 4012 vi-

250 4219 275 4248 ι
312 4209 430 4266 Hoc
453 4203 1016 4279 pronomen,_ipsi_us,
1042 4199 1354 4279 _addltur_ex_
1383 4212 1484 4253 ms.
1527 4197 1684 4253 Colb.
1716 4207 1772 4251 et

184 4279 304 4337 edit.
333 4270 571 4351 append.
606 4278 744 4345 Aug.
776 4270 872 4329 lis.
904 4272 1113 4351 Bemig.
1141 4270 1495 4351 eteditiones
1517 4284 1582 4324 eo
1611 4283 1763 4351 care-

183 4351 322 4417 bant,
352 4340 479 4407 étim
513 4340 1140 4417 tamen'correspondeat
1181 4344 1277 4417 sibi
1304 4382 1333 4417 ,_
1379 4341 1686 4417 ptittlu_p_0$l
1712 4340 1765 4394 in

184 4409 423 4477 omnibus
448 4420 745 4477 codicibus.
768 4417 867 4472 Ms.
892 4414 994 4473 Jol.
1024 4428 1140 4482 pro.
1166 4411 1463 4468 Accedendo
1485 4411 1553 4464 ad
1576 4409 1765 4476 Deum,

184 4490 354 4561 habet,
388 4489 694 4548 Accedendo
724 4489 792 4561 ad
827 4486 1212 4561 DominumLet
1242 4483 1587 4561 illuminatur.

245 4562 275 4604 δ
313 4554 371 4619 In
404 4564 645 4618 editione
674 4560 862 4615 Colon.
889 4558 1087 4621 veteri,
1117 4557 1285 4621 Quam
1314 4555 1593 4609 obstoxiunt
1612 4554 1677 4608 sit
1702 4554 1767 4606 ad

180 4652 274 4691 non
293 4652 409 4690 esse
430 4636 660 4688 tendere.
692 4632 1018 4702 Idemqueiet
1042 4627 1287 4702 Eugdun.
1313 4640 1374 4681 ac
1397 4640 1508 4702 ms.
1527 4625 1761 4702 Ilemig.,
1796 4643 1846 4702 Β

182 4706 606 4773 Nonnumquam.
660 4696 961 4758 Melius—alii
989 4740 1007 4767 ,
1035 4696 1335 4769 Numquam
1358 4737 1372 4761 ,
1412 4704 1469 4750 ut
1499 4696 1549 4751 in
1576 4698 1765 4765 psalm.

178 4792 415 4903 “ms.
444 4845 697 4902 Joliensis
717 4886 729 4908 ,
762 4844 848 4912 qui
882 4849 1124 4913 pereunt,
1156 4854 1282 4910 pro,
1313 4837 1404 4908 qui
1438 4838 1506 4891 ad
1532 4853 1632 4891 non
1664 4854 1769 4891 esse

178 4922 597 5044 ⁸ωιὶὴῗέιιὶῖιῆοιι.
631 4995 739 5042 vet.
764 5028 782 5055 ,
833 4984 985 5052 Quod
1022 4982 1163 5037 Deus
1201 4997 1403 5053 ponam
1428 4995 1628 5035 reorum
1665 4994 1765 5032 non

176 5062 528 5129 concupiscat.

244 5141 268 5170 ⁸
310 5119 415 5187 bis.
448 5131 581 5197 Joh,
634 5128 783 5195 Quod
816 5126 1114 5195 faciendum
1141 5134 1276 5197 recte
1304 5122 1584 5197 intelligit,
1618 5119 1763 5197 facit.

176 5198 518 5287 lahﬂemig.
542 5191 578 5270 ,⁷
602 5191 736 5256 recte
774 5191 1069 5270 faciendum
1106 5195 1345 5265 intelligit
1371 5234 1386 5259 ,
1419 5202 1525 5249 etc.
1549 5230 1563 5254 ,
1594 5200 1651 5245 ut
1680 5191 1767 5243 alii

177 5273 419 5400 milia:
465 5342 743 5409 Joliensis,
794 5356 913 5395 cum
950 5339 1155 5393 initium
1194 5338 1263 5409 sit
1306 5333 1573 5409 sapientia:
1621 5332 1769 5384 timor

174 5412 408 5472 Domini.
440 5415 538 5471 Ms.
571 5405 805 5483 Remig.,
839 5428 954 5483 cum
982 5410 1128 5483 initio
1158 5407 1226 5462 sit
1257 5405 1531 5478 sapientia.

242 5497 288 5537 ιο
312 5488 460 5542 Edit.
489 5485 686 5543 Colon.
717 5481 854 5548 vet.,
879 5481 1180 5536 viventium.

242 5555 274 5597 δ
315 5559 415 5611 Ms.
444 5558 578 5620 10L,
600 5559 720 5625 jam
741 5556 799 5609 in
836 5545 934 5625 lsac
956 5553 1077 5607 vita.
1119 5550 1320 5625 Expos.
1364 5547 1584 5625 psal_m._,
1617 5545 1767 5600 etiam

174 5629 224 5682 in
250 5632 352 5681 hnc
382 5632 501 5681 vitri.
538 5619 680 5681 Idem
707 5643 807 5681 ms.
840 5624 944 5679 Jul.
979 5622 1178 5679 omittit
1207 5637 1257 5675 se
1288 5633 1413 5675 ante
1442 5619 1680 5683 abstinet,
1716 5628 1773 5670 ut

173 5702 685 5824 Ὗθὲίιῖίῗῖξῖἷὶηω
702 5809 717 5831 ,
744 5768 953 5838 placita.
986 5764 1115 5838 μεθ.
1145 5760 1250 5816 Jul.
1279 5768 1335 5815 et
1362 5757 1553 5838 Co_rb...
1575 5772 1645 5814 ex
1666 5772 1775 5838 quo

171 5848 310 5907 edis.
344 5855 481 5915 ore.
516 5827 961 5910 m.'m
988 5835 1063 5912 ,ια
1104 5845 1294 5906 αροισ
1326 5827 1544 5905 μαιωίν
1606 5827 1781 5897 φάσω

2251 3302 2391 3360 XIX.
2438 3304 2515 3359 De
2542 3316 2764 3380 angusta
2793 3308 2909 3364 vitae
2935 3318 2957 3348 τ
2990 3309 3091 3365 via.

1946 3398 2181 3470 Angusta
2206 3408 2278 3451 est
2305 3400 2386 3452 via
2406 3416 2521 3467 qua
2540 3401 2680 3455 ducit
2702 3403 2769 3455 ad
2791 3404 2944 3457 vitam
2977 3402 3189 3474 (Matth.
3215 3421 3305 3473 vn,
3335 3406 3425 3478 I3)
3449 3425 3463 3473 ;

1875 3500 1931 3549 et
1952 3501 2130 3548 tamen
2156 3507 2254 3562 per
2281 3491 2451 3562 ipsam
2482 3493 2585 3548 nisi
2614 3495 2836 3551 dilatato
2861 3495 3029 3552 corde
3057 3513 3163 3553 non
3193 3499 3426 3561 curritur
3451 3518 3464 3554 :

1878 3586 1997 3657 quia
2025 3586 2128 3644 iter
2154 3586 2432 3651 virtutum,
2465 3601 2570 3656 quo
2597 3587 2916 3659 gradiuntur
2946 3603 3207 3658 pauperes
3238 3590 3462 3657 Christi,

1876 3680 2110 3751 amplum
2155 3688 2238 3735 est
2262 3688 2282 3715 '
2320 3678 2555 3733 ﬁdelium
2584 3679 2721 3749 spei,
2752 3680 2963 3735 etiamsi
2993 3692 3197 3736 arctum
3246 3682 3317 3738 sit
3345 3682 3465 3741 inli~

1881 3772 2081 3829 delium
2113 3772 2331 3829 vanitati
2377 3769 2590 3842 (Prosp.
2622 3772 2675 3824 in
2696 3773 2883 3843 psalm.
2915 3787 3099 3841 cxvut,
3134 3773 3248 3844 55).

2094 3862 2214 3918 XX.
2236 3862 2313 3915 De
2338 3861 2550 3932 prtemio
2585 3860 2601 3897 α
2636 3860 2942 3916 Christiana
2966 3863 3251 3934 religionis.

1951 3955 2065 4015 Hoc
2092 3955 2284 4012 alectu
2312 3963 2367 4011 et
2393 3953 2666 4011 desiderio
2704 3953 2966 4011 colendus
2992 3964 3076 4011 est
3106 3955 3269 4024 Deus,
3297 3964 3353 4012 ut
3379 3957 3462 4013 sui

1874 4195 2265 4268 tranquillitate.

1950 4270 1973 4319 ι
2004 4262 2115 4322 'Ms.
2138 4266 2243 4324 Jol.
2278 4266 2482 4321 omittit
2505 4262 2640 4323 Deo.

1946 4335 1971 4378 ε
2016 4340 2113 4392 Ms.
2143 4338 2296 4410 Colb.
2313 4346 2394 4410 iet
2418 4335 2547 4410 edit.
2579 4339 2713 4410 Aug.
2738 4378 2753 4403 ,
2778 4336 2905 4407 quid
2924 4350 3120 4403 voveat,
3145 4350 3192 4394 et
3210 4357 3325 4410 quia
3347 4354 3464 4398 vota

1872 4410 2146 4483 persolvat.
2174 4409 2271 4464 Ms.
2300 4409 2433 4483 ιοι.,
2463 4408 2586 4483 quid
2623 4408 2731 4483 Deo
2764 4418 2968 4478 voveat,
2996 4419 3041 4483 et
3069 4427 3181 4481 qua:
3200 4408 3316 4468 vota
3345 4431 3461 4483 per-

1871 4478 2071 4548 solvat;
2103 4480 2197 4552 h_oc
2227 4478 2481 4551 exigitur,
2512 4480 2611 4533 hoc
2628 4478 2858 4545 debetur,
2883 4489 2942 4533 su
2969 4478 3193 4552 “ipsum
3218 4478 3391 4540 voveat
3418 4497 3465 4542 et

1873 4553 2076 4608 reddat.
2109 4549 2326 4621 Imago,
2340 4562 2448 4608 etc.

1950 4621 1963 4660 ι
2009 4623 2084 4679 [ις]
2116 4620 2502 4696 ιῃεξιίειῃίεη-
2527 4621 2617 4696 qui
2658 4634 2757 4691 pro
2771 4620 2975 4696 offeras
2997 4663 3013 4690 ,
3047 4624 3207 4681 habet
3234 4627 3464 4696 a/feras;

1873 4694 2011 4753 forte
2034 4710 2099 4748 ex
2121 4709 2323 4767 errore.
2350 4694 2449 4749 Ms.
2464 4692 2618 4767 Coll);
2644 4702 2699 4747 et
2720 4691 2852 4747 edit.
2877 4694 3107 4764 August.
3130 4707 3251 4767 post
3268 4691 3460 4755 Colon.
3487 4721 3499 4733 ·

1872 4774 1978 4823 vet.
2011 4767 2165 4829 Aliae,
2191 4764 2316 4834 quid
2339 4772 2398 4834 et
2420 4763 2502 4817 eui
2530 4761 2740 4830 σπίναι.
2967 4761 2989 4764 ⁷
3130 4761 3147 4767 ⁷
3446 4770 3449 4771 ⁷

1947 4845 1987 4907 φ
2028 4834 2117 4891 Sic
2154 4833 2443 4907 Ψελοοιιξ.
2489 4842 2543 4889 ει
2587 4834 2715 4907 edit.
2746 4834 2973 4907 August.
3007 4852 3131 4907 app.
3181 4837 3237 4892 In
3268 4854 3455 4906 erpos.

1871 4906 2064 4973 psalm.
2097 4925 2110 4958 :
2146 4903 2295 4959 Nulli
2320 4902 2515 4959 malum
2536 4921 2627 4974 pro
2652 4905 2783 4962 bono
2816 4902 3299 4964 r‘etribuit'XTamen
3327 4902 3457 4965 editi

1869 4992 2093 5059 omnes,
2127 4976 2494 5059 restituuntur,
2538 4986 2592 5032 et
2620 4991 2724 5035 ms.
2774 4977 2986 5050 Remig.
3026 4978 3131 5036 Jol.
3162 4994 3292 5037 vero
3324 4994 3452 5050 tus.,

1874 5056 2165 5102 restituunt.

1943 5126 1973 5156 ³
2006 5118 2108 5175 IIS.
2137 5117 2370 5187 Remig,
2398 5118 2822 5173 retribuerentur.

1948 5197 1972 5225 ο
2015 5188 2114 5244 Ms.
2145 5186 2417 5259 Jolielisis,
2451 5189 2635 5260 quibus
2665 5188 2743 5257 ﬁt.

1945 5269 1972 5309 Ρ
2012 5260 2115 5315 Ms.
2144 5260 2299 5315 Colb.
2344 5257 2412 5315 et
2428 5257 2559 5316 edit.
2591 5274 2713 5328 app.
2753 5257 3012 5328 August.,
3043 5258 3291 5327 fallantur
3332 5261 3463 5317 dile-

1872 5334 2059 5385 ctione.
2093 5332 2183 5386 Sic
2212 5339 2267 5385 et
2295 5346 2484 5400 expus.
2522 5328 2746 5398 psalmi,
2780 5344 2900 5383 cum
2931 5328 3111 5384 caeteri
3143 5344 3332 5389 omnes
3370 5332 3465 5386 Ita-

1876 5404 2057 5467 beant,
2086 5402 2332 5455 charitate
2367 5402 2642 5470 falluntur.

1946 5484 1973 5523 (ι
2018 5473 2158 5527 Edit.
2192 5472 2382 5528 Colon.
2426 5482 2533 5526 vet.
2559 5513 2574 5538 ,
2617 5470 3117 5542 nitendum_est.....
3162 5490 3364 5542 semper
3405 5475 3467 5529 de

1875 5545 2069 5625 divino.
2100 5544 2195 5625 Ms.
2228 5543 2361 5624 101:,
2387 5551 2587 5614 expetat
2608 5542 2865 5612 adjuvari.
2894 5540 3109 5611 Reliqui
3135 5540 3351 5611 omnes,
3383 5561 3466 5601 ex.

1875 5622 2061 5684 spectet
2091 5614 2350 5685 adjuvari.

1951 5695 1973 5762 ιξ
2016 5684 2411 5762 Ψ..Ιιιιιεξι›ἱς,
2444 5683 2513 5733 De
2533 5692 2751 5762 angusta
2773 5682 2894 5762 via;
2926 5684 3123 5739 omissa
3175 5703 3307 5743 voce
3337 5688 3473 5743 rite.

1950 5761 1973 5791 ³
2028 5755 2171 5811 Edil.
2202 5753 2389 5808 Colon.
2423 5765 2526 5807 vel.
2550 5794 2562 5812 ,
2596 5750 2737 5821 ﬁdeli
2770 5754 2897 5823 εριί.

1953 5826 1976 5865 ⁸
2021 5822 2122 5886 ιι..
2154 5823 2259 5887 Μ.
2288 5839 2399 5884 non
2427 5823 2592 5882 habet
2614 5833 2803 5885 vocatu
2834 5824 3007 5891 hanc.
3033 5824 3367 5889 canum-
