4006 6356
606 292 711 366 ibi

1850 300 1906 360 S.
1951 300 2289 360 PROSI’ERI
2330 300 2659 372 AQUI'I‘ANI

3736 309 3822 374 i3!

610 422 789 479 cultus
818 423 934 494 ipse
960 420 1033 477 sit
1059 434 1270 476 merces
1299 436 1316 476 :
1352 434 1481 475 nam
1505 420 1598 490 qui
1629 418 1798 474 Deum
1826 418 1951 474 ideo
1990 418 2122 475 colit
2148 426 2205 473 ut
2228 421 2283 480 Α
2307 417 2400 473 alii
2428 416 2803 475 misericordia
2829 415 2967 473 salvi
2990 416 3144 485 ﬁunt,
3170 416 3273 474 alii
3301 415 3511 477 veritate
3533 420 3815 499 damnantur,

613 514 764 573 aliud
789 516 961 587 magis
1004 528 1167 587 quam
1197 514 1372 586 ipsum
1422 525 1832 585 promereatur,
1882 530 1989 570 non
2035 514 2201 570 Deum

611 609 765 675 colit,
799 607 897 664 sed
927 608 1059 665 illud
1084 609 1229 679 quod
1262 608 1478 679 assequi
1507 610 1841 679 concupiscit
1862 607 2020 681 (Aug.
2048 624 2200 663 serm.

610 698 675 753 11
706 701 759 755 in
785 701 975 772 psalm.
1005 716 1199 768 cxvm,
1223 702 1293 768 6;
1337 700 1528 774 Prosp.
1558 704 1613 755 in
1643 701 1815 757 eumd.
1845 702 2056 774 psalm.,
2086 700 2201 771 56).

910 794 1052 850 XXI.
1094 797 1173 851 De
1200 795 1417 851 occultis
1447 813 1550 851 non
1571 796 1895 869 judicandis.

678 885 759 944 De
783 887 1013 944 occultis
1036 888 1221 944 cordis
1248 888 1412 944 alieni
1438 896 1640 944 temere
1656 888 1898 957 judicare
1924 894 2204 958 peccatum

608 990 728 1046 est,
788 991 838 1037 et
880 998 1003 1039 enni
1037 1002 1061 1020 ι
1100 983 1250 1054 cujus
1283 998 1390 1038 non
1422 983 1671 1039 videntur
1703 997 1868 1051 opera
1897 982 1999 1037 nisi
2040 984 2200 1053 bona,

606 1072 855 1143 iniquum
888 1084 1059 1130 estex
1082 1075 1390 1143 suspicione
1410 1073 1841 1145 reprehendere;
1874 1089 1994 1129 cum
2018 1089 2203 1129 eorum

606 1180 729 1236 quas
760 1164 967 1223 homini
1010 1175 1137 1223 sunt
1166 1165 1326 1240 547
1359 1166 1627 1236 incognita
1653 1210 1667 1233 ,
1701 1167 1848 1221 solus
1878 1166 2016 1220 Deus
2039 1165 2201 1235 judex

603 1260 677 1314 sit
702 1259 902 1329 justus,
938 1260 1026 1326 qui
1062 1271 1119 1315 et
1160 1259 1438 1330 inspector
1464 1269 1545 1315 est
1586 1274 1746 1315 verus
1793 1256 2095 1329 (Zephirini
2120 1275 2199 1329 ep.

606 1350 634 1403 1
660 1367 674 1417 ;
712 1350 903 1421 Prosp.
931 1352 984 1404 in
1004 1354 1191 1424 psalm.
1221 1367 1409 1418 cxvm,
1442 1351 1559 1421 59).

968 1444 989 1511 ,’
1040 1442 1211 1498 XXII.
1249 1442 1330 1498 De
1354 1443 1618 1515 adjutorio
1657 1439 1774 1496 Dei.

684 1536 861 1592 Divini
892 1548 977 1594 est
1000 1538 1241 1593 muneris
1265 1578 1281 1605 ,
1327 1552 1449 1593 cum
1496 1547 1551 1594 et
1596 1546 1743 1592 recta
1782 1539 2077 1608 cogitamus
2102 1580 2117 1606 ,
2150 1547 2206 1594 et

603 1629 774 1698 pedes
806 1640 1020 1687 nostros
1052 1646 1081 1685 a
1113 1630 1351 1686 falsitate
1378 1629 1406 1669 δ
1448 1640 1503 1686 et
1544 1630 1804 1701 injustitia
1836 1632 2198 1687 continemus.

604 1719 827 1787 Quoties
858 1723 1001 1779 enim
1030 1724 1171 1779 bona
1202 1723 1446 1795 agimus,
1480 1723 1622 1779 Dcus
1647 1724 1701 1777 in
1737 1722 1892 1778 nobis
1918 1733 2077 1795 atque
2108 1738 2203 1778 no-

601 1816 844 1881 hiscum,
894 1826 953 1872 ut
990 1832 1279 1889 operemur
1326 1826 1582 1888 operatur
1636 1816 1892 1889 (Prosper
1925 1819 1979 1873 in
2008 1817 2197 1890 psalm.
2229 1815 2278 1877 Β

603 1924 787 1979 cxvnr,
820 1910 919 1977 59;
952 1920 998 1967 et
1038 1928 1223 1966 canon.
1259 1910 1293 1967 9
1324 1927 1469 1965 conc.
1500 1912 1691 1965 Araus.
1720 1910 1805 1982 ιι).

851 2002 1041 2059 XXIII.
1085 2004 1164 2059 De
1200 2002 1524 2074 passionibus
1559 2012 1855 2057 sanctorum
1887 2013 1933 2055 ε.

672 2095 828 2153 Justo
871 2096 1075 2167 judicio
1121 2096 1217 2153 Dei
1261 2097 1419 2152 datur
1465 2096 1784 2167 plerumque
1823 2094 2201 2165 peccatoribus

599 2196 844 2257 potestas
882 2204 986 2259 qua
1032 2197 1245 2244 sanctos
1284 2188 1454 2258 ipsius
1497 2196 1891 2260 persequantur
1921 2205 1936 2245 :
1970 2186 1995 2226 ά
2023 2196 2083 2243 ut
2109 2190 2199 2259 qui

600 2278 807 2351 Spiritu
842 2281 938 2337 Dei
971 2281 1230 2352 iuvantur
1265 2291 1321 2337 et
1351 2293 1581 2353 aguntur
1606 2325 1621 2349 ,
1670 2280 1801 2337 fiant
1831 2298 1924 2352 per
1951 2282 2198 2338 laborum

601 2372 860 2428 exercitia
891 2373 1153 2429 clariores
1184 2372 1436 2444 (Prosper
1461 2375 1513 2427 in
1545 2373 1733 2443 psalm.
1765 2389 1953 2439 exvtn,
1977 2372 2088 2444 62).

995 2464 1183 2521 XXIV.
1224 2464 1304 2520 De
1344 2467 1558 2521 scientia
1600 2468 1716 2522 boni
1751 2478 1796 2521 θ.

672 2559 790 2615 Νοη
826 2571 908 2615 cSt
936 2574 1062 2616 vera
1104 2560 1325 2616 scientia
1374 2560 1503 2616 boui
1528 2602 1544 2628 ,
1586 2562 1689 2617 nisi
1729 2561 1796 2617 ad
1828 2562 1930 2618 hoc
1955 2576 2197 2630 compre—

599 2650 887 2718 hendatur,
917 2662 974 2707 ut
1000 2663 1187 2724 agatur
1223 2671 1235 2707 :
1273 2651 1291 2691 τ
1326 2668 1435 2709 non
1466 2654 1616 2709 enim
1665 2655 1868 2710 utiliter
1909 2654 2199 2710 meditatur

599 2740 774 2815 legem
830 2744 965 2811 Dei,
1013 2746 1124 2815 qui
1172 2745 1378 2800 laborat
1435 2754 1492 2800 ut
1537 2747 1794 2801 memoria
1836 2754 2015 2803 teneat
2056 2746 2199 2817 quod

600 2835 813 2892 actione
840 2852 945 2893 non
979 2836 1162 2905 implet
1206 2835 1424 2909 (Prosp.
1456 2838 1507 2891 in
1531 2839 1716 2909 psutm.
1748 2854 1929 2906 cxvut,
1964 2840 2055 2906 71,
2083 2838 2195 2911 77).

1030 2927 1195 2982 XXV.
1238 2928 1316 2982 De
1345 2945 1517 2983 amore
1551 2930 1677 3000 legis
1721 2941 1768 2984 ε.

672 3018 776 3085 Qui
815 3018 990 3089 legem
1028 3019 1123 3073 Dei
1167 3018 1370 3089 diligit,
1407 3020 1601 3090 probat
1631 3035 1690 3077 se
1724 3020 1750 3058 ιι
1792 3024 1842 3077 in
1892 3024 2199 3081 hominibus

602 3107 800 3179 iniquis
827 3109 879 3165 id
910 3109 1051 3180 quod
1075 3118 1262 3166 c0ntra
1284 3110 1459 3181 legem
1492 3122 1575 3167 est
1603 3112 1929 3180 odisse,non
1954 3114 2199 3171 homines

602 3200 820 3273 (Prosp.
850 3204 903 3256 in
931 3202 1119 3272 psalm.
1147 3218 1339 3272 cxvm,
1377 3202 1524 3274 H5).

824 3296 1013 3352 XXVI.
1054 3294 1133 3350 De
1176 3298 1467 3352 scrutandis
1504 3298 1763 3354 mandatis
1802 3298 1899 3354 Dei
1935 3302 1977 3353 ¹.

676 3388 923 3444 Mandata
946 3387 1042 3443 Dei
1066 3391 1318 3455 scrutari,
1344 3389 1445 3445 nisi
1468 3389 1647 3461 quieta
1671 3406 1844 3461 mens,
1870 3407 1974 3447 non
1998 3401 2195 3463 potest.

602 3479 675 3537 Ut
718 3496 846 3552 ergo
893 3480 1206 3552 religiosum
1258 3492 1578 3539 exerceatur
1618 3482 1855 3538 studium
1886 3528 1900 3551 ,
1936 3484 2198 3555 abigenda

599 3580 728 3627 sunt
767 3572 945 3644 jurgia
990 3573 1347 3645 malignorum
1398 3574 1637 3647 (Prosp.
1679 3578 1732 3631 in
1778 3578 1963 3648 psalm.
2008 3595 2195 3651 cxvut,

600 3666 749 3738 us).
1868 3714 1879 3717 ,

554 3788 557 3809 ;
1013 3760 1229 3819 XXVII.
1270 3760 1349 3819 De
1378 3766 1695 3836 proﬁciendo
1725 3768 1771 3822 i.

670 3851 840 3911 Nemo
867 3862 976 3910 tam
1006 3857 1281 3926 eruditus,
1314 3875 1474 3917 nemo
1505 3872 1612 3917 tam
1640 3862 1834 3918 doctus
1870 3872 1954 3919 est
1991 3866 2079 3935 qui
2108 3880 2199 3922 su-

601 3959 768 4013 perna
808 3948 1165 4005 illustratione
1196 3966 1303 4006 non
1342 3963 1496 4024 egeat
1530 3974 1541 4006 :
1574 3954 1600 3991 ¹ί
1634 3971 1741 4013 non
1774 3958 1917 4012 enim
1948 3958 2022 4012 ita
2052 3959 2197 4015 nulla

603 4036 906 4093 divinorum
926 4039 1191 4097 bonorum
1214 4054 1499 4113 augmenta
1526 4045 1820 4115 sufficiunt,
1848 4057 1907 4103 ut
1930 4064 2032 4105 non
2056 4065 2199 4105 sem-

602 4144 701 4198 per
729 4132 966 4201 supersit
1003 4136 1146 4203 quod
1180 4150 1332 4189 mens
1375 4138 1651 4195 rationalis
1680 4151 1737 4195 et
1793 4142 2195 4213 intelligendum

605 4220 881 4278 desideret
919 4232 975 4280 et
1019 4224 1312 4294 gerendum
1375 4230 1393 4299 (
1421 4228 1609 4301 Prosp.
1666 4233 1719 4286 in
1772 4235 1958 4304 psatm;
2008 4252 2195 4306 cxvnr,

602 4312 750 4370 I25).

709 4316 727 4386 )
909 4406 1145 4465 XXVIII.
1189 4410 1267 4467 De
1296 4412 1497 4485 duplici
1525 4429 1675 4485 apere
1706 4413 1803 4469 Dei
1838 4415 1883 4470 ι.

672 4498 729 4555 Si
764 4514 954 4556 omnes
985 4500 1233 4559 homines
1261 4505 1421 4560 simul
1466 4506 1875 4565 consideremus
1902 4551 1917 4579 ,
1965 4528 2190 4584 quorum

670 4667 695 4694 ι
740 4657 1105 4747 Edit._CoLon.
1136 4673 1271 4747 vet.,
1304 4668 1451 4747 cujus
1480 4682 1633 4747 opera
1665 4686 1766 4723 non
1800 4673 2057 4741 videntur,
2091 4679 2191 4733 nisi

2374 4678 2403 4706 °
2444 4677 2584 4732 Edit.
2612 4676 2805 4731 Colon.
2829 4684 2961 4742 vet.,
2988 4690 3077 4729 nec
3103 4674 3515 4731 cehorlationem
3543 4669 3847 4747 discretiotwm

2299 4758 2600 4820 sequantur.
2634 4748 2731 4801 Ms.
2750 4747 3023 4811 .Ioliensis,
3046 4764 3135 4801 nec
3156 4749 3422 4818 exemplo,
3448 4763 3537 4802 nec
3557 4746 3850 4800 cohortatione

592 4739 964 4815 conduxsotu's‘
984 4732 1117 4812 Deus
1132 4737 1299 4815 jndcx
1321 4732 1543 4807 sit,quia
1562 4740 1729 4815 iustus
1750 4754 1842 4809 est,
1871 4753 1916 4796 et
1938 4732 2191 4815 inspector

594 4810 761 4877 rents.
795 4801 895 4877 Ms.
923 4801 1159 4877 Retnigf,
1190 4802 1319 4857 Cum
1348 4801 1521 4860 eor-um
1550 4801 1664 4877 qua:
1695 4801 1914 4868 hominis
1949 4801 2070 4872 sunt

592 4872 795 4955 cognita
817 4874 957 4955 solus
969 4873 1109 4955 Deus
1121 4877 1368 4955 judesrsit
1380 4872 1573 4955 justus,
1588 4884 1677 4955 qui
1701 4886 1951 4955 inspector
1972 4900 2045 4944 est
2063 4872 2186 4947 veri.

663 4946 692 4984 ι)
864 4944 1097 5021 “enim”
1122 4942 1161 4998 ἦ
1198 4942 1425 5021 falsitate
1454 4942 1739 5021 injuslitiw.

667 5026 690 5054 ε
740 5014 881 5085 Εύίι.
923 5013 1114 5070 Colen.
1149 5013 1254 5072 vet.
1282 5019 1452 5085 addit,
1484 5013 1517 5073 ᾱ
1546 5025 1713 5078 ntalis.

663 5085 691 5171 «ξ
733 5084 1017 5171 ἕξτμϐξξιιξ.
1043 5096 1097 5141 et
1125 5087 1257 5171 edit.
1282 5104 1412 5171 app.
1440 5084 1694 5171 August.,
1733 5108 1787 5150 ut
1824 5100 1901 5153 illi
1930 5106 2033 5171 qui.

666 5166 689 5227 εξ
734 5154 875 5227 ﬁdit.
906 5157 1021 5227 Gul.
1054 5167 1159 5212 vet.
1194 5154 1373 5227 addit,
1397 5171 1446 5214 et
1486 5154 1703 5221 actione.

669 5225 687 5261 ί
736 5225 910 5279 Edilio
940 5225 1056 5281 Col.
1090 5239 1225 5294 vet.,
1257 5225 1512 5285 inutiliter
1544 5247 1734 5291 autem.

664 5304 689 5369 tt
734 5296 911 5369 _E_ditio
935 5295 1123 5352 CoIon.
1155 5309 1264 5355 vet.
1299 5302 1476 5369 addit,
1509 5306 1561 5357 in
1587 5306 1896 5366 hominibus.

662 5362 691 5450 ξι
732 5364 1093 5450 b‘Is‘s..Re‘m_ig.
1119 5380 1173 5450 et
1200 5372 1333 5450 Jo_l._._
1360 5374 1414 5425 in
1440 5362 1668 5450 omnibus
1692 5362 1895 5450 iniquis.

668 5432 686 5517 ξ
724 5432 912 5517 Egilio
934 5432 1190 5517 golrvet.
1214 5432 1745 5517 addit,qsinejurgiis.

666 5503 680 5591 ξ
724 5502 902 5591 {tl-ditio
929 5506 1122 5590 Colon.
1151 5522 1264 5568 vet.
1297 5502 1563 5591 addi_t__hi_'c
1591 5502 1806 5591 sEmper.

657 5569 686 5663 ξ
718 5573 1091 5663 glsznllelmi'gq
1118 5599 1221 5636 non
1247 5586 1391 5663 enini
1412 5585 1503 5639 illa
1525 5569 1773 5663 ξιάίὰὅιῖ
1795 5569 1925 5663 vet.,
1948 5598 2058 5654 ulla
2081 5601 2173 5657 ita.

661 5642 691 5730 ξ
716 5643 898 5730 _E_diti_o
918 5642 1251 5730 ‘Coloti._vet.
1274 5656 1440 5723 addit,
1467 5642 1901 5720 misericordite'e't
1912 5642 2176 5730 3237.13}:

651 5724 693 5799 ξε
716 5714 963 5799 biﬁdo].
985 5735 1092 5799 non
1120 5723 1280 5781 habet
1311 5714 1499 5783 vocem
1530 5730 1667 5786 hanc
1694 5774 1707 5795 ,
1734 5714 1971 5796 Domini:

649 5790 681 5855 Ρ
720 5785 1119 5869 EditioColon.
1140 5806 1249 5854 vet.
1279 5799 1462 5865 addit,
1497 5817 1612 5857 cum
1642 5785 1815 5864 malis.

2308 508 2577 566 universae
2604 509 2711 564 vim
2732 508 2965 578 Domini,
2990 509 3045 566 id
3070 517 3173 581 est,
3195 511 3543 570 misericordia
3568 524 3616 573 et
3636 520 3812 590 veritas,

2306 616 2406 659 suo
2434 604 2541 660 line
2568 602 2838 659 distincta:
2876 612 3020 660 sunt.
3064 604 3121 661 Si
3151 614 3326 660 autem
3363 606 3499 662 solos
3526 619 3714 667 sanctos
3747 612 3813 670 in-

2306 704 2588 764 tueamur,
2616 712 2723 753 non
2752 696 3129 755 discernuntur
3157 696 3240 753 ιιιιξ
3268 700 3366 753 vite
3393 708 3432 737 ³³
3462 701 3672 759 Domini.
3697 703 3814 761 Indi-

2307 788 2468 846 vidua
2504 789 2647 846 enim
2679 791 2750 847 ibi
2785 797 2907 860 est,
2946 800 3002 847 et
3033 806 3064 846 a
3103 790 3466 847 misericordia
3500 794 3709 863 veritas,
3732 805 3815 853 ets

2308 883 2535 940 veritate
2564 884 2937 941 misericordia
2969 900 2986 944 :
3028 884 3151 955 quia
3190 884 3456 941 beatitudo
3483 896 3753 944 sanctorum
3775 899 3817 946 et

2307 973 2375 1031 de
2425 990 2651 1032 munere
2701 977 2886 1047 gratia:
2934 987 3040 1044 est,
3086 985 3141 1033 et
3178 976 3245 1032 de
3285 978 3616 1036 retributione
3646 980 3819 1050 iustitia

2308 1067 2523 1139 (Prosp.
2555 1070 2609 1124 in
2635 1070 2823 1143 psalm.
2854 1084 3045 1139 cxvnt,
3081 1068 3230 1142 151).

2638 1161 2834 1218 XXIX.
2877 1160 2957 1218 De
2986 1162 3305 1219 observantia
3326 1163 3463 1235 pacis
3484 1172 3529 1217 ⁸.

2376 1256 2699 1313 Christiana:
2748 1256 3099 1328 perfectionis
3148 1266 3233 1313 est
3271 1257 3539 1329 paciﬁcum
3568 1273 3671 1313 esse
3697 1257 3820 1332 διδ

2307 1353 2468 1409 etiam
2489 1368 2613 1410 cum
2642 1352 2788 1424 pacis
2812 1352 3067 1419 inimicis,
3100 1366 3195 1423 spe
3224 1350 3585 1419 correctionis,
3612 1366 3705 1407 non
3727 1367 3823 1407 con-

2311 1459 2476 1500 sensu
2516 1444 2869 1515 malignitatis
2896 1462 2907 1497 :
2946 1453 3004 1499 ut
3024 1445 3067 1499 si
3098 1458 3199 1499 nec
3237 1442 3571 1515 exemplum,
3596 1451 3619 1480 ο
3647 1458 3729 1499 nec
3750 1458 3820 1498 co-

2306 1534 2665 1593 hortationem
2689 1536 2995 1593 dilectionis
3016 1545 3313 1607 sequantur
3330 1580 3345 1604 ,
3376 1550 3556 1592 causas
3575 1544 3726 1591 tamen
3744 1550 3823 1590 non

2308 1631 2541 1687 habeant
2572 1630 2767 1700 quibus
2800 1629 2983 1688 odisse
3013 1644 3113 1687 nos
3133 1630 3368 1688 debeant
3394 1629 3591 1703 (Prosp.
3612 1630 3658 1685 in
3677 1630 3820 1700 pulsi.

2306 1741 2452 1793 cxnx,
2486 1726 2560 1796 7).
2826 1750 2835 1771 κ

2733 1817 2904 1873 XXX.
2934 1817 3010 1872 De
3039 1817 3277 1873 custodia
3297 1816 3392 1872 Dei
3415 1827 3461 1871 ιτ.

2381 1915 2629 1973 Custodit
2658 1930 2756 1972 nos
2784 1916 3045 1972 Dominus
3070 1916 3140 1971 ab
3170 1916 3316 1971 omni
3349 1913 3509 1983 malo,
3539 1928 3634 1968 non
3654 1921 3702 1969 ut
3725 1911 3825 1968 nihil

2306 2010 2575 2080 patiamur
2604 2008 2819 2065 adversi
2846 2049 2861 2075 ,
2902 2008 2999 2065 sed
3029 2018 3088 2064 ut
3116 2008 3250 2079 ipsis
3278 2007 3669 2063 adversitatibus
3690 2005 3823 2059 anima

2304 2119 2410 2160 non
2442 2103 2695 2158 laedatur.
2751 2102 2887 2158 Cum
2920 2102 3064 2158 enim
3106 2102 3337 2158 tentatio
3366 2100 3512 2157 adest
3535 2142 3549 2166 ,
3581 2099 3633 2154 ﬁt
3657 2098 3825 2169 quidam

2303 2195 2355 2251 in
2387 2192 2439 2250 id
2470 2195 2613 2266 quod
2654 2209 2753 2250 nos
2795 2194 3074 2265 impugnat
3103 2194 3398 2261 introitus;
3447 2204 3474 2244 τι
3509 2201 3561 2249 et
3592 2206 3696 2248 cum
3719 2192 3825 2246 bono

2304 2290 2411 2344 line
2438 2334 2451 2358 ,
2486 2288 2538 2343 id
2566 2296 2649 2344 est
2668 2332 2682 2359 ,
2707 2288 2827 2343 sine
2857 2288 3078 2343 vulnere
3102 2288 3300 2343 anima:
3328 2329 3343 2355 ,
3387 2287 3600 2343 tentatio
3624 2298 3825 2341 consum-

2303 2392 2507 2449 matur,
2530 2380 2596 2435 ad
2626 2390 2884 2437 aeternam
2912 2380 3178 2452 requiem,
3204 2380 3275 2436 de
3297 2379 3558 2451 profundo
3582 2374 3827 2448 temporalis

2306 2474 2509 2530 laboris
2536 2473 2720 2529 exitur
2764 2472 2977 2545 (Prosp.
3005 2475 3059 2528 in
3088 2472 3280 2544 psalm.
3308 2488 3432 2539 cxx,
3462 2471 3533 2545 Ἰ).

2712 2564 2908 2621 XXXI.
2944 2575 2967 2602 τ
2993 2562 3071 2619 De
3094 2565 3359 2639 adjutorio
3386 2565 3500 2620 Dei.

2376 2668 2398 2694 ι
2442 2657 2521 2715 Ad
2550 2659 2790 2715 caelestis
2829 2656 3131 2713 Jerusalem
3179 2657 3512 2714 consortium
3557 2671 3653 2712 non
3685 2666 3826 2709 ascea-

2303 2750 2477 2819 dunt,
2510 2750 2617 2806 nisi
2667 2750 2761 2821 qui
2792 2758 2905 2805 toto
2954 2749 3118 2805 corde
3162 2750 3490 2819 profitentur
3514 2790 3528 2815 ,
3553 2762 3649 2803 nos
3674 2743 3825 2817 proprii

2303 2844 2483 2913 operis
2508 2885 2524 2911 ,
2577 2842 2671 2898 sed
2702 2842 2870 2897 divini
2920 2855 3043 2898 esse
3086 2843 3371 2912 muneris,
3416 2840 3551 2912 quod
3593 2836 3827 2895 ascendunt

2306 2935 2529 3007 (Prosp.
2558 2936 2610 2989 in
2641 2935 2825 3007 psalm.
2854 2948 3001 2998 cur,
3028 2932 3105 3004 4).
3177 2948 3187 2955 ·

2475 3025 2692 3081 XXXII.
2738 3027 2757 3062 τ
2802 3024 2881 3080 De
2925 3025 3057 3080 odiis
3084 3027 3272 3080 mundi
3300 3026 3356 3080 in
3382 3023 3700 3080 Christianos.

2375 3122 2579 3177 Omnes
2624 3120 2715 3190 qui
2748 3121 2799 3175 in
2841 3118 3061 3175 Christo
3091 3120 3180 3189 pie
3211 3121 3404 3177 volunt
3427 3120 3637 3183 vivere,
3665 3125 3833 3170 necesse

2229 3207 2277 3273 C
2308 3225 2392 3271 est
2413 3226 2471 3271 ut
2497 3216 2565 3270 ab
2596 3215 2775 3285 impiis
2803 3223 2857 3271 et
2884 3213 3240 3270 dissimilibus
3302 3217 3565 3287 patiantur
3585 3206 3836 3282 opprobria,

2302 3317 2359 3364 et
2384 3309 2753 3378 despiciantur
2782 3315 3055 3377 tamquam
3085 3306 3233 3361 stulti
3268 3318 3332 3362 et
3367 3307 3559 3374 insani,
3586 3303 3667 3374 qui
3689 3309 3713 3338 υ
3736 3312 3838 3370 ρη-

2305 3402 2481 3456 sentia
2532 3400 2673 3456 bona
2719 3398 2986 3469 perdant,
3036 3407 3091 3454 et
3139 3399 3441 3454 invisibilia
3482 3397 3579 3453 sibi
3619 3409 3675 3450 ac
3704 3391 3839 3447 futura

2303 3503 2331 3533 ν
2360 3492 2698 3565 promittant.
2724 3492 2831 3548 Sed
2856 3492 2971 3546 haec
2993 3491 3282 3561 despectio
3304 3503 3360 3548 et
3380 3491 3556 3548 irrisio
3576 3499 3601 3527 ι
3624 3490 3670 3545 ἱη
3693 3482 3840 3554 impios

2302 3584 2727 3654 retorquebitur,
2762 3596 2882 3637 cum
2915 3589 2971 3636 et
3006 3581 3347 3638 abundantia
3390 3597 3574 3637 eorum
3606 3582 3652 3634 in
3676 3584 3839 3648 egesta-

2302 3688 2411 3733 tem
2441 3718 2454 3741 ,
2483 3685 2537 3731 et
2566 3674 2817 3745 superbia
2851 3674 3125 3730 transierit
3168 3674 3221 3729 in
3253 3677 3629 3732 confusionem
3670 3671 3839 3735 (Prosp.

2298 3773 2355 3825 in
2378 3771 2561 3842 psalm.
2587 3785 2751 3833 cxx",
2780 3770 2858 3839 5).

2587 3859 2831 3916 XXXIII.
2874 3870 2903 3909 7
2956 3858 3033 3913 De
3071 3862 3331 3931 patientia
3371 3860 3618 3932 ﬁdelium.

2375 3957 2508 4012 Tota
2536 3953 2781 4010 ﬁdelium
2812 3953 2957 4008 salus
2983 3997 2995 4021 ,
3027 3960 3138 4007 tota
3185 3954 3469 4023 patientiae
3510 3945 3773 4009 fortitudo,
3796 3938 3841 3994 ad

2305 4069 2428 4110 eum
2459 4050 2549 4121 qui
2579 4050 2632 4104 in
2662 4046 2861 4103 sanctis
2890 4047 3004 4101 suis
3030 4055 3114 4101 est
3148 4046 3423 4102 mirabilis
3461 4041 3720 4101 referenda
3747 4044 3841 4092 est:

2303 4146 2427 4216 quia
2454 4143 2555 4197 nisi
2590 4143 2642 4196 in
2695 4140 2802 4195 illis
2842 4137 3103 4194 Dominus
3150 4147 3344 4206 esset,
3388 4138 3557 4193 furori
3607 4132 3842 4205 impiorum

2301 4239 2565 4309 fragilitas
2614 4236 2847 4289 humana
2891 4231 3272 4289 succumberet
3339 4231 3570 4305 (Prosp.
3618 4229 3666 4283 in
3704 4222 3843 4296 psalm-

2303 4347 2490 4398 cxxnt,
2525 4330 2602 4400 5).

2659 4419 2905 4476 XXXIV.
2954 4418 3033 4473 De
3056 4420 3311 4488 obsequiis
3345 4419 3548 4474 debitis.

2374 4521 2448 4575 lta
2477 4527 2531 4574 et
2552 4533 2580 4573 a
2608 4516 2857 4589 plebibus
2888 4514 3178 4585 principes,
3210 4522 3266 4569 et
3293 4529 3326 4569 a
3352 4512 3526 4569 servis
3550 4504 3733 4565 domini
3755 4501 3847 4555 sunt

2300 4822 2609 4876 dilectionis.

2372 4903 2401 4941 P
2448 4893 2621 4946 Edilio
2649 4891 2840 4945 Colon.
2877 4898 2980 4944 vel.
3010 4889 3192 4953 addit,
3223 4889 3275 4941 in
3312 4892 3615 4943 tentatione.

2372 4972 2398 5012 ει
2441 4963 2629 5017 Colon.
2664 4972 2772 5016 vet.
2801 4960 2968 5015 editio
2989 5002 3001 5022 ,
3038 4972 3083 5013 et
3112 4951 3242 5013 sicut
3272 4960 3411 5014 bono
3438 4963 3544 5031 ﬁne
3565 5001 3589 5031 ,ί
3609 4957 3659 5031 id
3692 4962 3752 5009 est
3777 4951 3857 5004 sine

2294 5036 2527 5100 vulnere,
2560 5034 2745 5087 anima:
2771 5032 2981 5087 tentatio
3003 5041 3415 5086 consummatur.
3440 5029 3545 5087 Ms.
3566 5029 3690 5094 10].,
3714 5032 3855 5078 etcum

2298 5108 2450 5159 bona.

2376 5188 2397 5214 τ
2444 5176 2586 5231 Edit.
2618 5174 2734 5231 Col.
2773 5184 2909 5240 vet.,
2941 5173 3017 5228 De
3046 5189 3253 5227 munere
3284 5173 3388 5228 Dei
3418 5177 3474 5228 in
3505 5186 3713 5227 ascensu
3739 5162 3859 5217 Jeru-

2297 5250 2455 5301 salem
2466 5288 2477 5301 .

2374 5328 2396 5355 ο
2443 5320 2539 5372 Ms.
2572 5318 2780 5388 Remig.
2806 5360 2819 5385 ,
2852 5317 2933 5371 Ad
2966 5316 3179 5371 cwlestis
3209 5315 3585 5371 Israelitarunt
3615 5303 3860 5366 Jerusalem

2298 5391 2615 5443 consortium
2642 5406 2742 5442 non
2766 5390 3082 5453 ascendunt,
3112 5389 3212 5441 nisi
3240 5388 3329 5455 qui
3352 5388 3697 5457 'conﬁtentur,
3720 5392 3806 5435 etc.

2376 5463 2393 5495 ί
2441 5461 2629 5515 Colon.
2663 5468 2773 5516 vet.
2805 5460 2960 5526 edit.,
2994 5460 3069 5513 De
3096 5460 3234 5512 odio.

2370 5539 2397 5565 υ
2441 5532 2584 5585 Edit.
2614 5531 2807 5586 Colon.
2836 5541 2977 5599 vet.,
3012 5531 3065 5584 in
3094 5530 3397 5599 praesentia.

2369 5611 2398 5638 ν
2438 5602 2536 5673 Ms.
2566 5602 2822 5673 .Ioliensis
2843 5645 2857 5667 ,
2893 5603 3214 5673 perquirunt:

2364 5681 2392 5708 ι
2438 5672 2536 5726 Ms.
2570 5672 2674 5725 JoI.
2698 5715 2712 5740 ,
2757 5674 2809 5725 in
2842 5661 3005 5742 ipsos:
3042 5672 3142 5727 Ms.
3180 5671 3401 5742 Remig.
3424 5713 3440 5739 ,
3480 5673 3539 5726 in
3570 5670 3729 5742 ipsis,
3759 5661 3870 5717 forte

2290 5757 2390 5813 pro
2422 5744 2475 5795 in
2506 5743 2665 5812 ipsos.

2364 5824 2392 5864 γ
2431 5808 2625 5871 Colon.
2660 5823 2769 5872 vet.
2796 5814 2950 5880 edit.,
2985 5813 3063 5871 De
3082 5814 3346 5884 patientia
3368 5857 3388 5880 ,
3416 5816 3477 5871 in
3506 5831 3609 5881 quo
3638 5808 3875 5869 consistat.

3925 4372 3927 4461 φ
