4006 6356
208 366 308 426 433

210 577 544 650 temporalia,
577 589 631 633 et
660 587 950 649 sperentur
973 586 1197 634 aeterna.
1240 579 1419 649 Auget
1457 579 1602 634 enim
1634 586 1658 614 α
1687 592 1805 634 me-

210 674 304 730 rita
332 672 551 728 virtutis
575 712 593 739 ,
638 671 782 742 quod
820 671 1158 742 propositum
1190 685 1299 727 non
1327 671 1498 727 violat
1523 670 1806 742 religionis

213 767 424 840 (Prosp.
456 769 511 822 in
535 766 723 840 psalm.
755 781 944 836 cxxtv,
973 767 1052 838 3).

345 861 568 919 XXXV.
600 861 628 901 δ
660 861 738 917 De
775 863 1047 918 toleranda
1084 867 1329 921 uarietate
1378 863 1660 918 mundana.

277 957 431 1014 necti
474 958 640 1014 corde
678 958 744 1014 de
788 959 1077 1028 prmeeptis
1107 960 1204 1015 Dei
1244 968 1299 1015 et
1325 957 1807 1016 constitutionibus

217 1068 314 1110 non
343 1061 646 1122 queruntur
680 1069 696 1106 :
728 1051 852 1121 quia
884 1051 1088 1122 justum
1113 1061 1198 1108 est
1225 1053 1402 1107 omnia
1433 1052 1807 1124 aequanimiter

217 1145 404 1217 accipi,
437 1160 558 1216 qua
585 1145 926 1215 iudicaturus
959 1154 981 1184 ο
1007 1143 1174 1200 voluit
1224 1145 1445 1201 tolerari
1489 1143 1704 1217 (Prosp.
1752 1145 1808 1200 in

219 1239 396 1310 psalsn.
427 1253 614 1306 cxvut,
644 1236 727 1308 4).

441 1330 685 1388 XXXVI.
729 1329 809 1386 De
837 1332 1182 1404 aedificatione
1209 1332 1391 1388 domus
1434 1331 1554 1386 Dei.

281 1429 449 1504 559
472 1429 660 1485 Omnis
679 1429 851 1484 sancti
873 1427 1088 1484 :editicii
1107 1436 1307 1498 status,
1335 1428 1476 1484 sicut
1498 1429 1609 1486 Deo
1627 1426 1654 1467 ά
1680 1442 1809 1501 ope-

217 1533 370 1582 nnte
419 1523 668 1595 prolicit,
703 1523 774 1578 ita
806 1522 918 1578 Deo
967 1523 1309 1579 custodiente
1349 1523 1615 1579 consistit.
1659 1523 1808 1592 Quo-

220 1616 359 1671 niam
409 1625 536 1670 tunc
586 1614 736 1670 utilis
783 1613 1196 1685 praepositorum
1235 1613 1484 1669 custodia
1533 1622 1639 1679 est,
1684 1629 1808 1670 cum

225 1710 457 1781 Spiritus
479 1709 576 1766 Dei
608 1710 806 1781 populo
836 1724 936 1765 suo
959 1708 1234 1779 prassidet,
1268 1716 1324 1764 et
1349 1724 1456 1764 non
1480 1709 1652 1765 solum
1689 1723 1812 1780 gre-

661 362 866 421 LIBER
902 360 1445 422 SENTENTIARUM
1485 360 1582 418 EX
1621 358 1963 421 OPERIBUS
2004 362 2060 423 S.
2103 365 2478 427 AUGUSTINI
2519 369 3036 436 DELIBATARUM.

209 483 432 550 ferendi.
460 493 522 541 ut
548 484 648 540 sub
677 484 1071 541 exercitatione
1099 484 1402 540 tolerantia:
1430 474 1804 538 sustineantur
1828 488 1882 545 Α

3387 381 3497 440 454

2188 488 2346 547 XLII.
2395 492 2490 548 De'
2518 495 2829 569 impunitate
2868 501 3208 570 peccantium.

1979 581 2119 638 Nihil
2175 584 2440 644 infelicms
2481 599 2565 646 est
2615 591 2872 651 felicitate
2918 595 3285 666 peccantium,
3320 603 3361 632 ω
3391 609 3499 666 qua

1906 677 2135 748 poenalis
2162 679 2404 738 nutritur
2453 684 2778 755 impunitas,
2813 695 2868 743 et
2906 687 3046 744 mala
3072 688 3323 748 voluntas
3347 689 3502 749 velut

1884 770 2080 828 'hostis
2111 773 2340 831 interior
2365 777 2652 834 roboratur
2683 780 2842 853 (Aug.
2868 782 3022 849 ibid.,
3053 799 3110 838 n.
3140 782 3252 855 14).

2337 869 2522 926 XLIII.
2551 872 2629 927 De
2657 872 2784 946 legis
2825 876 2992 930 littera
3014 885 3064 931 ιι.

1977 959 2136 1031 Legis
2167 962 2365 1030 littera,
2413 982 2536 1038 quae
2564 968 2724 1024 docet
2747 984 2853 1025 non
2899 985 3022 1028 esse
3062 969 3418 1043 peccandum,
3446 972 3499 1036 si

1908 1055 2140 1126 Spiritus
2169 1058 2448 1116 viviﬁcans
2477 1061 2636 1129 desit,
2667 1063 2886 1120 occidit.
2915 1073 2940 1103 ο
2970 1065 3106 1122 Sciri
3130 1067 3274 1124 enim
3304 1082 3498 1139 pecca-

1910 1156 2023 1203 tum
2054 1148 2180 1205 facit
2209 1149 2388 1220 potius
2421 1168 2582 1222 quam
2626 1157 2808 1210 caveri
2834 1174 2847 1208 :
2906 1158 3070 1230 550
3090 1167 3144 1215 et
3172 1159 3294 1216 ideo
3321 1159 3505 1233 magis

1910 1242 2091 1312 augeri
2115 1257 2276 1314 quam
2298 1243 2498 1310 minui;
2519 1245 2645 1316 quia
2668 1249 2827 1304 malae
2858 1252 3314 1322 concupiscentia:
3333 1256 3504 1314 etiam

1909 1337 2283 1406 praevaricatio
2307 1338 2441 1412 legis
2471 1342 2680 1399 accedit
2704 1342 2864 1417 (Aug.
2893 1344 2958 1399 de
2981 1345 3126 1416 Spir.
3151 1357 3199 1403 et
3227 1347 3357 1406 Litt.
3379 1350 3498 1419 c.5,
3617 1331 3626 1336 ’

1913 1429 2026 1487 Ml.

1985 1431 2004 1502 )
2348 1527 2531 1583 XLlV.
2575 1528 2652 1584 De
2677 1531 2788 1602 tege
2813 1540 2860 1587 et
2885 1533 3072 1604 gratia.

1985 1618 2093 1674 Lex
2137 1619 2261 1675 data
2309 1630 2393 1676 est
2442 1631 2499 1677 ut
2538 1625 2717 1694 gratia
2743 1636 3118 1697 quaereretur:
3163 1627 3335 1700 gratia
3380 1631 3506 1689 data

1913 1720 1998 1766 est
2024 1721 2079 1766 ut
2121 1712 2207 1768 lex
2242 1713 2578 1784 impleretur.
2608 1717 2792 1790 Neque
2818 1720 2963 1775 enim
3000 1736 3100 1778 suo
3124 1721 3256 1778 vitio
3277 1739 3382 1778 non
3406 1725 3508 1780 im-

221 1821 334 1877 ges,
389 1805 484 1861 sed
537 1805 700 1861 etiam
750 1807 898 1875 ipsos
943 1804 1198 1875 dignatur
1238 1804 1514 1862 custodire
1566 1815 1810 1876 pastores
1838 1878 1880 1885 _
1916 1803 2183 1874 plebatur,
2213 1805 2307 1861 sed
2349 1807 2480 1863 vitio
2526 1809 2829 1879 prudentiae
2871 1813 3092 1868 carnis:
3125 1814 3271 1885 quod
3315 1816 3508 1874 vitium

220 1899 433 1972 (Prosp.
455 1900 508 1953 in
530 1915 611 1971 ps.
640 1914 819 1964 cxxvt,
850 1898 927 1970 1).

576 1995 845 2052 XXXVII.
887 1996 964 2052 De
983 1998 1189 2053 (sternis
1224 1999 1450 2070 gaudiis.

289 2089 538 2146 ﬁterute
586 2089 823 2145 civitatis
872 2100 1074 2145 aeterna
1107 2098 1233 2144 sunt
1259 2089 1476 2161 gaudia,
1509 2099 1532 2128 ε
1563 2098 1615 2145 et
1655 2099 1807 2145 stan-

225 2186 349 2240 tium
378 2184 591 2239 dierum
629 2181 872 2255 'perpes
903 2183 1141 2239 intinltas
1191 2198 1290 2239 nec
1340 2182 1655 2249 variabilur,
1711 2199 1812 2240 nec

226 2277 429 2332 labetur
454 2292 471 2331 :
497 2276 620 2347 quia
645 2275 1071 2331 incommutabili
1096 2289 1230 2345 pace
1259 2276 1554 2342 potientur,
1578 2292 1808 2346 quorum

225 2371 458 2424 omnium
493 2369 598 2425 erit
629 2368 852 2433 bonum,
885 2368 1029 2441 quod
1062 2368 1223 2424 fuerit
1268 2369 1432 2424 etiam
1470 2369 1809 2442 singulorum

226 2462 434 2534 (Prosp.
467 2463 522 2517 in
553 2481 635 2534 ps.
669 2479 865 2529 cxxvu,
891 2462 968 2535 5).

580 2555 871 2612 XXXVIII.
912 2554 992 2612 De
1021 2558 1130 2628 lege
1164 2558 1450 2612 charitatis.

296 2649 405 2706 Lex
451 2648 652 2706 Christi
681 2659 706 2698 8
751 2649 1012 2720 perfectio
1042 2650 1323 2706 charitatis
1367 2659 1471 2717 est,
1514 2665 1618 2720 qua
1671 2651 1812 2708 Deus

229 2742 617 2813 proximusque
637 2740 904 2812 diligitur,
923 2750 978 2797 et
1003 2757 1098 2812 per
1119 2758 1280 2814 quam
1306 2742 1505 2798 dicitur
1533 2743 1812 2800 Conditori

231 2836 390 2908 legis,
419 2833 447 2874 δ
480 2835 686 2892 Dimitte
711 2837 854 2892 nobis
883 2836 1052 2892 debita
1073 2845 1250 2892 nostra
1277 2838 1411 2893 sicut
1439 2847 1486 2894 et
1514 2855 1605 2892 nos
1635 2838 1812 2893 dimit-

228 2931 381 2986 timus
406 2931 712 2987 debitoribus
739 2932 946 2986 nostris.
981 2931 1198 3004 (Matth.
1223 2949 1298 2999 v1,
1335 2932 1450 3002 12.)
1498 2931 1642 2989 Bene
1668 2933 1811 2989 enim

228 3033 502 3095 exspectat
527 3023 943 3094 promissionem
975 3024 1093 3090 Dei,
1116 3026 1207 3096 qui
1233 3025 1483 3080 mandata
1513 3025 1631 3095 ejus
1657 3039 1814 3081 exse-

225 3119 440 3186 quitur;
470 3134 571 3176 nec
602 3119 805 3175 frustra
836 3129 1023 3190 sperat
1051 3121 1382 3190 parcendum
1421 3123 1655 3191 peccatis
1675 3121 1808 3192 suis,

226 3213 310 3284 qui
337 3214 569 3285 ignoscit
594 3213 784 3268 alienis
807 3211 1024 3286 (Prosp.
1059 3214 1111 3268 in
1138 3231 1216 3285 ps.
1242 3230 1424 3282 cxxtx,
1454 3214 1534 3283 4).

587 3305 834 3364 XXXIX.
874 3305 955 3362 De
970 3308 1298 3380 jussionibus
1335 3307 1450 3362 Dei.

289 3401 434 3458 Nihil
463 3400 606 3456 Deus
631 3399 785 3471 jubet
826 3399 970 3470 quod
994 3399 1096 3455 sibi
1135 3401 1328 3471 prosit,
1374 3399 1468 3456 sed
1499 3399 1577 3454 illi
1609 3400 1692 3455 cui
1719 3400 1811 3469 ju-

225 3495 327 3550 bet.
361 3493 494 3550 ldeo
528 3507 690 3548 verus
718 3502 798 3548 est
823 3492 1102 3561 Dominus,
1137 3493 1226 3564 qui
1253 3507 1412 3547 servo
1446 3508 1554 3547 non
1584 3492 1813 3562 indiget,

224 3593 274 3641 et
298 3599 408 3658 quo
446 3597 640 3641 servus
667 3583 869 3658 indiget
897 3583 1054 3658 (Aug.
1102 3599 1185 3654 ep.
1214 3584 1337 3651 158,
1385 3584 1454 3638 ad
1486 3582 1812 3649 Marcellin.,

222 3693 362 3734 num.
390 3676 470 3748 6).

468 3769 585 3826 XL.
635 3768 652 3809 ί
699 3769 778 3825 De
821 3770 1149 3842 intemporali
1186 3771 1398 3826 scientia
1446 3769 1562 3826 Dei.

290 3863 346 3920 Id
378 3863 528 3935 quod
554 3863 609 3918 in
657 3870 901 3934 tempore
938 3878 1137 3919 novum
1180 3872 1294 3932 est,
1344 3877 1450 3918 non
1497 3872 1583 3918 est
1620 3877 1816 3919 novum

226 3954 242 4008 l
275 3955 419 4028 apud
442 3957 638 4023 Deum,
663 3955 754 4026 qui
785 3955 1028 4011 condidit
1049 3965 1317 4026 tempora,
1339 3965 1392 4010 et
1425 3955 1544 4012 sine
1573 3964 1820 4026 tempore

223 4047 388 4104 habet
418 4046 446 4086 ι
464 4048 669 4113 omnia,
695 4063 814 4117 quae
841 4048 956 4103 suis
995 4049 1301 4117 quibusque
1328 4047 1695 4116 temporibus,
1723 4061 1820 4119 pro

222 4155 413 4197 eorum
438 4139 726 4207 varietate,
762 4139 1037 4195 distribuit
1062 4139 1224 4210 (Aug.
1258 4138 1409 4208 ibid.,
1442 4156 1497 4194 n.
1526 4139 1602 4208 7).

621 4227 758 4284 XLI.
811 4227 890 4284 De
938 4229 1261 4300 providentia
1303 4227 1419 4283 Dei.

287 4322 637 4379 Mutabilium
662 4321 1071 4392 dispositionem
1100 4317 1116 4357 ι
1144 4321 1500 4377 immutabilis
1522 4321 1659 4374 ratio
1687 4336 1823 4377 con-

221 4416 375 4482 tinet,
413 4414 508 4470 ubi
537 4415 658 4469 sine
689 4421 931 4484 tempore
957 4414 1118 4468 simul
1144 4421 1290 4479 sunt,
1320 4429 1440 4483 qute
1470 4413 1522 4468 in
1558 4415 1820 4484 tempori-

219 4507 315 4563 bus
347 4524 462 4564 non
511 4506 674 4562 simul
715 4508 871 4574 tlunt,
923 4505 1048 4577 quia
1095 4512 1339 4575 tempora
1370 4521 1476 4561 non
1507 4505 1670 4562 simul
1699 4522 1824 4562 curo

218 4613 338 4660 runt
363 4603 531 4678 (Aug.
560 4602 714 4669 ibid.,
747 4619 800 4656 n.
829 4599 909 4672 8).

286 4841 312 4870 ⁸
356 4833 461 4888 Ms.
495 4830 649 4887 Colb.
679 4838 734 4886 et
766 4829 894 4886 edit.
927 4828 1186 4899 August.,
1217 4830 1472 4883 meritum.

285 4904 316 4944 δ
355 4904 510 4960 Edit.
545 4902 736 4958 Colon.
776 4909 887 4957 vet.
912 4943 928 4969 ,
957 4900 1081 4956 Non
1130 4901 1376 4972 conqueri
1407 4900 1470 4956 de
1497 4901 1824 4956 constitutio-

215 4978 370 5031 nibus
401 4975 520 5029 Dei.

288 5059 312 5087 α
355 5047 558 5102 Colon.
588 5051 698 5100 vet.
731 5043 888 5106 edit..
918 5044 1152 5099 voluerit.

282 5115 311 5156 δ
341 5118 502 5174 COIb.
534 5115 657 5171 cod.
685 5130 810 5181 ms.,
844 5124 1146 5185 conpetente
1169 5130 1190 5180 ;
1211 5129 1274 5170 ac
1293 5115 1387 5169 iul.
1415 5115 1556 5178 loco,
1590 5117 1822 5170 custodia

211 5200 305 5256 est,
341 5189 476 5243 ordo
498 5197 590 5241 est.

284 5273 308 5299 ε
345 5261 451 5316 Ms.
486 5257 762 5323 Joliensis,
789 5267 836 5329 et
859 5257 1158 5312 instantium
1186 5257 1405 5312 dierum.
1449 5256 1545 5312 Ms.
1580 5257 1812 5329 Remig,

210 5343 254 5387 et
273 5331 533 5386 instantia
559 5330 777 5385 dierum.
813 5328 1026 5384 Postea.

284 5402 304 5442 ι
335 5402 537 5459 Colon.
567 5409 674 5457 vet.
707 5400 866 5465 edit.,
891 5401 1199 5470 perpetuitas
1241 5401 1480 5467 inﬁnita.
1501 5441 1546 5457 ..
1571 5439 1580 5448 .
1602 5416 1816 5469 quorum

207 5475 302 5528 erit
333 5473 573 5527 omnium
599 5473 808 5537 bonum,
841 5473 993 5526 etiam
1031 5487 1145 5541 qua:
1172 5471 1300 5540 ﬁunt
1327 5474 1670 5543 singulorum.

280 5555 307 5613 tr
338 5543 525 5613 Editio
546 5543 739 5598 Colon.
767 5553 904 5608 vet.,
929 5544 1172 5613 perfectio
1205 5551 1277 5597 est
1307 5544 1591 5598 charitatis.

278 5611 309 5652 ¹ι
332 5615 443 5672 Ms.
475 5612 730 5670 .Ioliensis
757 5613 908 5670 addit
930 5611 1036 5670 hic
1063 5614 1213 5682 Deo;
1239 5624 1296 5671 et
1321 5625 1443 5685 post
1471 5615 1676 5686 aliquot
1696 5631 1817 5674 ver-

205 5685 297 5758 ba.
323 5686 419 5758 qui
439 5686 744 5758 mandatum
779 5687 911 5758 ejus.

285 5757 304 5797 ί
337 5756 710 5830 Emendamus
731 5756 811 5813 ex‘
826 5773 931 5830 ms.
958 5756 1204 5825 Joliensi,
1237 5758 1291 5814 in
1317 5773 1424 5830 quo
1445 5757 1640 5815 melius
1664 5759 1817 5815 exhi-

204 5828 401 5902 betur_
426 5828 714 5894 sententia
756 5828 1014 5902 subjecta;
1055 5843 1250 5902 sensus
1295 5828 1454 5902 quam
1486 5831 1538 5887 in
1570 5831 1812 5898 caeteris,

207 5901 327 5962 ubi.
361 5896 430 5956 de
457 5904 728 5964 morati
753 5896 966 5956 scientia
986 5899 1200 5970 legitur.

1835 3260 1884 3328 C

1849 4831 1904 4894 D

1838 1878 1887 1940 Β
1914 1912 2009 1968 per
2039 1898 2210 1970 legem
2241 1878 2745 1971 demonstrandum,
2803 1921 2898 1976 per
2936 1878 3166 1978 gratiam
3205 1910 3508 1972 sanandum

1911 1987 2010 2045 fuit
2039 1989 2196 2062 (Aug.
2233 1993 2385 2058 ibid.,
2421 2012 2466 2049 c.
2495 1996 2608 2066 19).

2306 2085 2466 2144 XLV.
2510 2089 2589 2144 De
2617 2092 2954 2162 prbmissione
2993 2093 3109 2150 Dei.

1982 2176 2096 2232 Hoc
2125 2179 2392 2248 promittit
2438 2180 2603 2248 Deus,
2649 2182 2793 2254 quod
2834 2183 2952 2254 ipse
3004 2183 3154 2240 facit.
3202 2183 3321 2242 Non
3361 2188 3508 2246 enim

1913 2273 2029 2344 ipse
2069 2276 2334 2343 promittit
2357 2285 2410 2332 ct
2435 2277 2574 2332 alius
2606 2277 2733 2334 facit
2758 2297 2772 2334 :
2801 2279 2945 2349 quod
2977 2279 3089 2350 jam
3127 2294 3234 2335 non
3262 2289 3348 2338 est
3378 2298 3504 2350 pro-

1913 2369 2150 2437 mittere,
2180 2371 2273 2425 sed
2302 2372 2621 2442 praedicere.
2651 2372 2779 2428 Ideo
2809 2390 2911 2428 non
2941 2389 3004 2429 ea:
3043 2373 3299 2446 aperibus,
3332 2376 3423 2430 sed
3445 2393 3510 2431 ea:

1912 2471 2124 2516 uocante
2151 2462 2329 2533 (Rom.
2358 2479 2436 2531 tx,
2465 2465 2570 2530 12;
2605 2475 2654 2519 et
2684 2482 2757 2530 tv,
2788 2465 2845 2536 4)
2872 2483 2886 2532 ;
2917 2481 2984 2522 ne
3007 2467 3248 2536 ipsorum
3279 2467 3369 2533 sit,
3397 2484 3510 2526 non

1913 2555 2041 2620 Dei;
2086 2566 2141 2611 et
2167 2572 2377 2612 merces
2421 2574 2526 2613 non
2561 2557 2860 2650 imputetur
2906 2560 3201 2616 secundum
3242 2563 3506 2632 gratiam,

1915 2648 2007 2704 sed
2029 2649 2329 2704 secundum
2353 2650 2634 2718 debitum;
2662 2648 2825 2722 atque
2853 2653 2926 2708 ita
2957 2654 3130 2724 gratia
3153 2655 3264 2725 jam
3296 2672 3407 2714 non
3436 2658 3510 2714 sit

1915 2741 2084 2811 gratia
2116 2741 2273 2812 (Aug.
2302 2741 2454 2807 ibid.,
2485 2760 2532 2798 ε.
2557 2741 2674 2812 24).

2024 2835 2207 2891 XLVI.
2252 2835 2332 2890 De
2358 2838 2593 2905 ﬁdelium
2642 2839 2807 2912 culpis
2838 2851 2886 2896 et
2914 2842 3208 2910 inﬁdelium
3235 2842 3400 2900 bonis.

1989 2929 2143 2986 Sicut
2168 2946 2276 2986 non
2309 2930 2614 3001 impediunt
2655 2933 2723 2989 ab
2749 2942 2952 2990 aeterna
2983 2935 3093 2992 vita
3118 2937 3323 3007 justum
3355 2953 3511 3008 qua:-

1917 3023 2041 3080 dam
2073 3033 2294 3094 peccata
2327 3025 2580 3092 venialia,
2611 3027 2730 3083 sine
2760 3027 2957 3098 quibus
3001 3031 3118 3086 haec
3139 3032 3246 3086 vlta
3274 3046 3382 3088 nou
3406 3032 3514 3089 du-

1917 3115 2060 3170 citur
2084 3155 2101 3182 ,
2149 3116 2228 3172 sic
2251 3116 2316 3171 ad
2343 3116 2573 3173 salutem
2605 3127 2866 3175 aeternam
2915 3121 3046 3176 nihil
3098 3131 3320 3191 prosunt
3346 3123 3516 3194 impio

1919 3208 2098 3277 aliqua
2135 3208 2276 3264 bona
2325 3225 2512 3281 opera,
2557 3212 2678 3268 sine
2703 3213 2896 3283 quibus
2935 3213 3260 3271 difficillime
3287 3217 3394 3272 vita
3419 3231 3516 3272 cu-

1916 3301 2139 3374 juslibet
2165 3303 2386 3374 pessimi
2407 3303 2643 3360 hominis
2664 3305 2938 3362 invenitur
2960 3305 3121 3379 (Aug.
3152 3308 3305 3379 ibid.,
3325 3323 3374 3363 c.
3393 3308 3514 3379 2⁸1).

2158 3395 2364 3451 XLVII.
2409 3407 2436 3446 ιι
2463 3395 2544 3453 De
2569 3398 2722 3452 malae
2755 3398 3038 3454 voluntatis
3063 3398 3269 3466 eﬂ'ectu.

1991 3489 2123 3544 Cum
2156 3489 2408 3545 voluntas
2443 3491 2584 3545 mala
2623 3500 2942 3561 potestatem
2973 3493 3218 3563 accipitq
3242 3500 3300 3548 ut
3318 3492 3518 3552 efﬁciat

1921 3583 2062 3653 quod
2084 3585 2254 3655 cupit,
2299 3600 2362 3638 ex
2393 3584 2595 3654 judicio
2617 3585 2712 3640 Dei
2739 3586 2908 3652 venit,
2941 3591 3083 3656 apud
3115 3600 3274 3656 quem
3301 3602 3406 3642 non
3432 3597 3519 3641 est

1920 3675 2197 3746 iniquitas.
2238 3677 2399 3731 Punit
2424 3677 2568 3732 enim
2596 3677 2759 3732 etiam
2791 3677 2898 3733 isto
2928 3677 3124 3734 modo:
3150 3691 3252 3733 nec
3280 3677 3406 3734 ideo
3431 3678 3516 3733 itt-

1916 3765 2084 3835 juste,
2107 3767 2232 3837 quia
2269 3767 2500 3822 occulte.
2526 3766 2796 3822 Caeterum
2823 3766 3039 3838 iniquus
3069 3764 3246 3836 puniri
3267 3781 3330 3822 se
3357 3765 3516 3838 igno-

1922 3869 2028 3930 rat,
2057 3859 2162 3914 nisi
2185 3875 2305 3915 cum
2340 3871 2361 3898 τ
2394 3860 2682 3916 manifesto
2724 3860 2989 3930 supplicio
3019 3859 3254 3917 senserit
3282 3859 3512 3926 nolens,

1922 3964 2185 4024 quantum
2214 3954 2339 4010 mali
2369 3954 2439 4009 sit
2466 3954 2606 4025 quod
2626 3955 3151 4025 perpetravitvolens
3174 3953 3335 4028 (Aug.
3357 3953 3515 4022 ibid.,

1923 4063 1970 4100 c.
2001 4048 2115 4115 δι).

2375 4138 2607 4195 XLVIII.
2650 4137 2729 4194 De
2756 4139 2995 4212 superbia
3016 4147 3063 4194 ⁸.

1994 4232 2186 4287 Omnia
2207 4232 2338 4287 vitia
2372 4232 2424 4287 in
2448 4232 2748 4288 malefactis
2768 4232 3144 4288 tantummodo
3166 4232 3377 4290 valent:
3400 4234 3517 4291 sola

1925 4326 2176 4396 superbia
2206 4326 2368 4381 etiam
2393 4327 2446 4381 in
2481 4336 2627 4382 recte
2650 4326 2807 4382 tactis
2835 4327 3071 4383 cavenda
3101 4335 3186 4384 est
3218 4326 3377 4400 (Aug.
3419 4327 3513 4384 lib.

1924 4420 1989 4473 de
2022 4417 2150 4473 Nat.
2183 4429 2228 4473 et
2255 4418 2346 4472 Gr.
2384 4437 2430 4474 c.
2461 4418 2576 4487 27).

2252 4512 2436 4566 XLIX.
2467 4514 2486 4548 ί
2516 4511 2594 4565 De
2620 4513 2809 4581 impari
2835 4529 2931 4568 usu
2952 4517 3193 4584 fortunat.

2001 4607 2232 4662 Interest
2261 4604 2552 4677 plurimum
2580 4605 2756 4675 qualis
2784 4605 2855 4660 sit
2900 4619 3050 4672 usus,
3085 4605 3168 4662 vel
3195 4619 3381 4663 earum
3424 4619 3515 4662 re-

2003 4831 2016 4882 i
2057 4831 2154 4887 Ms.
2177 4831 2447 4898 Jnliensis,
2484 4838 2623 4897 apud
2653 4850 2769 4888 eum
2798 4837 2887 4901 qui

2001 4901 2027 4970 ξι
2061 4904 2202 4957 Edit.
2237 4903 2430 4958 Colon.
2464 4905 2632 4970 addit,
2669 4909 2914 4963 omnium.

2000 4961 2015 4994 ¹
2048 4975 2147 5047 llis.
2177 4974 2448 5047 {cliensis,
2474 4961 2808 5032 immutabilis
2837 4976 3124 5047 dispositio.

1998 5045 2158 5116 mils.
2184 5045 2552 5116 Remigianus,
2583 5050 2726 5116 quia.

1996 5115 2025 5144 ¹¹
2051 5115 2195 5171 Edit.
2221 5115 2410 5172 Colon.
2437 5115 2604 5188 addit,
2635 5122 2744 5174 sine
2785 5121 2904 5173 vita.

1999 5194 2022 5220 ο
2052 5187 2149 5242 Ms.
2183 5188 2315 5254 .Iul.,
2340 5189 2498 5252 Sciri,
2530 5187 2667 5244 utin
2702 5192 2820 5245 loco
2847 5189 3128 5258 Augustini
3173 5188 3225 5243 iu
3273 5188 3517 5255 margine

1924 5261 2107 5385 gitato.
2135 5260 2365 5343 Codices
2388 5261 2478 5316 alii
2499 5261 2875 5329 nostri,‘Scire,
2900 5261 2984 5315 cui
3009 5275 3112 5314 non
3137 5259 3273 5316 bene
3289 5273 3488 5330 respou
3514 5300 3516 5302 τ

1964 5340 2017 5385 et
2045 5347 2230 5385 caveri.

1964 5340 2017 5387 ct
2045 5333 2230 5387 caveri.

1997 5413 2024 5452 P
2053 5400 2171 5456 Col.
2198 5413 2308 5458 vet.
2334 5403 2488 5469 edit.,
2521 5403 2598 5457 De
2624 5404 2758 5457 mata
2787 5403 3047 5456 voluntate
3075 5410 3124 5456 et
3148 5409 3416 5472 potestate.

1996 5484 2024 5524 (ι
2050 5473 2192 5528 Edit.
2220 5475 2411 5531 Colon.
2448 5484 2580 5541 vet.,
2609 5475 2851 5544 eﬁicieudi
2871 5474 3006 5543 quod
3033 5476 3192 5544 cupit,
3227 5490 3292 5528 ex
3309 5475 3517 5545 judicio

1925 5547 2036 5617 ejus
2065 5546 2200 5599 venit
2218 5585 2230 5599 .
2255 5587 2268 5600 .
2293 5588 2306 5601 .
2327 5587 2339 5600 .
2368 5546 2546 5616 quanti
2573 5546 2698 5598 mali
2725 5549 2789 5598 sit
2813 5545 2951 5615 quod
2981 5546 3288 5611 perpetravit
3319 5545 3512 5598 uolens.

1998 5626 2020 5653 ι·
2044 5615 2143 5671 Ms.
2177 5615 2411 5686 Remig.,
2440 5617 2710 5686 manifesta
2748 5615 3002 5686 supplicia
3041 5617 3253 5671 senserit
3294 5615 3471 5669 nolens
3497 5654 3512 5681 ,

2129 5656 2143 5670 ο
2177 5654 2411 5682 ιιυιιιιδο.
2441 5654 2710 5682 ηιιιηιιυυικ
2748 5654 3002 5682 υκμμυινιω
3041 5654 3200 5671 ννιοοισ
3218 5654 3252 5670 ιο
3294 5654 3471 5669 ιιννιιιυ
3497 5654 3515 5681 ν

1923 5697 2044 5741 tunc
2054 5689 2298 5758 agnoscit
2315 5696 2580 5758 quantum,
2619 5696 2722 5758 etc.

1997 5767 2020 5796 ⁸
2050 5756 2192 5812 Edit.
2217 5755 2412 5814 Colon.
2443 5767 2555 5814 vet.
2580 5755 2748 5820 addit,
2766 5757 2818 5809 in
2843 5755 3008 5815 bonis.

1998 5829 2018 5864 ‘
2043 5825 2234 5900 Colon.
2264 5839 2399 5897 vet.,
2443 5827 2522 5886 De
2561 5828 2678 5900 pari
2705 5843 2820 5884 usu.
2853 5829 2950 5891 Ms.
2977 5831 3110 5898 Jol.,
3161 5828 3237 5884 De
3262 5843 3359 5884 usu
3385 5842 3510 5900 pro-

1920 5899 2058 5969 speri
2085 5907 2133 5953 et
2158 5900 2380 5955 aduersi.
