4006 6356
183 245 302 306 ητ-

632 234 836 296 LIBER
873 233 1417 296 SENTENTIARUM
1456 233 1552 292 EX
1590 230 1931 294 OPEBIBUS
1964 234 2028 298 S.
2066 233 2444 302 AUGUSTINI
2480 232 3003 298 DELIBA'I'ARUII.

3348 238 3457 301 ‘38

183 372 231 419 et
258 369 354 416 nos
376 354 719 415 emceremur
739 351 1032 426 participes
1055 351 1352 406 divinitatis
1381 351 1519 420 ejus,
1541 364 1647 406 non
1687 349 1755 405 de
1782 350 1836 410 A
1861 353 2128 422 promisit,
2163 353 2526 411 dissimulanti
2552 353 2693 411 diem
2720 355 3015 410 crastinum
3037 362 3146 409 non
3167 337 3458 423 rpdpondit

185 463 382 516 nostro,
409 450 505 506 sed
531 449 600 508 de
625 447 794 518 ipsius
818 445 976 518 (Aug.
999 444 1058 497 in
1077 459 1162 515 ps.
1184 457 1345 498 cxvm
1368 459 1468 498 ser.
1491 443 1578 510 l6,
1604 459 1656 498 η.
1691 441 1754 508 6;

185 556 341 602 ttaer.
374 541 464 611 i9,
491 557 546 594 n.
577 537 655 611 6).

424 630 586 688 LXV.
627 638 655 668 ι
688 628 804 699 Quo
833 627 954 684 odio
987 627 1198 683 odiendi
1233 627 1334 682 sint
1361 627 1507 684 mali.

252 728 551 786 Perlectum
579 722 761 780 odium
787 731 892 789 est,
915 719 1057 793 quod
1089 737 1188 777 nec
1208 721 1440 792 iustitia,
1465 736 1566 778 nec
1585 737 1760 780 scien-

191 825 252 880 tia
267 827 452 878 caret:
477 819 532 876 id
559 827 664 886 est,
694 825 756 873 ut
783 830 886 873 nec
906 822 1134 888 prepter
1173 816 1299 871 vitia
1328 815 1492 890 553
1517 817 1762 876 homines

188 915 358 974 oderis
383 952 402 981 ,
443 926 545 969 nec
587 910 717 967 vitia
753 917 978 982 propter
1023 908 1272 966 homines
1323 911 1533 982 diligas.
1595 911 1764 969 Recte

200 1025 318 1081 ergo
341 1009 396 1064 in
434 1006 594 1063 malis
622 1003 836 1062 odimus
863 1001 1140 1070 malitiam,
1169 1011 1226 1058 et
1248 1003 1522 1073 diligimus
1543 1012 1761 1060 creatu-

196 1120 339 1162 ram:
380 1112 441 1158 ut
479 1115 581 1158 nec
606 1107 828 1172 propter
871 1096 1059 1152 vitium
1107 1105 1301 1152 natura
1328 1098 1635 1163 damnetur,
1666 1113 1765 1154 nec

193 1206 401 1270 propter
419 1203 667 1252 naturam
688 1192 878 1247 vitium
906 1189 1158 1261 diligatur
1187 1191 1344 1264 (Aug.
1378 1192 1416 1246 ι.
1443 1206 1534 1248 xtv
1564 1192 1628 1247 de
1653 1191 1760 1248 Civ.

193 1310 234 1346 c.
257 1292 319 1356 ὃς
344 1289 539 1362 Proap.
567 1290 622 1343 in
647 1305 730 1358 ps.
755 1298 1019 1351 cxxxvm,
1046 1282 1164 1357 22).

371 1379 562 1438 ιινι.
592 1380 671 1436 De
693 1380 868 1437 labore
889 1381 917 1422 δ
944 1380 1249 1454 ﬁngentium
1278 1379 1564 1435 mendacia.

257 1473 497 1531 Dillicilia
529 1481 587 1528 et
611 1473 877 1529 laboriosa
905 1483 1034 1530 sunt
1061 1472 1316 1543 ﬁgmenta
1343 1473 1630 1528 mendacii.
1664 1474 1765 1543 Qui

198 1578 356 1625 autem
398 1581 590 1622 verum
636 1567 746 1622 vult
781 1567 987 1636 dicere,
1031 1582 1137 1622 non
1183 1566 1420 1630 laborat;
1472 1569 1767 1638 quietiores

197 1661 324 1717 enim
371 1666 503 1716 sunt
547 1660 673 1715 boni
717 1675 879 1728 quam
932 1659 1094 1726 mali;
1151 1668 1206 1716 et
1249 1660 1580 1716 absolutoria
1636 1671 1768 1717 sunt

1861 444 2020 521 (Aug.
2051 445 2202 515 ibid.,
2229 464 2283 502 n.
2321 446 2434 518 II).

2189 535 2405 596 LXXII.
2437 539 2510 596 De
2536 539 2824 596 humilitate
2854 541 3122 598 orandi'.

1931 627 2130 686 Rectus
2159 639 2243 687 est
2285 639 2340 687 et
2367 633 2512 688 bene
2537 632 2753 688 invocat
2779 631 2974 698 Deum,
2995 633 3084 704 Qui
3105 631 3168 689 in
3189 633 3451 691 omnibus

1863 725 2020 779 malis
2049 740 2168 792 qua:
2195 727 2396 796 patitur
2425 739 2482 782 se
2504 733 2745 792 accusat,
2766 741 2874 783 non
2900 724 3104 794 Deum;
3135 735 3194 783 et
3213 728 3270 784 in
3293 727 3453 784 bonis

1863 832 1983 889 quae
2015 817 2158 884 iacit,
2191 835 2300 874 non
2331 835 2391 874 se
2421 819 2626 885 laudat,
2648 819 2744 876 sed
2766 819 2963 876 Deum.
2993 819 3149 876 Sicut
3187 820 3332 877 enim
3359 835 3450 877 re-

1865 913 2012 984 pellit
2041 913 2185 969 Deus
2211 920 2430 982 peccata
2452 927 2546 967 sua
2575 909 2976 980 defendentem,
2999 913 3078 969 sic
3101 912 3297 985 recipit
3319 927 3451 970 con-

1865 1005 2109 1061 utentem
2142 1005 2300 1078 (Aug.
2325 1005 2477 1070 ibid.,
2512 1022 2566 1059 η.
2592 1005 2707 1076 t2).

2067 1096 2300 1152 LXXIII.
2336 1094 2414 1152 De
2451 1095 2795 1152 admiratione
2819 1103 3175 1152 creaturarum
3198 1103 3250 1150 ιι.

1938 1188 2101 1263 555
2131 1189 2388 1245 Mirabilis
2421 1199 2505 1244 est
2541 1188 2742 1246 fabrica
2771 1191 2981 1259 mundi,
3013 1190 3110 1246 sed
3149 1190 3454 1246 mirabilior

1866 1279 2178 1336 fabricator.
2207 1279 2277 1335 Et
2320 1280 2460 1336 male
2489 1290 2786 1351 occupatur
2810 1280 3026 1347 creatis,
3057 1282 3147 1352 qui
3176 1289 3203 1319 °
3234 1298 3261 1336 a
3289 1283 3456 1338 Crea-

1869 1383 1984 1428 tore
2021 1371 2284 1429 discedit:
2331 1382 2359 1422 P
2400 1371 2493 1444 qui
2534 1373 2580 1428 si
2613 1372 2839 1428 haeserit
2881 1373 3167 1444 superiori,
3200 1372 3456 1428 inferiora

1867 1463 2123 1530 calcabit;
2159 1478 2227 1519 ne
2254 1463 2398 1533 quod
2427 1463 2682 1520 dilexerit
2707 1471 2898 1518 contra
2925 1472 3196 1530 naturam,
3229 1472 3460 1520 com-

1867 1564 2010 1611 tatur
2037 1556 2087 1610 in
2121 1570 2332 1626 pmnam
2361 1555 2516 1626 (Aug.
2552 1556 2606 1609 in
2637 1571 2717 1628 ps.
2745 1567 2906 1624 cur,
2933 1569 2990 1609 n.
3019 1553 3102 1627 ὃ).

2221 1647 2458 1705 LXXIV.
2487 1648 2563 1703 De
2585 1650 2758 1704 anima
2781 1649 3100 1704 inordinata.

197 1754 393 1810 verba‘
419 1753 783 1810 veridicdrum
805 1769 965 1824 quam
985 1763 1291 1810 commenta
1312 1753 1580 1811 fallaciam
1607 1755 1764 1828 (Aug.
1798 1729 1842 1788 Β
1941 1740 2137 1798 Anima
2192 1740 2470 1797 Taliona‘is
2519 1742 2888 1810 Superioribus
2935 1741 3193 1799 inierim
3244 1754 3461 1814 πηρο-

197 1848 243 1902 in
262 1865 334 1920 ps.
361 1860 587 1912 ensis,
615 1863 670 1901 tt.
700 1845 810 1917 15).

515 1938 727 1994 LXVII.
761 1938 787 1976 ά
817 1938 896 1994 De
923 1938 1109 1994 divinis
1138 1937 1444 2012 Scripturis.

261 2029 415 2085 Bonae
444 2039 574 2085 sunt
603 2028 656 2083 in
687 2028 981 2101 Scripturis
1007 2030 1208 2086 sanctis
1237 2030 1618 2104 mysteriorum
1642 2045 1775 2102 pro-

200 2123 500 2190 luuditates,
535 2138 658 2194 qua
693 2123 768 2178 ob
807 2123 910 2179 hoc
953 2131 1230 2195 teguntur,
1261 2140 1331 2180 ne
1371 2126 1667 2193 vilescant;
1698 2128 1772 2184 ob

201 2214 294 2271 hoc
331 2223 664 2287 queruntur,
697 2224 756 2270 ut
786 2226 1109 2284 exerceant;
1139 2217 1210 2272 ob
1251 2216 1354 2272 hoc
1385 2227 1409 2255 ο
1431 2228 1611 2276 autem
1637 2234 1771 2291 ape-

203 2309 415 2376 riuntur,
448 2316 512 2364 ut
537 2318 762 2379 pascant
789 2309 930 2381 (Aug
955 2310 1009 2362 iu
1042 2326 1122 2382 pa.
1156 2324 1279 2378 cu,
1304 2327 1359 2364 η.
1385 2309 1461 2381 I).

515 2398 750 2457 LXVIII.
788 2397 807 2438 τ
846 2397 927 2455 De
953 2402 1184 2456 oratione
1213 2399 1443 2456 Domini.

265 2492 428 2549 Orans
457 2506 582 2547 cum
613 2491 812 2548 sudore
831 2493 1131 2562 sanguineo
1155 2491 1415 2548 Dominus
1442 2492 1598 2549 Jesus
1619 2495 1778 2550 Chri-

203 2593 309 2642 stus
355 2584 690 2656 siguit‘tcabat
733 2584 802 2640 de
848 2593 960 2640 toto
1006 2599 1234 2654 corpore
1267 2593 1291 2632 ι
1342 2600 1461 2650 suo,
1509 2587 1648 2657 quod
1693 2596 1776 2643 est

204 2678 464 2745 Ecclesia,
529 2686 871 2734 emanaturas
925 2687 1224 2750 martyrum
1282 2677 1562 2749 passiones
1614 2679 1770 2754 (Aug.

206 2769 352 2836 ϋὶἁ..
379 2785 432 2824 n.
464 2767 528 2833 ις
551 2778 601 2824 et
629 2770 682 2822 in
707 2785 788 2842 ps.
822 2783 1018 2834 unv.
1050 2785 1104 2823 n.
1141 2768 1216 2840 l).

395 2859 580 2917 LXIX.
609 2857 638 2898 ¹¹
669 2860 749 2916 De
772 2869 1212 2916 sacramentorum
1240 2861 1576 2934 perceptione.

268 2950 670 3008 Sacramentum
699 2951 916 3023 pietatis
944 2953 997 3007 iu
1021 2951 1287 3022 judicium
1319 2952 1420 3009 sibi
1447 2954 1611 3010 sumit
1640 2954 1778 3011 iudi-

202 3058 350 3121 ρος.
382 3043 534 3100 Bene
577 3045 721 3101 enim
766 3059 891 3100 esse
932 3059 1038 3099 non
1081 3053 1260 3114 potest
1308 3046 1450 3101 male
1491 3047 1777 3121 accipienti

207 3138 333 3208 quod
357 3138 560 3195 bonum
589 3149 670 3194 est
699 3138 854 3212 (Aug.
883 3140 934 3193 in
961 3156 1041 3212 pa.
1059 3153 1230 3205 cxw,
1258 3156 1313 3194 η.
1349 3139 1461 3211 l6).

567 3230 732 3287 LXX.
759 3232 836 3287 De
857 3232 1122 3286 laudando
1159 3232 1173 3269 ί
1210 3231 1397 3288 Deum.

267 3324 359 3394 Qui
396 3325 584 3381 laudat
627 3327 794 3382 Deum
826 3327 880 3382 in
916 3325 1194 3382 miraculis
1221 3326 1632 3394 beneficiorum,
1669 3343 1782 3385 tau-

206 3428 286 3474 aet
312 3418 472 3474 etiam
500 3419 551 3474 in
579 3417 874 3474 terroribus
897 3418 1185 3474 ultionum.
1219 3420 1235 3470 l
1272 3418 1404 3475 Nam
1429 3429 1485 3476 et
1509 3419 1783 3476 blanditur

207 3517 252 3564 ct
279 3511 531 3566 minatur.
565 3509 622 3566 Si
671 3527 776 3566 non
827 3510 1185 3577 blandiretur,
1220 3510 1364 3567 nulla
1405 3522 1549 3567 esset
1580 3513 1781 3568 exhor-

208 3603 352 3669 tatio;
389 3603 436 3658 si
490 3619 597 3658 non
625 3606 940 3669 minaretur,
974 3603 1117 3659 nulla
1147 3611 1294 3658 esset
1321 3605 1589 3660 correctio
1619 3606 1775 3680 (Aug.

206 3695 252 3749 in
277 3713 349 3766 ps.
376 3712 559 3759 cxuv,
593 3713 646 3750 η.
688 3697 760 3762 8;
793 3695 980 3763 Prosp.
1003 3698 1056 3750 in
1082 3699 1254 3752 eumd.
1285 3715 1391 3770 ps.,
1423 3698 1502 3769 5).

439 3786 637 3843 LXXI.
669 3786 742 3841 De
769 3789 1103 3842 acceleranda
1131 3791 1452 3845 conversione
1483 3789 1529 3844 κ.

290 3877 549 3938 Remedia
601 3879 624 3919 ι
676 3882 1047 3938 conversionis
1099 3882 1164 3938 ad
1222 3883 1396 3939 Deum
1447 3883 1608 3941 nullis
1661 3896 1786 3943 sunt

208 3975 632 4032 cunctationibus
671 3975 1000 4042 differenda;
1055 3991 1122 4032 ne
1171 3986 1383 4046 tempus
1432 3981 1785 4038 correctionis

208 4078 377 4137 pereat
419 4070 698 4127 tarditate.
741 4069 842 4138 Qui
883 4072 1028 4127 enim
1071 4067 1353 4142 pmniteuti
1398 4070 1785 4146 indulgentiam

271 4329 294 4358 ι
323 4319 477 4374 Edit.
497 4315 688 4373 Colon.
711 4324 848 4382 vet.,
881 4315 957 4370 De
973 4316 1262 4371 hominibus
1275 4315 1431 4372 malis
1459 4319 1711 4376 odiendis.

270 4392 297 4430 δ
333 4392 434 4447 Hs.
473 4389 745 4454 Jolieusis,
776 4387 1092 4460 (clientium.

275 4473 294 4501 ε
332 4464 468 4519 Mss.
511 4461 666 4532 Colb.
715 4472 768 4516 et
795 4460 900 4532 Jul.
939 4475 1058 4514 cum
1095 4459 1226 4514 edit.
1275 4474 1398 4530 app.
1449 4460 1677 4532 August.
1735 4473 1790 4519 et

208 4531 555 4616 omnesediti
578 4533 630 4586 in
657 4547 751 4615 ora
781 4531 926 4596 libri,
954 4532 1293 4585 veridicorum
1312 4546 1331 4598 ;
1353 4531 1455 4587 etsi
1479 4533 1530 4586 lii
1548 4531 1613 4588 in
1641 4544 1788 4590 textu

209 4613 506 4675 posuerint,
537 4613 820 4659 veracium.

272 4672 299 4757 fl
337 4677 437 4757 llis.
469 4674 742 4757 .Iolie'ttsis2
767 4673 845 4728 De
865 4673 1229 4757 quies-tionibus
1256 4674 1672 4757 scripturarum.

1806 3109 1853 3174 C

1874 1847 2032 1901 nens,
2075 1849 2181 1888 non
2231 1841 2412 1905 potest
2454 1847 2643 1904 regere
2692 1833 2838 1904 quod
2884 1834 3129 1906 regebat,
3177 1834 3306 1906 quia
3349 1835 3464 1907 regi

1875 1936 1906 1979 tt
1934 1927 2109 1984 noluit
2136 1945 2167 1985 a
2195 1942 2304 2000 quo
2330 1929 2618 1999 regebatur
2643 1929 2800 2001 (Aug.
2827 1929 2980 1998 ibid.,
3005 1946 3062 1985 η.
3093 1928 3176 2002 8).

2263 2019 2480 2076 LXXV.
2513 2021 2592 2076 De
2619 2039 2769 2093 paena
2795 2024 2989 2095 peccati
3018 2022 3070 2079 '.

1945 2112 2157 2186 Corpus
2203 2113 2380 2170 carnis
2431 2120 2630 2170 nostra:
2673 2124 3052 2172 ornamentum
3099 2116 3259 2172 nobis
3304 2114 3408 2174 fuit
3451 2137 3463 2171 :

1875 2209 2239 2282 peccavimus,
2271 2217 2325 2264 et
2367 2208 2660 2278 compedes
2710 2207 2834 2264 inde
2880 2210 3210 2278 accepimus,
3242 2219 3302 2265 ut
3343 2211 3466 2265 vin-

1875 2303 2010 2360 culis
2032 2301 2376 2357 mortalitatis
2395 2303 2573 2357 omnis
2595 2301 2954 2358 humanarum
2976 2305 3253 2360 actium
3275 2318 3466 2360 cursus

1874 2394 2259 2468 praepeditetur
2285 2393 2442 2465 (Aug.
2473 2393 2629 2464 ibid.,
2657 2409 2714 2448 n.
2748 2395 2864 2464 l7).

2198 2505 2438 2563 LXXVI.
2477 2505 2554 2560 De
2597 2507 2798 2560 ratione
2825 2515 2846 2543 '
2872 2509 3144 2579 pallendi.

1947 2598 2115 2656 Recte
2137 2601 2190 2656 in
2223 2600 2318 2655 Dei
2344 2599 2557 2654 laudem
2583 2593 2782 2668 psallit,
2809 2599 2963 2669 cujus
2992 2615 3157 2670 opera
3186 2615 3305 2656 cum
3334 2613 3470 2658 voco

1877 2692 2228 2750 concordant.
2261 2690 2390 2746 Nam
2419 2691 2570 2745 ﬁnito
2590 2693 2854 2759 carmine,
2887 2707 2986 2746 vox
3019 2701 3159 2747 tacet
3188 2709 3204 2747 :
3234 2694 3340 2748 vita
3369 2708 3468 2749 au-

1879 2794 1986 2842 tem
2019 2786 2071 2840 in
2103 2784 2260 2840 bonis
2284 2782 2494 2839 actibus
2521 2782 2545 2820 ⁸
2577 2795 2920 2853 permanens,
2954 2799 3241 2855 numquam
3274 2787 3469 2841 reticet

1879 2876 1996 2947 ejus
2039 2873 2289 2945 gloriam,
2331 2888 2490 2945 quem
2536 2874 2595 2930 iu
2629 2887 2694 2929 se
2729 2873 2930 2945 gaudet
2961 2876 3178 2944 operari
3212 2875 3371 2948 (Aug.
3415 2878 3468 2930 in

1881 2986 1961 3043 ps.
1990 2983 2174 3038 casn,
2207 2983 2262 3023 η.
2289 2965 2372 3040 2).

2342 3056 2608 3118 LXXVII.
2636 3060 2716 3116 De
2742 3059 2921 3115 timore
2938 3069 2989 3116 ιι.

1955 3153 2145 3210 Omnia
2171 3165 2292 3225 qua:
2332 3153 2608 3222 timentur,
2653 3152 3053 3210 rationabiliter
3075 3152 3421 3212 declinantur
3450 3170 3467 3208 :

1884 3247 2028 3304 Deus
2055 3247 2132 3302 sic
2162 3246 2429 3302 timendus
2455 3255 2558 3312 est,
2591 3254 2649 3299 ut
2683 3246 2751 3301 ab
2781 3247 2898 3317 ipso
2923 3247 2993 3304 ad
3024 3249 3196 3319 ipsum
3222 3257 3251 3288 ν
3281 3249 3471 3306 conlu-

1883 3341 2061 3412 giatur
2085 3347 2115 3376 ι
2142 3340 2300 3410 (Aug.
2336 3339 2487 3405 ibid.,
2514 3355 2566 3392 η.
2592 3335 2708 3408 20).

2185 3453 2466 3511 LXXVIII.
2494 3453 2572 3507 De
2591 3461 2736 3509 recta
2755 3454 3104 3509 sollicitudine
3129 3463 3180 3508 r.

1958 3568 2107 3624 Sicut
2139 3576 2465 3638 praepostera
2497 3567 2761 3621 securitas
2787 3567 2841 3620 in
2874 3566 3172 3634 periculum
3201 3567 3470 3637 impellit:

1887 3665 1961 3720 ita
2007 3663 2248 3718 ordinata
2294 3660 2599 3717 sollicitudo
2651 3661 2992 3716 securitatem
3041 3662 3180 3730 parit
3222 3661 3376 3733 (Aug.
3419 3663 3472 3716 in

1885 3777 1965 3831 ps.
1998 3772 2192 3820 CXLVII,
2218 3773 2270 3809 η.
2305 3752 2383 3824 5).

2316 3865 2554 3923 LXXIX.
2593 3864 2670 3921 De
2701 3867 2984 3940 uirginitate
3015 3875 3059 3920 '.

1963 3986 2251 4058 Virginitas
2278 3984 2480 4050 carnis,
2509 3998 2704 4053 corpus
2739 3983 3024 4047 intactum;
3048 3980 3328 4054 virginitas
3359 3982 3472 4036 aui.

1892 4095 2018 4149 mze,
2046 4079 2176 4135 iides
2204 4079 2505 4149 incorrupta
2531 4075 2688 4148 (Aug.
2716 4075 2869 4146 ibid.,
2901 4093 2956 4130 η.
2993 4075 3082 4144 10)

1961 4333 2002 4361 ω
2031 4323 2173 4378 Edit.
2203 4319 2396 4376 Colon.
2423 4330 2534 4376 vet.
2554 4319 2724 4385 addit,
2751 4320 2806 4373 in
2835 4317 2981 4372 bonis
3001 4334 3064 4370 ac
3095 4318 3263 4372 malis.

1964 4404 1992 4431 η
2022 4395 2215 4450 Colon.
2239 4400 2349 4447 vet.
2382 4392 2514 4447 edit.
2540 4392 2687 4445 addit
2718 4401 2762 4443 et
2793 4391 3096 4442 cali-mione.

1968 4476 1992 4502 ο
2022 4467 2149 4521 Mss.
2198 4464 2407 4533 Remig.
2441 4473 2491 4516 et
2521 4464 2652 4526 Jul,
2686 4462 2747 4513 ab
2769 4472 3018 4525 auctore;
3049 4458 3478 4533 idemquemar-

1892 4536 2002 4606 gini
2047 4529 2379 4592 inscribitur'
2402 4535 2455 4588 in
2500 4534 2658 4588 editis
2698 4533 2980 4596 omnibus,
3029 4529 3252 4600 dempto
3282 4531 3473 4588 Colon.

1897 4617 2006 4729 vei;
2029 4677 2219 4732 Colon.
2244 4685 2349 4729 vet.
2370 4673 2526 4740 edit.,
2553 4673 2636 4726 cui
2665 4673 2709 4727 si
2739 4672 3017 4727 inha'serit.

275 4756 297 4784 °
335 4747 395 4803 In
428 4761 564 4801 mss.
591 4738 799 4815 Remig.
831 4738 888 4800 et
911 4745 1132 4800 Joiiensi
1159 4746 1312 4800 deest
1339 4738 1547 4801 autem:
1577 4763 1674 4802 nec
1698 4749 1793 4803 ha-
1819 4738 1870 4798 D
1969 4760 1996 4800 (ι
2029 4749 2172 4803 Edit.
2203 4747 2394 4801 Colon.
2419 4738 2526 4799 vet.
2559 4754 2612 4799 et
2639 4746 2909 4814 Lugdun.,
2937 4744 3095 4798 voluit
3114 4760 3131 4809 ;
3153 4753 3341 4798 errore
3361 4755 3479 4797 ma-

207 4813 356 4876 betur
384 4818 438 4872 in
473 4817 592 4873 loco
627 4813 933 4887 Augustini.

275 4888 296 4928 ί
325 4888 524 4948 Colon.
579 4899 689 4944 vet.
719 4885 877 4956 edit.,
928 4885 1008 4942 De
1059 4887 1288 4943 oratione
1335 4887 1528 4944 Christi
1573 4891 1629 4944 in
1668 4905 1790 4946 san-

239 4977 378 5018 utne.

208 4981 433 5106 “iugis.
470 5030 721 5106 Joliensis
751 5029 900 5106 addit
931 5043 1225 5106 pronomen
1249 5046 1342 5106 suo
1366 5047 1382 5085 :
1405 5032 1491 5087 cui
1519 5036 1631 5106 ejus
1676 5048 1791 5089 res-

208 5104 409 5173 pondet
435 5105 490 5158 in
518 5104 639 5159 loco
669 5103 952 5173 posteriori
982 5100 1287 5172 Augustini.

172 5241 174 5246 _
212 5171 224 5173 “
275 5173 303 5246 ξι
332 5174 543 5246 iCﬁolop.
562 5171 683 5229 vel.
705 5174 861 5246 edit.,
884 5171 981 5246 De
997 5171 1331 5246 sacramentis
1348 5173 1430 5246 ad
1463 5173 1644 5246 malos.

164 5241 176 5276 ’ί
278 5241 297 5283 ί
329 5245 437 5302 Ms.
465 5243 719 5301 Jolicnsis
744 5241 852 5314 Deo
883 5243 1030 5314 legit.
1061 5245 1150 5298 ubi
1181 5245 1360 5300 caeteri
1386 5244 1566 5298 Deum.
1596 5243 1785 5302 Colon.

209 5324 310 5373 vet.
336 5315 474 5372 edit.
509 5314 585 5370 De
608 5315 762 5370 laude
786 5313 901 5382 Dei,
926 5313 978 5368 in
1009 5314 1266 5383 beneﬁciis
1292 5325 1339 5369 et
1365 5317 1537 5370 minis.

279 5391 294 5438 ι
334 5387 440 5444 Ms.
474 5385 749 5452 Joliensis,
784 5402 917 5439 nunc
959 5385 1241 5451 blanditur,
1284 5397 1330 5441 et
1373 5403 1507 5445 nunc
1545 5388 1792 5444 minatur.

207 5454 306 5515 IIS.
334 5454 573 5529 Retuig.,
609 5458 730 5513 Non
759 5459 893 5520 enim
930 5455 1193 5529 blanditur
1219 5465 1267 5512 et
1306 5458 1551 5526 minatur,
1585 5459 1674 5513 ubi
1703 5461 1798 5515 de-

210 5527 637 5604 sideraturnon,
665 5537 710 5583 et
739 5545 841 5582 non
872 5527 1122 5595 minatur,
1145 5537 1205 5585 ut
1229 5529 1283 5584 in
1305 5529 1436 5585 locis
1466 5530 1716 5604 Prosperi
1744 5539 1799 5588 et

211 5599 498 5672 Augustini
527 5601 774 5672 habetur.

277 5668 536 5727 i'Colon.
567 5678 677 5726 vet.
704 5671 838 5726 edit.
863 5668 1034 5736 addit,
1063 5671 1120 5727 in
1140 5671 1384 5728 remedio.

287 5737 312 5784 ι
339 5741 452 5802 lla.
475 5741 715 5810 Remig.,
741 5741 1090 5799 correctionis.

1893 4821 2091 4876 nifesto
2111 4834 2175 4872 ex
2201 4818 2302 4872 loci
2327 4830 2488 4872 sensu
2510 4824 2566 4870 et
2594 4817 2875 4886 Augustini
2901 4816 3058 4870 libro.

1969 4903 1990 4930 τ
2023 4891 2213 4945 Colon.
2245 4897 2352 4942 vet.
2383 4887 2513 4942 edit.
2545 4885 2719 4954 addit,
2754 4890 2807 4942 in
2837 4885 3184 4950 compedibus.

1967 4971 1989 4998 ³
2025 4960 2384 5016 Emendamus
2413 4974 2477 5014 ex
2504 4974 2606 5014 ms.
2640 4953 2766 5025 .Iol.,
2801 4973 2923 5013 cum
2955 4957 3008 5010 in
3027 4955 3186 5025 editis
3218 4953 3331 5025 fere
3359 4968 3478 5008 om-

1893 5033 2053 5089 nibus
2085 5032 2374 5087 haberetur
2398 5024 2758 5099 psallentium.
2780 5029 2898 5084 Col.
2927 5035 3035 5081 vet.
3065 5024 3224 5092 edit.,
3249 5024 3324 5079 De
3341 5027 3478 5095 psal-

1895 5106 2114 5160 lentibus
2139 5119 2254 5157 cum
2275 5117 2425 5173 opere
2452 5109 2498 5154 et
2526 5117 2666 5155 voce.

1976 5176 1996 5212 τ
2032 5175 2130 5230 liis.
2162 5173 2434 5238 Joliensis,
2468 5173 2828 5241 permanentis.

1969 5255 1998 5284 υ
2022 5247 2215 5301 Colon.
2246 5255 2355 5300 vet.
2390 5243 2519 5298 edit.
2546 5244 2694 5296 addit
2717 5253 2852 5295 recto

1972 5325 2002 5356 ν
2030 5317 2129 5372 Ms.
2162 5316 2398 5385 Rcmig.,
2428 5315 2805 5385 confugiamus.

1972 5397 2001 5426 ³
2031 5378 2392 5443 Colbertimis'
2414 5378 2758 5440 codex'addit
2785 5381 2908 5435 utile
2952 5378 3191 5449 prudenti
3219 5379 3294 5436 éat
3329 5399 3484 5436 mun-

1899 5462 2037 5516 dana
2056 5460 2269 5513 adversa
2296 5472 2486 5512 cavere.
2511 5456 2722 5510 Initium
2745 5461 2828 5508 est
2855 5452 3195 5520 Prosperiani
3214 5455 3484 5525 διάει-ειη.

1901 5532 2060 5589 matis
2091 5529 2179 5583 ⁵15.

1971 5611 2001 5653 γ
2030 5602 2172 5655 Edit.
2200 5599 2395 5655 Colon.
2429 5604 2536 5652 vet.
2559 5595 2724 5660 addit,
2755 5604 2802 5647 et
2823 5594 3112 5649 securitate.

1978 5680 2001 5711 ι
2031 5671 2221 5728 Colon.
2254 5679 2363 5727 vet.
2391 5668 2522 5724 edit.
2551 5666 2695 5721 addit
2718 5669 2950 5738 corporis
2972 5674 3019 5720 et
3048 5668 3257 5725 anima.
