4006 6356
572 289 681 351 sse
1299 231 1310 235 ’
1809 282 1870 339 s.
1910 276 2142 345 rnosm

2284 275 2617 347 AQUI‘I‘ANI
3704 292 3788 356 “0

934 401 1149 461 LXXX.
1179 410 1205 439 ⁸
1237 399 1314 456 De
1356 399 1508 454 modo
1559 395 1801 453 habendi.
2190 396 2247 458 Α
2708 391 2995 449 LXXXIX.
3024 392 3104 451 De
3128 393 3407 466 sepultura.

640 495 805 551 Multa
845 507 946 550 nos
977 494 1032 548 in
1062 490 1404 549 facultatibus
1435 490 1633 546 nostris
1658 488 1933 560 superﬂua
1960 487 2162 543 habere
2336 485 2489 543 Sicut
2544 485 2918 556 peccatoribus
2957 485 3216 542 divitibus
3254 485 3383 543 nihil
3424 500 3631 558 prosunt
3666 509 3791 554 exse-

569 584 601 628 δ
630 585 1002 658 probabimur,
1031 586 1079 643 si
1130 583 1435 641 necessaria
1474 582 1591 639 sola
1634 582 1990 640 retineamus.
2026 580 2160 637 Nam
2265 578 2407 650 quia:
2431 586 2779 649 sumptuosae,
2808 578 2879 633 ita
2899 578 3033 634 nihil
3063 588 3255 636 nocent
3276 587 3368 636 aut
3383 583 3534 650 viles,
3554 594 3637 641 aut
3660 591 3791 649 nulla

567 698 701 737 vana
730 680 1096 754 quaerentibus
1119 680 1251 735 nihil
1276 678 1496 746 sufﬁcit,
1521 687 1576 734 et
1602 677 1904 733 alienorum
1927 675 2160 747 quodam
2264 681 2578 729 sanctorum
2606 686 2904 743 pauperum
2935 673 3229 742 sepultura:
3266 671 3421 745 (Aug.
3452 674 3594 746 ibid.,
3621 694 3667 732 η.
3692 680 3788 754 25).

566 773 732 831 modo
776 782 1017 829 retentor
1051 780 1153 837 est,
1183 772 1273 841 qui
1321 771 1599 840 profutura
1644 769 1967 838 pauperibus
1997 767 2163 822 inuti-
2720 764 2831 823 XC.
2873 764 2953 820 De
2976 764 3207 839 gaudioi
3245 776 3398 823 recta.

563 862 689 921 liter
718 865 881 920 habet
910 864 1071 936 (Aug.
1114 878 1264 919 serm.
1304 862 1357 914 in
1390 879 1471 933 ps.
1504 874 1705 927 CXLVII,
1740 876 1795 913 n.
1830 858 1929 924 l2;
1964 856 2155 928 Prosp.
2335 856 2453 913 Non
2484 866 2661 929 potest
2690 873 2944 929 umquam
2971 858 3211 913 fraudari
3240 856 3663 920 delectationibus
3681 868 3789 936 suis,

564 954 618 1011 in
646 975 728 1028 ps.
761 973 938 1022 cxuv,
972 956 1051 1029 5).
2263 949 2426 1023 556
2452 950 2536 1006 cui
2558 950 2809 1006 Christus
2836 958 2918 1006 est
2941 950 3217 1021 gaudium.
3249 950 3469 1008 Eterna
3494 953 3623 1010 enim
3644 960 3787 1014 exsul-

930 1048 1166 1105 LXXXI.
1195 1048 1273 1103 De
1300 1045 1693 1119 cogitationibus
1727 1055 1774 1099 ε.
2263 1045 2393 1097 tatio
2418 1053 2521 1111 est,
2554 1059 2675 1113 quae
2706 1043 2849 1099 bono
2882 1044 3093 1097 laetatur
3120 1050 3349 1097 aeterno.

633 1146 915 1215 Quomodo
945 1160 1103 1201 aures
1136 1152 1336 1199 nostra:
1379 1142 1447 1197 ad
1492 1156 1654 1197 voces
1703 1148 1936 1205 nostras,
1989 1137 2149 1210 555
2535 1134 2668 1189 XCI.
2701 1132 2728 1171 ’ί
2763 1134 2899 1202 Quid
2924 1133 3180 1189 hominem
3217 1131 3328 1189 Deo
3347 1139 3553 1206 jungat.

561 1235 587 1275 δ
618 1239 696 1293 sic
734 1254 892 1294 aures
924 1238 1016 1293 Dei
1048 1237 1115 1292 ad
1143 1236 1501 1306 cogitationes
1532 1241 1766 1289 nostras.
1814 1231 1933 1287 Non
1977 1240 2155 1300 potest
2333 1228 2463 1296 Deo,
2488 1230 2578 1301 qui
2604 1229 2806 1300 ubique
2833 1238 2935 1295 est,
2958 1243 3065 1285 non
3098 1227 3251 1295 locis,
3284 1229 3378 1284 sed
3409 1230 3700 1298 actionibus,
3720 1241 3791 1289 aut

561 1340 738 1388 autem
787 1331 904 1387 ﬁeri
950 1340 1007 1386 ut
1042 1341 1064 1367 ε
1096 1330 1147 1385 in
1181 1330 1317 1385 mala
1360 1343 1526 1399 opera
1557 1336 1755 1384 exeant
1798 1325 2155 1395 cogitationes
2260 1320 2555 1392 longinqui,
2595 1318 2612 1359 ι
2658 1331 2749 1376 aut
2794 1321 3027 1391 proximi
3067 1336 3253 1376 sumus
3279 1338 3291 1373 :
3322 1320 3444 1392 quia
3464 1321 3595 1377 sicut
3618 1334 3792 1393 separat

560 1422 737 1491 bonae,
787 1425 1042 1493 quoniam
1092 1422 1197 1477 hoc
1237 1421 1452 1477 actione
1494 1419 1761 1491 promitur
1799 1416 1942 1488 quod
1984 1417 2150 1476 corde
2259 1414 2660 1481 dissimilitudo,
2696 1416 2767 1469 ita
2793 1429 2892 1469 nos
2920 1414 2997 1471 illi
3030 1414 3307 1486 coniungit
3343 1414 3566 1473 imitatio
3592 1416 3724 1490 (Aug.
3748 1421 3791 1474 in

562 1515 864 1586 concipitur
892 1514 1052 1586 (Aug.
1084 1516 1140 1569 in
1170 1533 1249 1585 ps.
1281 1529 1499 1580 chvm,
1531 1530 1586 1568 η.
1612 1512 1693 1583 2).
2258 1521 2337 1575 ps.
2371 1520 2554 1575 xxstv,
2584 1523 2637 1559 η.
2668 1504 2750 1577 6).

972 1606 1233 1664 LXXXII.
1267 1606 1344 1661 De
1373 1607 1572 1661 cantico
1595 1621 1740 1660 novo.
2726 1595 2887 1653 XCII.
2917 1595 2996 1652 De
3022 1598 3155 1654 bona
3184 1599 3390 1672 proelia.

633 1701 784 1759 Sicut
818 1702 1017 1758 veteris
1058 1699 1291 1756 hominis
1331 1709 1485 1756 vetus
1524 1700 1795 1755 canticum
1830 1699 1897 1755 ad
1938 1707 2149 1767 tempo.
2270 1755 2273 1759 η
2326 1689 2585 1746 Httmanae
2610 1690 2948 1761 mgritudinis
2970 1700 3075 1758 cst,
3098 1692 3151 1746 in
3179 1706 3344 1747 carne
3368 1690 3573 1747 mortali
3595 1690 3789 1749 delecta-

558 1796 709 1865 ralia,
755 1797 833 1851 sic
863 1797 987 1852 novi
1015 1795 1249 1851 hominis
1279 1810 1476 1850 novum
1508 1794 1778 1849 canticum
1817 1793 2055 1865 pertinet
2083 1793 2150 1850 ad
2182 1792 2230 1853 B
2256 1782 2457 1839 tionem
2504 1783 3010 1854 habere'peccandi.
3044 1784 3151 1841 Sed
3183 1784 3482 1857 discipulus
3518 1796 3789 1858 amatorque

558 1899 788 1957 mterna;
830 1899 883 1945 et
920 1889 992 1944 ita
1022 1889 1387 1960 unusquisque
1421 1896 1600 1943 cantat
1639 1894 1697 1941 ut
1738 1886 1887 1942 vivit.
1936 1886 2142 1943 Novum

2250 1875 2531 1942 virtutum,
2573 1890 2682 1930 non
2723 1890 2909 1945 pacem
2940 1876 3063 1931 huic
3090 1876 3543 1947 concupiscentia
3568 1876 3789 1944 tribuere.

558 1993 734 2039 autem
777 1982 1071 2049 canticum,
1100 1996 1319 2037 carmen
1351 1988 1436 2035 est
1466 1979 1591 2035 ﬁdei
1615 1994 1735 2051 qua:
1771 1995 1866 2051 per
1894 1980 2146 2036 dilectio-
2249 1967 2344 2024 Sed
2375 1967 2577 2024 bellum
2606 1968 2767 2025 debet
2790 1968 3031 2026 indicere
3061 1969 3291 2042 (Aug-5"
3320 1970 3452 2042 Ρεαί·
3485 1984 3635 2038 ιιιν,
3659 1988 3704 2025 η·
3728 1970 3788 2042 6)-

556 2090 678 2130 nem
706 2084 961 2145 operatur
982 2072 1138 2145 (Aug.
1168 2074 1221 2127 in
1248 2090 1323 2143 ps.
1358 2087 1542 2138 cxux,
1571 2089 1625 2127 η.
1654 2072 1733 2141 1).
2698 2060 2883 2117 XCIII.
2916 2061 2995 2116 De
3021 2079 3110 2134 spe
3139 2061 3396 2131 ﬁdelium.

899 2185 1187 2241 Lxxxm,
1231 2184 1306 2239 De
1332 2199 1451 2238 υενα
1480 2183 1792 2237 humum“.
2320 2151 2437 2209 Non
2487 2162 2542 2211 te
2595 2161 2819 2221 terreat,
2865 2153 3197 2221 Christiane,
3246 2154 3395 2225 quod
3444 2154 3632 2212 credita
3669 2153 3794 2211 dilic-

2248 2256 2480 2305 runtur:
2530 2249 2659 2305 licet
2700 2249 2755 2304 in
2805 2250 3123 2305 abscondito
3166 2249 3237 2304 sit
3290 2250 3591 2321 promissio,
3636 2250 3684 2305 in
3722 2265 3796 2319 spe

2252 2351 2428 2400 tamen
2458 2353 2768 2415 perseveret
2799 2344 2995 2399 oratio.
3043 2344 3319 2400 Exercere
3349 2344 3610 2416 operibus.
3647 2358 3795 2399 cresce

2249 2437 2558 2495 virtutibus.
2600 2437 2736 2493 Dum
2767 2437 2892 2494 ﬁdei
2924 2435 3228 2492 constantia
3255 2436 3539 2507 probatur,
3561 2434 3708 2507 gloria
3728 2448 3797 2490 re-

2253 2530 2562 2587 tributionis
2588 2539 2838 2601 augetur.

2539 2623 2719 2681 XCIV.
2765 2624 2842 2678 De
2868 2622 3181 2693 temporibus
3210 2632 3250 2661 ω
3280 2624 3558 2689 malarum.

2318 2716 2490 2773 Omne
2522 2726 2733 2788 tempus
2765 2716 3034 2772 malorum
3075 2715 3343 2786 pusillum
3388 2724 3489 2771 est.
3516 2712 3645 2783 Quid
3682 2711 3795 2769 enim

2248 2816 2358 2864 tam
2405 2809 2658 2880 exiguum
2689 2816 2716 2844 ιι
2766 2822 2926 2879 quam
2966 2806 3110 2878 quod
3140 2807 3193 2862 in
3239 2806 3353 2863 hoc
3384 2805 3582 2873 tendit,
3625 2812 3679 2861 ut
3713 2817 3796 2858 non

2246 2901 2349 2959 sit?

626 2278 765 2334 Vera
796 2277 1032 2334 ﬁdelium
1061 2276 1333 2331 humilitas
1360 2284 1465 2340 est,
1494 2274 1549 2329 in
1578 2273 1729 2328 nullo
1758 2273 2057 2344 superbire,
2090 2274 2144 2329 in

557 2372 707 2427 nullo
728 2386 1096 2437 murmurare;
1126 2385 1227 2426 nec
1250 2369 1519 2439 ingratum
1542 2382 1685 2434 esse,
1713 2381 1815 2422 nec
1834 2367 2141 2437 querulum,

557 2466 653 2521 sed
703 2467 755 2520 in
806 2464 1056 2521 omnibus
1104 2463 1200 2519 Dei
1241 2461 1462 2532 jttdiciis
1516 2460 1718 2531 gratias
1768 2460 1881 2517 Deo
1938 2475 2143 2530 agere,

556 2558 833 2629 Deumque
860 2557 1101 2623 laudare,
1125 2554 1280 2625 cujus
1311 2554 1492 2611 omnia
1521 2568 1685 2623 opera
1706 2562 1797 2609 aut
1818 2553 1963 2623 justa
1993 2561 2143 2620 sunt,

554 2660 647 2706 aut
673 2649 920 2720 benigna.

936 2762 1223 2819 LXXXIV.
1250 2762 1325 2818 De
1345 2760 1752 2833 desperantibus.

626 2860 792 2915 Nimis
827 2859 991 2913 miser
1030 2858 1227 2927 estqui
1259 2872 1366 2911 non
1397 2864 1581 2927 sperat
1613 2854 1631 2894 ί
1663 2854 1717 2910 in
1742 2854 1874 2920 Deo,
1907 2862 1961 2909 et
1989 2852 2057 2909 de
2085 2866 2145 2908 se

554 2952 657 3006 sibi
697 2950 931 3006 secunda
980 2948 1265 3018 promittit,
1306 2961 1430 3002 cum
1480 2962 1548 3003 ex
1593 2961 1660 3002 eo
1691 2946 1810 3016 ipso
1851 2944 1995 3015 quod
2033 2960 2144 3000 non

555 3052 759 3113 quaerat
792 3042 884 3096 Dei
911 3041 1190 3111 auxilium,
1218 3040 1287 3096 ab
1313 3039 1460 3096 omni
1488 3054 1584 3107 spe
1612 3054 1757 3095 verte
1782 3036 1972 3093 salutis
1994 3038 2143 3094 exci-

555 3133 693 3189 derit
722 3134 877 3203 (Aug.
908 3133 961 3186 in
991 3132 1125 3203 psal.
1155 3146 1348 3199 χχχιιι,
1374 3140 1605 3187 enarrat.
1635 3129 1692 3198 2,
1726 3147 1780 3183 η.
1808 3128 1922 3199 15).

1041 3248 1307 3305 LXXXV.
1343 3248 1420 3303 De
1443 3249 1656 3303 divitiis.

623 3343 682 3398 In
715 3356 905 3415 magna
938 3350 1180 3412 egestate
1218 3351 1342 3398 sunt
1383 3343 1473 3414 qui
1503 3342 1569 3398 de
1600 3341 1879 3412 iniquitate
1907 3349 2035 3397 sunt
2061 3341 2142 3397 di-

552 3437 721 3503 vites;
752 3435 978 3506 justitia‘.
1026 3450 1177 3506 opes,
1226 3445 1283 3492 et
1327 3435 1607 3506 sapientire
1655 3434 1935 3491 thesauros
1966 3444 1992 3484 ε
2035 3451 2140 3493 non

551 3529 790 3585 habent:
819 3528 910 3600 qui
940 3536 1119 3583 autem
1149 3526 1376 3583 Domino
1406 3526 1672 3595 serviunt,
1696 3542 1758 3584 ea
1790 3527 1931 3582 bona
1958 3528 2142 3600 acqui-

551 3630 678 3678 runt
714 3636 833 3692 qum
853 3620 1030 3691 perire
1051 3636 1155 3677 non
1186 3629 1411 3692 possunt
1439 3620 1595 3691 (Aug.
1625 3620 1774 3684 ibid.,
1806 3635 1857 3671 n.
1885 3618 2000 3690 l5).

2566 2996 2732 3055 XCV.
2767 3004 2792 3034 ο
2832 2996 2910 3051 De
2930 2996 3197 3052 charitatis
3223 3003 3522 3071 augmenta.

2317 3088 2525 3146 Crescit
2574 3104 2794 3161 semper
2842 3099 2869 3140 ι’
2921 3087 3203 3145 charitatis
3248 3086 3520 3156 facultas,
3570 3084 3683 3142 dum
3717 3095 3796 3139 usu

2171 3182 2218 3245 C
2252 3181 2445 3253 major,
2474 3189 2529 3238 et
2558 3181 2806 3252 largitate
2830 3179 2891 3235 ﬁt
2918 3179 3099 3236 ditior.

2626 3292 2808 3349 XCVI.
2840 3290 2913 3347 De
2938 3291 3140 3362 defectu
3167 3292 3453 3348 malarum.

2314 3386 2577 3442 Malorum
2603 3384 2935 3455 impietatem
2964 3385 3141 3453 perire
3183 3399 3416 3441 necesse
3444 3393 3544 3450 est,
3575 3390 3661 3439 aut
3698 3395 3801 3453 pro-

2243 3478 2361 3549 prio
2386 3477 2613 3550 judicio,
2642 3486 2733 3532 aut
2758 3476 3024 3532 sententia
3059 3477 3173 3531 Dei.
3224 3475 3387 3532 Nulla
3415 3478 3555 3533 enim
3587 3475 3800 3546 iniquitas

2244 3580 2549 3641 permanet,
2604 3570 2689 3626 cui
2747 3569 2909 3625 linem
2956 3576 3049 3623 aut
3093 3571 3390 3636 correctio,
3436 3578 3529 3625 aut
3569 3566 3802 3624 damnatio

2244 3664 2391 3720 facit.

928 3736 1217 3794 LXXXVI.
1247 3737 1322 3792 De
1347 3754 1463 3792 vera
1495 3737 1739 3792 bonitate.

2563 3756 2769 3814 XCVII.
2806 3756 2954 3814 Unde
2991 3760 3320 3814 adluereatur
3344 3758 3483 3814 Deo.

620 3833 740 3888 Non
766 3831 967 3889 sufﬁcit
992 3832 1267 3887 abstinere
1289 3847 1318 3886 a
1341 3832 1509 3897 malo,
1532 3829 1635 3885 nisi
1660 3829 1749 3884 ﬁat
1771 3829 1913 3900 quod
1936 3830 2138 3886 bonum
2318 3850 2611 3907 Λαδίκη-επις
2651 3850 2764 3906 Deo
2810 3859 2863 3906 ει
2892 3866 3106 3922 semper
3134 3861 3162 3903 σι
3194 3851 3316 3921 eius
3348 3851 3553 3907 faciens
3590 3847 3802 3903 mlum.

549 3935 661 3992 est;
693 3936 748 3983 et
780 3941 966 3996 parum
989 3934 1074 3981 est
1090 3926 1295 3982 nemini
1324 3940 1545 3992 nocere,
1574 3924 1677 3981 nisi
1712 3924 1933 3980 studeas
1956 3925 2138 3981 multis
2244 3950 2375 4013 (em,
2399 3958 2689 4014 numquam
2715 3958 2745 3997 ε
2767 3956 2866 3997 δυο
2888 3942 3191 3998 habitatore
3217 3942 3528 4000 deseritur:
3553 3951 3607 3999 ει
3626 3941 3666 3996 si
3686 3951 3806 4012 qua.

550 4017 810 4086 prodesse
842 4018 1002 4089 (Aug.
1033 4016 1188 4083 ibid.,
1214 4034 1267 4071 n.
1304 4016 1416 4088 19).

2247 4036 2367 4092 dam
2419 4036 2555 4092 dura
2590 4046 2752 4109 atque
2792 4035 3017 4092 adversa
3056 4037 3310 4108 patiatur,
3347 4053 3458 4094 non
3496 4034 3803 4107 relinquitur.

865 4130 1175 4187 LXXXVII.
1213 4131 1285 4185 De
1306 4131 1435 4185 mali
1457 4131 1779 4202 impunitate.
2241 4129 2338 4184 sed
2370 4128 2645 4200 probatur.

621 4222 881 4278 Peccator
908 4221 937 4259 ιι
964 4223 1052 4292 qui
1086 4229 1292 4292 peccat,
1322 4236 1432 4276 non
1455 4221 1577 4276 ideo
1607 4237 1637 4275 a
1662 4221 1893 4277 Domino
1922 4237 2029 4278 non
2052 4221 2134 4276 vi-
2733 4218 2967 4278 XCVIII.
3008 4218 3087 4276 De
3108 4221 3343 4293 justitia.

547 4316 726 4382 detur,
772 4315 896 4385 quia
941 4315 1082 4372 male
1120 4313 1330 4385 agentis
1375 4328 1534 4384 paena
1576 4313 1823 4369 differtur
1855 4333 1867 4367 :
1922 4316 2137 4384 gravius
2314 4317 2445 4372 Tota
2466 4317 2689 4387 justitite
2728 4318 2869 4373 ratio
2890 4326 2995 4382 est,
3019 4325 3077 4371 ut
3099 4315 3451 4372 declinentur
3473 4315 3611 4372 mala
3631 4322 3684 4369 et
3704 4311 3812 4367 ﬁant

548 4419 727 4465 autem
766 4410 819 4465 in
846 4426 969 4466 eum
1001 4408 1017 4447 ί
1048 4408 1383 4473 decernitur,
1418 4409 1504 4463 cui
1536 4408 1699 4463 etiam
1728 4409 2137 4499 ipsa‘correctio
2242 4412 2385 4467 bona
2412 4429 2424 4465 :
2454 4411 2609 4481 cujus
2638 4412 2994 4467 observantiae
3024 4413 3163 4467 inter
3185 4413 3463 4481 quaslibet
3481 4411 3807 4469 adversitates

550 4504 844 4574 denegatur
865 4504 1025 4576 (Aug.
1054 4503 1208 4570 ibid.,
1238 4520 1291 4557 η.
1321 4500 1442 4572 21).
2163 4563 2211 4579 ﬁ
2242 4503 2413 4558 forma
2444 4503 2705 4565 servanda
2728 4513 2843 4559 est:
2876 4504 3001 4573 quia
3027 4504 3131 4560 hoc
3152 4505 3327 4561 solum
3353 4520 3651 4579 numquam
3680 4500 3813 4560 amit-

872 4563 1206 4674 LXXXVIII:
1232 4615 1309 4672 De
1334 4563 1466 4672 bono
1488 4616 1813 4671 humilitatis.
2161 4563 2214 4623 D
2242 4598 2391 4662 ιὶιιπ»
2422 4594 2565 4667 (ιυοά
2601 4605 2622 4634 τ
2647 4563 2805 4667 ὀρθτί
2838 4563 3051 4667 ρῖὲιείιίε
3077 4598 3435 4668 impenditur.

618 4712 734 4768 Non
758 4713 1033 4768 acceditur
1059 4711 1126 4765 ad
1153 4710 1490 4766 altitudinem
1520 4710 1641 4778 Dei,
1669 4710 1772 4765 nisi
1790 4725 1890 4782 per
1916 4708 2130 4764 humili-
2730 4709 2917 4766 XCIX.
2952 4710 3345 4767 Detolerantia.

544 4813 742 4871 tatem;
774 4812 828 4859 et
855 4804 941 4859 cui
985 4802 1309 4874 propinquat
1351 4802 1619 4869 subditus,
1659 4802 1822 4873 longe
1852 4803 1919 4858 ab
1951 4818 2019 4860 eo
2047 4817 2131 4860 re-
2313 4802 2634 4858 Tolerentur
2674 4805 2961 4872 praesentia
3002 4805 3164 4872 mala,
3210 4804 3393 4862 donec
3447 4806 3631 4863 veniat
3672 4801 3817 4859 beati-

543 4895 688 4953 cedit
707 4894 879 4951 elatus
909 4894 1068 4967 (Aug.
1101 4893 1252 4961 ibid.,
1284 4910 1338 4948 η.
1369 4891 1489 4963 25).
2241 4894 2369 4951 tudo
2412 4896 2695 4965 promissa.
2747 4896 3127 4954 Sustineantur
3162 4913 3193 4952 a
3240 4897 3503 4957 ﬁdelibus
3539 4897 3694 4973 557
3720 4891 3819 4951 inﬁ-

615 5086 642 5115 α
667 5073 812 5130 Edit.
846 5072 1040 5128 Colon.
1064 5079 1201 5143 νεῖν
1226 5068 1426 5143 Contra
1455 5074 1739 5143 superﬂua.
2308 5079 2321 5124 t
2364 5074 2461 5129 Ms.
2487 5074 2764 5142 Joliensis,
2793 5079 2929 5132 utili.

612 5145 641 5185 δ
674 5147 803 5202 Mss.
834 5144 1045 5214 Remig.
1074 5154 1128 5216 et
1158 5142 1818 5216 JoliensiSLprobabimus.
2304 5144 2329 5216 If
2358 5146 2455 5202 Ms.
2489 5147 2763 5216 Joliensis,
2806 5150 2943 5215 Quid
2968 5152 3034 5205 sit
3062 5149 3173 5205 Deo
3199 5167 3306 5206 esse
3328 5152 3590 5207 uicinum.

615 5228 638 5297 ξ
669 5213 1363 5297 Color-iuvet.edit.__ad.dit,
1390 5213 1457 5266 ad
1492 5213 1695 5297 Deum._
1910 5285 1945 5297 ἢ
1986 5288 1995 5297 ,
2270 5296 2275 5297 γ
2308 5214 2325 5253 ι
2362 5217 2461 5297 Ms.
2485 5213 2761 5297 Jolienﬂsis,
2791 5213 2881 5274 aut
2901 5223 3196 5297 propinqui,
3219 5231 3304 5297 aut
3329 5222 3614 5294 longinqui
3632 5238 3821 5287 sumus,

615 5285 641 5368 <l
672 5287 771 5368 Ms.
803 5286 931 5368 ξομε,
963 5286 1036 5368 ita
1058 5285 1389 5368 cogitationes
1418 5294 1605 5339 nostra:
1628 5287 1697 5368 ad
1723 5301 1871 5338 aures
1891 5285 2038 5368 Pei._
2230 5296 2285 5341 et
2305 5290 2470 5368 paulo
2493 5300 2613 5357 post
2638 5292 2827 5368 Colon.
2857 5285 3156 5368 vét_._ed_it.,
3183 5285 3315 5348 sicut
3346 5285 3450 5348 nos
3477 5285 3711 5363 separat.

619 5366 646 5430 eq
674 5358 772 5410 Ms.
801 5356 1071 5422 Joliensis,
1098 5356 1237 5409 uiola
1258 5371 1412 5426 opera
1433 5364 1736 5420 exerceant,-
1768 5371 1869 5410 ms.
1890 5356 2123 5427 Remig.,
2302 5367 2342 5395 πι
2362 5360 2557 5430 Colon.
2589 5371 2697 5415 vet.
2723 5362 2854 5416 edit.
2883 5363 3029 5418 addit
3060 5356 3199 5418 hanc
3223 5378 3447 5430 vocem,
3482 5356 3759 5422 malorum.

541 5428 870 5509 malauoperg
891 5437 1120 5509 exerunt.
1156 5496 1177 5509 ἰ
1217 5496 1229 5509 _
1315 5498 1325 5508 '
1414 5494 1448 5509 ﬂ
1672 5506 1679 5509 Α
1728 5497 1739 5508 .
1789 5495 1809 5509 _
2069 5501 2079 5509 .
2246 5436 2328 5509 __"
2360 5429 2536 5509 Editio
2564 5430 2755 5487 Colon.
2784 5442 2919 5509 _vet.,
2959 5442 3064 5509 tam
3092 5436 3335 5509 exiguum
3376 5428 3481 5491 est.
3521 5436 3718 5496 Castori
3743 5447 3820 5494 εον

618 5499 638 5537 f
671 5497 799 5551 Mss.
829 5496 1039 5569 ﬁemig.
1071 5506 1125 5550 et
1149 5496 1277 5569 Joh,
1308 5498 1362 5550 in
1402 5494 1603 5569 Deum;
1632 5506 1687 5551 et
1728 5495 1889 5569 infra,
1921 5501 2117 5569 quwrit.
2229 5497 2376 5555 dices
2397 5502 2655 5555 omittunt
2688 5494 3328 5560 verbum'substant'ivum
3363 5518 3468 5563 est.

618 5580 643 5618 ιι
674 5568 803 5642 Mss.
829 5566 1035 5637 Remig.
1064 5575 1120 5624 et
1148 5566 1280 5636 101.,
1312 5581 1417 5620 non
1448 5566 1703 5623 habentes.
1739 5566 1879 5623 Editi
1909 5566 2117 5642 amnes,
2301 5580 2325 5606 ο
2348 5571 2443 5642 Ms.
2477 5572 2750 5640 Joliensis,
2778 5572 2856 5627 De
2887 5577 3156 5630 cltaritate.

542 5658 645 5719 non
673 5638 879 5719 habent.
967 5707 978 5719 υ
1098 5717 1105 5719 Α
1141 5708 1162 5719 1
1201 5709 1215 5719 _
2105 5638 2110 5642 ’
2297 5652 2324 5691 ι)
2348 5640 2529 5719 _E_diti_o
2551 5638 2747 5719 Colon.
2776 5648 3196 5719 v_et.,faeultatis
3219 5648 3480 5707 charitas.

613 5710 643 5789 ξι
672 5711 800 5789 Mss.
828 5708 1034 5789 Rcmig.
1058 5717 1113 5789 et
1134 5708 1265 5789 Jolz,
1288 5725 1401 5789 curn
1426 5720 1621 5778 peccat.
2294 5723 2322 5763 ιι
2346 5712 2448 5789 Ms.
2480 5713 2756 5789 J_oliensis,
2781 5713 2880 5789 Dei
2895 5708 3120 5789 faciens.

618 5781 635 5822 ⁸
665 5782 855 5839 Colon.
884 5786 991 5837 vet.
1026 5779 1183 5843 edit.,
1206 5779 1497 5839 deseritur.
2298 5795 2319 5823 ν
2350 5784 2449 5840 Ms.
2484 5784 2720 5858 Betnig.,
2743 5779 2882 5857 quod
2903 5779 3075 5857 opere.
