4006 6356
171 386 270 449 αδ

618 379 826 442 LIBER
862 376 1403 441 SENTENTIARUII
1442 378 1538 439 EX
1574 379 1918 443 OPERIIUS
1956 362 2430 443 sgsucvsrmr
2467 380 2979 442 DELIBATARUM‘

3330 380 3447 447 us

170 512 378 564 sanatur
403 500 712 566 inﬁrmitas,
733 500 877 557 aliud
903 516 1014 573 quo
1046 500 1346 556 custoditur
1382 501 1584 555 sanitas
1609 516 1624 566 ;
1676 502 1751 555 ita
1778 506 1824 563 Α
1860 495 1876 537 ι
1915 508 1974 554 ιιι
2002 515 2108 555 non
2146 502 2313 569 possit
2340 502 2441 558 nisi
2465 516 2666 557 nocere
2694 510 2925 558 natura.
2948 500 3066 558 Non
3093 503 3445 573 itaqueea“

171 599 266 655 duo
295 605 420 650 sunt
449 594 591 649 dona
621 594 805 665 gratim
824 636 839 660 ,
872 607 1037 647 unum
1066 592 1214 665 quod
1243 592 1420 647 auiert
1448 593 1627 649 carnis
1653 609 1748 651 cu-

172 690 469 763 piditatem,
502 686 652 745 aliud
678 686 822 758 quod
867 686 999 743 facit
1021 686 1190 742 animi
1236 700 1590 758 perseverare
1635 688 1749 744 vir-

172 791 331 840 tatem
361 779 527 853 (Aug.
570 778 725 846 ibid.,
754 795 813 834 ιι.
843 777 959 850 I0).

523 867 808 943 lCXXXll.
862 880 889 909 ι
916 871 999 928 De
1023 872 1215 928 laboris
1242 873 1369 945 ﬁne.

230 969 347 1025 Non
370 967 571 1039 poterit
594 966 833 1022 hominis
864 965 1018 1023 labor
1060 966 1229 1036 ﬁniri,
1286 968 1392 1024 nisi
1424 968 1528 1027 huc
1562 969 1749 1042 diligat

172 1063 304 1137 quod
335 1063 385 1119 ei
416 1077 523 1116 non
553 1061 723 1131 possit
751 1059 951 1115 auferri
978 1060 997 1130 (
1031 1060 1168 1132 Aug.
1195 1060 1350 1131 ibid.,
1380 1079 1435 1117 n.
1470 1061 1535 1120 ιδ
1553 1059 1597 1133 ὶ.

409 1151 701 1210 CXXXIII.
756 1151 782 1191 δ
832 1151 912 1207 De
952 1153 1240 1222 iniquitatis
1268 1155 1495 1212 ltesione.

231 1247 575 1320 lmpossibile
602 1254 686 1303 est
708 1252 766 1302 at
792 1244 1055 1317 iniquitas
1086 1246 1237 1315 prius
1280 1246 1440 1302 laedat
1476 1248 1749 1304 hominem

168 1344 363 1417 justum
418 1342 473 1398 in
518 1358 681 1414 quem
728 1341 940 1409 tendit,
988 1354 1154 1412 quam
1188 1354 1288 1399 cor
1322 1342 1577 1413 injustmn
1606 1342 1751 1400 unde

172 1437 408 1510 procedit
439 1434 609 1507 (Aug.
636 1435 787 1503 ibid”
819 1451 873 1491 ι.
906 1434 1019 1505 I7).

200 1528 487 1586 CXXXIV.
520 1526 598 1584 De
616 1526 885 1584 miraculis
916 1538 938 1566 ε
970 1527 1250 1585 uisibilibus
1274 1537 1325 1582 et
1351 1528 1713 1586 iu'isibilibus.

234 1621 463 1677 Visibile
493 1620 809 1676 miraculum
840 1620 911 1677 ad
957 1620 1411 1679 illuminationem
1445 1632 1635 1689 vocat;
1668 1624 1752 1680 in-

171 1715 376 1772 visibile
401 1721 615 1783 autem,
658 1727 785 1769 eum
813 1713 907 1783 qui
957 1723 1184 1771 vocatus
1231 1713 1415 1781 venit,
1461 1715 1747 1772 illuminat.

171 1808 359 1864 Omnia
390 1820 520 1879 ergo
548 1816 732 1861 narrat
752 1805 1021 1861 mirabilia
1056 1806 1185 1868 Dei.
1218 1807 1309 1877 qui
1349 1806 1584 1864 credens
1624 1808 1751 1865 visi-

171 1900 393 1965 bilibus,
446 1897 513 1953 ad
551 1896 899 1967 intelligenda
918 1896 1246 2001 “invisibilia
1288 1897 1580 1955 transitum
1624 1898 1755 1957 uoti
1781 1894 1831 1957 Β
1859 1894 2217 2001 ᾖεωτιμπίξλ

172 1990 321 2064 (Aug.
350 2007 494 2045 enar.
522 1990 573 2043 in
611 2006 693 2059 ps.
718 2004 796 2055 Ix,
828 2005 883 2044 n.
918 1988 1000 2060 2).

400 2081 665 2140 CXXXV.
696 2080 778 2137 De
819 2083 1142 2154 fugientibus
1167 2083 1430 2140 diabolum
1454 2082 1505 2139 ⁴.

232 2174 422 2231 Melior
450 2188 613 2230 causa
636 2182 724 2230 est
751 2188 941 2230 eorum
990 2173 1085 2245 qui
1123 2174 1397 2231 diabolum
1426 2191 1757 2247 persequen-

176 2276 277 2325 tem
310 2269 544 2339 fugiunt,
576 2282 735 2339 quam
765 2266 860 2338 qui
888 2276 1219 2338 prmeuntem
1255 2279 1582 2340 sequuntur,
1628 2274 1756 2343 quia

174 2362 348 2417 utilius
376 2370 460 2416 est
501 2376 620 2416 eum
670 2360 880 2416 hostem
919 2360 1125 2421 habere
1178 2371 1201 2399 ⁸
1252 2377 1411 2433 quam
1454 2365 1754 2444 principem

175 2451 353 2527 (Δις.
375 2453 530 2517 ibid.,
559 2470 614 2508 η.
651 2450 730 2523 ι).

410 2542 692 2601 CXXXVI.
732 2542 753 2583 ί
789 2544 867 2599 De
898 2547 1067 2615 pravis
1106 2548 1498 2620 cupiditatibus.

238 2639 439 2696 Omnes
467 2654 648 2710 prava
675 2638 1007 2711 cupiditates
1042 2649 1174 2696 sunt
1203 2650 1373 2711 porta
1417 2641 1610 2710 inferi,
1661 2658 1759 2714 per

171 2747 303 2805 quas
330 2732 809 2798 ituriumortem,
859 2733 1014 2803 cujus
1060 2733 1397 2791 dominatum
1442 2738 1621 2805 subit,
1666 2740 1759 2809 qui

180 2826 431 2896 adeptum
471 2840 530 2887 se
568 2825 640 2882 ad
684 2825 1072 2896 perimendum
1126 2828 1371 2899 letatur,
1404 2837 1432 2878 ι
1460 2829 1607 2901 quod
1636 2844 1760 2902 per-

170 2919 284 2977 dite
309 2920 613 2992 concupivit
642 2919 803 2992 (Aug.
836 2921 986 2988 ibid.,
1006 2940 1065 2976 rt.
1101 2922 1213 2995 14).

564 3011 880 3070 CXXXVII.
909 3012 941 3051 δ
970 3014 1049 3070 De
1068 3016 1396 3072 adulatione.

243 3106 597 3164 Adulantium
622 3108 820 3179 lingua:
848 3109 1077 3183 alligant
1123 3113 1335 3168 animas
1382 3112 1439 3169 in
1489 3113 1757 3185 peccatis:

176 3196 399 3257 delectat
422 3201 571 3257 enim
596 3216 663 3261 ea
700 3202 881 3259 lacero
937 3203 989 3261 in
1023 3204 1219 3274 quibus
1272 3220 1381 3261 non
1421 3206 1597 3264 solum
1651 3223 1759 3263 non

174 3294 425 3351 metuitur
454 3294 839 3366 reprehensor,
867 3296 966 3357 sed
992 3264 1161 3357 etiam
1205 3296 1222 3337 ί
1255 3300 1473 3357 auditur
1512 3301 1763 3360 laudator
1786 3295 1836 3359 C

174 3383 350 3461 (Aug.
380 3386 514 3442 ibid.
548 3403 602 3442 n.
634 3384 751 3459 21).

393 3478 730 3539 CXXXVIII.
764 3481 780 3532 l
826 3480 904 3539 De
931 3481 1067 3538 male
1091 3485 1295 3540 conscio
1317 3487 1513 3543 animo.

237 3573 467 3631 Animus
491 3573 635 3630 nian
673 3573 774 3630 sibi
798 3576 1083 3645 conscius,
1105 3578 1231 3634 dum
1265 3577 1479 3635 videtur
1508 3580 1613 3636 sibi
1642 3582 1763 3637 nul.

174 3663 273 3720 lam
303 3681 521 3737 pinnam
548 3666 678 3736 pati,
712 3666 886 3723 credit
908 3670 1037 3738 quia
1058 3685 1167 3727 non
1193 3672 1399 3741 iudicet
1432 3674 1605 3729 Deus:
1638 3691 1761 3731 cum

176 3758 318 3814 abuti
365 3759 625 3831 patientia
659 3758 780 3823 Dei,
808 3768 865 3816 et
892 3775 1001 3817 non
1030 3761 1337 3833 intelligere
1369 3769 1643 3835 parcentis
1665 3769 1763 3824 be-

171 3850 521 3922 nignitatem,
566 3851 679 3920 iam
722 3850 792 3907 sit
826 3866 1023 3923 magna
1066 3854 1343 3911 damnatio
1382 3857 1567 3929 (Aug.
1598 3860 1761 3925 ibid,

170 3958 223 3998 α.
260 3942 377 4010 25).

236 4032 531 4089 CXXXIX.
563 4036 588 4071 κ
618 4034 769 4101 Quod
804 4038 947 4109 prior
973 4038 1038 4092 sit
1068 4046 1256 4091 natura
1283 4054 1438 4109 quam
1468 4039 1662 4095 vitium.

234 4126 402 4201 562
432 4127 491 4183 ln
522 4138 794 4196 creatura,
826 4145 946 4200 quae
986 4129 1215 4185 arbitrio
1246 4146 1344 4185 suo
1370 4140 1593 4201 peccat,
1614 4133 1765 4205 prior

169 4228 247 4279 ut
264 4230 461 4277 natura
475 4235 637 4291 quam
651 4221 1025 4293 vitium:un
1042 4222 1119 4278 ita
1144 4233 1337 4279 contra
1362 4232 1613 4279 naturam
1640 4234 1745 4296 est,

239 4370 265 4434 ξι
424 4358 701 4434 Joliensis,
730 4360 869 4434 Quid
898 4364 1158 4434 prccipue
1176 4362 1498 4433 diligendum
1523 4363 1612 4419 sit.

234 4431 265 4471 δ
308 4433 414 4491 Hs.
459 4431 601 4500 .lol.,
635 4432 788 4501 Quod
832 4431 1078 4501 iniquitas
1119 4431 1406 4505 prius—sibi
1443 4449 1600 4505 quant
1636 4433 1762 4491 aliis

168 4514 499 4632 wiuCoIon.
528 4583 640 4630 vet.
670 4574 801 4630 edit.
828 4576 995 4642 addit,
1028 4574 1311 4631 visibilibus
1338 4584 1385 4631 et
1405 4576 1765 4635 inuisibilibus.

178 4646 279 4703 Is.
313 4646 451 4711 10L,
481 4646 561 4702 De
585 4648 836 4703 miraculo
862 4648 1053 4704 oisibili
1068 4658 1115 4702 et
1140 4648 1405 4705 invisibili.

244 4715 273 4755 ἀ
305 4718 634 4791 Colon._vet.
667 4718 1009 4791 edit._addit,
1052 4728 1099 4774 et
1137 4720 1593 4791 participantilms.
1616 4720 1769 4777 Titu-

173 4788 259 4847 lus
285 4791 344 4845 in
368 4804 475 4845 ms.
502 4789 753 4855 Joliensi,
797 4788 879 4844 De
904 4788 1259 4861 persecutione
1295 4792 1514 4847 diaboli.

246 4870 269 4933 ξ
306 4862 470 4933 Εὐίιἒ
485 4860 677 4933 Colon.
704 4867 837 4925 vet.,
863 4878 1019 4930 quam
1040 4863 1369 4933 participem.

244 4928 269 4969 ί
302 4932 412 4988 Ms.
440 4931 573 5003 Jul"
604 4931 735 4999 Qua
761 4928 1053 5003 τίσει-ροηιύ
1079 4928 1288 5003 inferni.

238 5011 269 5075 ρ
300 5002 677 5075 εωβυωυ.
710 5012 847 5075 ηε..
880 5002 1017 5074 quod
1044 5002 1349 5075 periturum.

236 5070 267 5111 ³³
313 5074 422 5129 Ms.
457 5074 733 5140 Joliensis,
768 5072 847 5127 De
872 5070 993 5128 vitio
1028 5070 1366 5132 adulationis.

1854 594 2043 650 vitium
2077 594 2331 650 recedere
2356 609 2390 649 a
2422 594 2559 661 Deo,
2610 595 2713 650 nisi
2756 604 2993 661 natum,
3024 595 3179 665 cujus
3226 596 3329 652 hoe
3355 597 3439 655 i-

1848 688 1980 743 tium
2006 696 2114 753 est,
2139 688 2315 757 potius
2342 696 2677 758 mpeteret
2699 703 2826 745 esse
2860 705 2987 745 eum
3033 690 3145 747 Deo
3172 690 3193 762 (
3224 690 3361 763 Aug.
3387 690 3438 751 Ι.

1854 794 1914 837 ιι
1934 780 2004 835 de
2028 778 2141 835 Civ.
2174 777 2296 846 Dei,
2327 794 2374 833 ι.
2409 779 2475 834 17
2498 781 2538 850 ).

2062 893 2221 950 CXL.
2254 894 2329 948 De
2357 895 2575 965 angeli.
2588 902 2636 949 et
2676 896 2966 951 hominibus
2988 907 3027 934 ω
3052 898 3223 953 malis.

1918 989 2135 1045 Nullum
2152 989 2298 1044 Dens
2322 988 2408 1044 vel
2434 990 2774 1059 augetur-am,
2793 992 2883 1046 vel
2908 992 3184 1047 hominum
3208 1000 3440 1060 creant,

1853 1096 2012 1153 quem
2043 1081 2245 1137 malum
2293 1080 2528 1135 futurum
2574 1093 2693 1139 esse
2724 1083 3029 1152 praescisset
3055 1124 3069 1148 ,
3102 1084 3204 1139 nisi
3242 1086 3444 1154 pariter

1851 1181 2037 1230 nosset
2062 1174 2252 1245 quibus
2287 1184 2383 1228 eos
2429 1172 2694 1229 bonorum
2726 1174 2911 1229 usibus
2956 1182 2985 1211 ι
3030 1175 3439 1233 commodaret:

1849 1274 2011 1336 atque
2032 1264 2109 1319 ita
2134 1263 2381 1321 ordinem
2414 1266 2776 1331 smculorum,
2808 1266 2963 1337 quasi
3004 1267 3438 1337 pulcherrimum

1849 1368 2093 1423 cannea,
2125 1357 2288 1413 etiam
2318 1373 2383 1415 ex
2415 1356 2736 1429 quibusdam
2769 1358 3047 1415 antithetis
3072 1367 3097 1395 ο
3120 1359 3438 1417 honestaret

1848 1449 2010 1523 (Aug.
2036 1449 2162 1505 ibid.
2198 1495 2212 1519 ,
2252 1466 2299 1505 c.
2334 1449 2449 1522 18).

2163 1561 2344 1619 CXLI.
2377 1571 2404 1615 ν
2438 1562 2515 1621 De
2552 1565 2843 1621 conditione
2876 1574 3147 1623 creaturae.

1925 1653 2051 1711 Tria
2076 1655 2321 1727 quaedam
2355 1657 2511 1712 nobis
2541 1658 2776 1713 maxime
2821 1658 3040 1715 scienda
3080 1660 3148 1715 de
3177 1656 3441 1715 conditio-

1856 1762 1925 1803 ne
1970 1760 2233 1804 creatum:
2274 1751 2514 1821 oportuit
2558 1750 2837 1807 intimari:
2880 1740 3001 1823 quis
3046 1768 3165 1808 eam
3218 1752 3450 1822 Iecerit,

1856 1855 1954 1911 per
1984 1842 2108 1910 quid
2143 1841 2359 1911 fecerit,
2394 1858 2560 1913 quare
2607 1841 2816 1899 fecerit.
2857 1842 3001 1899 Diri:
3034 1844 3170 1899 Deus
3192 1887 3208 1913 ,
3254 1844 3449 1915 inquit,

2248 1936 2385 2005 facta
2414 1947 2489 1991 est
2519 1936 2654 2004 lux;
2685 1946 2732 1991 et
2774 1937 2902 1991 vidit
2944 1938 3083 1992 Deus
3124 1939 3290 1993 lucem
3314 1938 3454 2010 quod

1862 2030 1996 2083 bona
2020 2039 2146 2085 esset
2173 2027 2380 2101 (Cenes.
2409 2048 2447 2097 t,
2480 2032 2555 2101 ὅ).
2592 2041 2620 2083 (ι
2654 2030 2711 2088 Si
2740 2046 2870 2101 ergo
2906 2033 3197 2103 qumrimus
3230 2033 3348 2104 quis
3374 2031 3455 2089 fe-

1861 2124 2027 2176 cerit:
2064 2123 2203 2178 Deus
2231 2135 2331 2180 est.
2358 2124 2437 2193 Si,
2475 2140 2569 2195 per
2601 2124 2729 2196 quid
2762 2124 2977 2181 fecerit:
3027 2126 3199 2192 Dixit,
3233 2136 3287 2181 et
3314 2124 3454 2181 facta

1861 2223 1964 2271 est.
1998 2214 2078 2283 Si,
2102 2233 2271 2288 quare
2298 2217 2517 2274 fecerit:
2550 2219 2672 2289 quia
2697 2220 2837 2275 bona
2868 2230 2972 2276 est.
3007 2218 3117 2276 Nec
3145 2228 3332 2275 auctor
3361 2234 3456 2274 ex-

1860 2308 2141 2364 cellentior
2170 2320 2253 2365 est
2287 2311 2415 2378 Deo,
2452 2326 2553 2366 nec
2592 2326 2679 2365 ars
2709 2308 2980 2366 efﬁcacior
3004 2312 3095 2366 Dei
3123 2311 3325 2367 verbo:
3356 2322 3455 2366 nee

1860 2416 2021 2458 causa
2082 2404 2311 2470 melior,
2343 2420 2503 2474 quam
2551 2413 2612 2461 ut
2657 2404 2861 2461 bonum
2914 2412 3196 2462 crearetur
3236 2420 3267 2460 a
3310 2405 3457 2461 bono

1861 2493 2041 2567 (Aug.
2073 2493 2229 2563 55:4,,
2260 2514 2305 2551 r.
2335 2496 2450 2569 ει).

2179 2610 2379 2666 CXLII.
2415 2608 2490 2667 De
2530 2611 2663 2667 bona
2691 2621 2739 2667 et
2765 2613 2902 2685 malo
2930 2626 3126 2667 amore.

1934 2698 2030 2757 Est
2058 2715 2213 2769 ama:
2233 2719 2341 2774 quo
2370 2713 2580 2760 amatur
2616 2712 2672 2761 et
2697 2704 2841 2777 quod
2869 2703 3163 2759 amandum
3195 2715 3303 2759 non
3326 2705 3410 2757 est
3440 2716 3455 2755 :

1862 2806 1918 2854 et
1948 2798 2113 2853 ἱερὰῒῆ
2142 2814 2384 2855 amorem
2416 2800 2529 2855 odit
2566 2799 2621 2855 in
2645 2814 2704 2855 se
2752 2797 2844 2871 qui
2874 2797 3025 2853 illum
3069 2796 3244 2865 diligit
3284 2805 3309 2834 τ
3351 2808 3459 2867 quo

1862 2902 2075 2946 amatur
2095 2892 2236 2962 quod
2267 2892 2555 2947 amandum
2584 2894 2695 2947 est.
2711 2891 2947 2947 Possunt
2974 2890 3117 2945 enim
3145 2888 3305 2943 ambo
3322 2899 3447 2943 esse

1867 2991 1889 3023 ⁸
1924 2985 1976 3039 in
2004 3001 2111 3039 uno
2142 2984 2381 3054 homine,
2413 2993 2467 3040 et
2497 2984 2600 3041 hoc
2630 2984 2831 3040 bonum
2862 2991 2949 3040 est
2981 2981 3218 3046 homini,
3256 2989 3317 3035 ut
3361 2978 3457 3034 illo

1864 3076 2180 3149 proliciente
2228 3092 2334 3147 quo
2405 3078 2544 3133 bene
2598 3076 2867 3142 vivimus,
2940 3074 3041 3129 iste
3092 3072 3310 3129 deﬁciat
3353 3084 3462 3141 quo

1868 3169 2006 3225 male
2030 3170 2302 3237 vivimus;
2356 3170 2529 3227 donec
2556 3170 2623 3226 ad
2670 3169 2970 3242 perfectum
3008 3176 3249 3233 sanetur,
3296 3174 3351 3223 et
3402 3164 3456 3221 in

1904 3278 2066 3318 onum
2117 3264 2136 3300 ⁸
2188 3272 2553 3321 commutetur
2601 3278 2763 3320 omne
2807 3262 2953 3335 quod
3012 3262 3239 3318 vivimus
3274 3258 3295 3333 (
3326 3258 3458 3331 Aug.

1867 3354 2018 3423 ibid.,
2045 3372 2092 3409 ε.
2125 3356 2243 3423 23).

2225 3449 2453 3504 CXLIII.
2482 3458 2511 3486 ιι
2548 3449 2621 3503 De
2653 3449 2783 3503 bono
2811 3456 3079 3503 creaturae.

1939 3538 2215 3596 Creaturre
2246 3539 2526 3596 rationalis
2553 3541 2638 3596 vel
2670 3539 3051 3597 intellectualis
3080 3538 3281 3593 bonum
3314 3576 3329 3603 ,
3352 3547 3463 3606 quo

1867 3633 2023 3690 beata
2053 3636 2147 3703 sit,
2182 3649 2287 3689 non
2316 3644 2394 3689 est
2428 3634 2529 3689 nisi
2556 3635 2699 3689 Deus
2726 3654 2738 3689 :
2768 3634 2912 3703 quod
2953 3633 3001 3687 ei
3034 3646 3147 3685 non
3175 3646 3240 3685 ex
3266 3644 3323 3686 se
3349 3630 3463 3699 ipsa

1868 3733 1975 3792 est,
2015 3725 2139 3795 quia
2177 3740 2246 3781 ex
2286 3725 2456 3780 nihilo
2500 3733 2681 3780 creata
2726 3734 2843 3790 est;
2893 3722 2990 3778 sed
3034 3737 3105 3779 ex
3153 3721 3246 3777 illo
3286 3735 3316 3775 a
3359 3734 3465 3792 quo

1870 3827 2053 3873 creata
2082 3828 2185 3874 est.
2216 3817 2327 3872 lloc
2355 3818 2497 3874 enim
2544 3817 2741 3888 adepto
2773 3818 2829 3873 iit
2858 3818 3016 3873 beata
3038 3858 3054 3886 ,
3108 3830 3217 3887 quo
3264 3815 3464 3873 amisso

1872 3908 2067 3965 misera
2094 3908 2267 3982 (Aug.
2296 3910 2335 3965 ι.
2363 3925 2437 3964 xu
2468 3910 2529 3964 de
2549 3908 2657 3965 Civ.
2683 3951 2697 3976 ,
2732 3926 2778 3963 c.
2812 3908 2890 3981 I).

2278 4042 2509 4099 CXLIV.
2537 4053 2565 4082 τ
2598 4044 2676 4099 De
2703 4044 2825 4098 vitio
2852 4052 3075 4098 natura.

1949 4137 2111 4211 563
2145 4136 2345 4191 Vitium
2375 4152 2500 4193 esse
2528 4152 2628 4192 nec
2656 4138 2713 4191 in
2738 4150 2953 4193 summo
2982 4142 3159 4206 potest
3178 4135 3343 4201 bono,
3364 4146 3466 4190 nec

1872 4231 1978 4287 nisi
2002 4231 2059 4285 in
2095 4230 2276 4301 aliquo
2322 4230 2487 4286 bono.
2534 4229 2665 4287 Sola
2706 4244 2838 4300 ergo
2877 4229 3019 4283 bona
3048 4236 3077 4266 ι
3106 4228 3305 4284 alicubi
3345 4240 3467 4283 esse

1868 4377 1976 4422 tam
2006 4368 2059 4423 in
2105 4368 2242 4423 libro
2270 4368 2338 4423 de
2371 4368 2531 4423 Civit.
2565 4368 2656 4424 Dei
2688 4383 2846 4438 quam
2891 4368 2944 4421 in
2977 4366 3207 4436 append.
3236 4368 3307 4421 At
3326 4366 3456 4422 editi

1867 4439 2123 4509 Prosperi
2155 4480 2170 4506 ,
2214 4441 2614 4495 commendaret.
2642 4440 2738 4494 Ms.
2764 4441 2869 4494 Jol.
2910 4439 3102 4504 habet,
3143 4438 3241 4493 nisi
3282 4441 3464 4493 scisset

1869 4526 1987 4582 pro,
2022 4512 2121 4565 nisi
2147 4521 2339 4566 noscet.
2372 4510 2565 4565 Colon.
2608 4524 2716 4565 vet.
2750 4510 2883 4565 edit.
2906 4550 2920 4573 ,
2945 4520 3097 4578 atque
3131 4511 3187 4563 in
3226 4511 3463 4564 ordinent

1870 4586 2202 4647 toculorum,
2222 4583 2373 4651 quasi
2393 4584 2798 4653 pulcherrimum
2836 4597 3063 4647 carmen,
3082 4583 3237 4636 aiant
3262 4597 3327 4636 ex
3352 4585 3466 4653 qui-

1872 4654 2088 4708 busdam
2117 4652 2483 4724 pulcherrimis
2512 4652 2779 4706 antithetis
2802 4654 3114 4707 honestaret.

1946 4734 1971 4763 ο
2002 4725 2101 4779 Ms.
2126 4725 2363 4794 Remig.,
2397 4724 2795 4779 demonstraret.

1947 4806 1974 4847 Ρ
2009 4797 2107 4851 Ms.
2138 4796 2415 4860 Joliensis,
2452 4796 2527 4849 De
2563 4795 2860 4850 conditione
2892 4796 3043 4850 lucis.

1950 4876 1979 4917 σι
2016 4867 2073 4921 In
2114 4865 2256 4921 Edit.
2308 4866 2498 4921 Colon.
2540 4878 2650 4921 vet.
2697 4883 2805 4921 non
2852 4869 3105 4932 leguntur
3142 4865 3462 4932 sequentia,

1879 4938 1943 4994 Si
1969 4954 2091 5010 ergo
2119 4937 2417 5010 querimus.
2557 4978 2569 4991 .
2614 4939 2738 5009 quia
2765 4938 2904 4993 bona
2939 4948 3033 4992 est.
3061 4936 3173 4990 Nec
3199 4935 3466 4991 habentur

1879 5010 1935 5064 in
1964 5008 2099 5063 libro
2120 5011 2350 5077 August.
2377 5009 2442 5063 de
2463 5008 2585 5064 Civ.
2621 5008 2736 5063 Dei.

1952 5091 1975 5119 ι’
2006 5074 2335 5135 ϐοιοηῗνει.
2359 5080 2515 5147 edit.,
2548 5097 2648 5151 quo
2680 5091 2845 5134 amat.
2887 5080 2987 5135 Ms.
3028 5077 3159 5143 .lol.,
3198 5076 3285 5145 qui
3328 5074 3465 5130 illud

241 5143 401 5224 _i_Si_c
440 5158 543 5224 rus.
575 5146 830 5224 Joliensis
869 5155 923 5199 et
953 5145 1085 5201 edit.
1136 5144 1326 5202 Colon.
1376 5157 1486 5207 ret.
1528 5149 1773 5208 Antehac
1878 5151 2052 5224 diligit
2083 5152 2223 5223 quod
2254 5143 2537 5207 amandum
2560 5143 2656 5207 est.

161 5216 319 5283 editi,
350 5218 599 5272 laudatur
622 5217 850 5270 auditor.

236 5286 253 5366 ᾖ
441 5287 723 5366 goliensis,
758 5286 834 5343 De
860 5290 1081 5357 perversi
1114 5291 1277 5366 animi
1299 5293 1655 5366 malignitate.

230 5356 258 5437 ξ
296 5360 398 5437 his.
431 5358 585 5437 ἔοι...
610 5356 690 5412 De
720 5356 957 5437 creatura
977 5399 994 5426 ,
1043 5376 1160 5431 quae
1195 5361 1412 5419 arbitrio
1439 5356 1536 5419 ἱκο
1568 5376 1762 5437 peccat.

236 5428 255 5505 ξ
296 5430 733 5505 Ms._Remig.,ut
750 5431 850 5505 nisi
866 5428 1070 5486 noceret
1089 5441 1307 5497 natura,
1327 5452 1430 5490 nou
1448 5428 1619 5505 utique
1640 5448 1768 5491 esset

157 5501 375 5555 sitiunt.
396 5500 592 5557 Colon.
626 5510 737 5555 vet.
764 5500 896 5556 edit.
924 5512 1046 5571 post
1076 5506 1199 5570 ista,
1219 5506 1317 5559 nisi
1336 5500 1765 5563 nuerenaturte:

1952 5217 2183 5291 ’Ἰλιεᾲώ
2212 5226 2615 5292 «posteriores
2628 5223 2921 5288 editiones,
2940 5221 2993 5272 in
3013 5234 3172 5273 unum
3183 5217 3461 5292 hominem.

1867 5295 1995 5351 Mss.
2012 5289 2191 5363 Colb.,
2208 5289 2419 5363 Remis.
2437 5305 2495 5351 et
2510 5294 2639 5361 10L,
2661 5295 2790 5350 edit.
2812 5294 3180 5363 Augustgpp.
3196 5289 3459 5346 etCoIon.

1868 5378 2002 5429 νει..
2028 5368 2081 5421 in
2110 5361 2213 5420 uno
2240 5361 2463 5433 nomine,
2490 5374 2548 5420 ut
2574 5368 2625 5421 in
2656 5368 2751 5420 Iib.
2777 5364 2846 5419 de
2870 5364 2985 5418 Civ.
3017 5361 3134 5416 Dei.

1946 5440 1965 5477 ⁸
1992 5439 2092 5492 Ms.
2123 5440 2359 5509 Bemig.,
2385 5446 2734 5509 constituetur.

1941 5518 1971 5548 'I
2004 5510 2103 5565 Ms.
2134 5505 2406 5575 aloliensis,
2437 5508 2587 5574 Quod
2634 5523 2737 5561 non
2774 5506 2841 5559 sit
2884 5520 3062 5563 verum
3100 5505 3291 5563 bonum
3312 5550 3327 5577 ,
3361 5506 3463 5563 nisi

154 5572 309 5642 quod
336 5575 413 5647 ita
439 5588 545 5647 non
565 5582 698 5647 esset
727 5574 906 5627 vitium
941 5590 982 5647 ρ
1000 5572 1110 5629 Deo
1130 5577 1367 5631 recedere
1387 5622 1400 5647 ,
1432 5580 1532 5635 nisi
1568 5589 1771 5634 natura
1873 5578 2038 5637 Deus.

156 5642 453 5769 Btjuslibet
486 5643 666 5696 vitium
686 5652 837 5709 esset,
870 5644 951 5699 cui
984 5648 1154 5715 potius
1184 5642 1491 5718 competeret
1515 5667 1624 5707 esse
1649 5668 1766 5706 cunt

215 5732 303 5769 ee.

215 5732 508 5845 τ’(ἒοιοη.
538 5794 649 5844 vet.
691 5786 824 5842 edit.
862 5787 1011 5843 addit
1041 5788 1181 5845 hanc
1212 5805 1401 5846 vocem
1423 5831 1437 5856 ,
1460 5793 1632 5848 malis.
1669 5793 1765 5849 Ms.

156 5856 436 5917 Jolieusis
459 5857 826 5929 aliterAbahet,
863 5861 936 5913 De
965 5863 1285 5929 prcscientia
1315 5860 1431 5917 Dei.

240 5939 271 5966 ι
310 5929 392 5983 Ita
437 5944 568 5988 mss.
602 5926 756 5993 Colb.
793 5926 1029 5995 Remis},
1074 5941 1128 5985 et
1178 5932 1285 5989 Jol.
1325 5948 1447 5989 cum
1479 5935 1770 6001 edin“!-

1942 5662 1975 5693 ⁷
2006 5650 2111 5709 his.
2139 5650 2273 5718 ιοι.,
2300 5652 2379 5707 Ds
2416 5667 2533 5707 vero
2570 5660 2619 5706 et
2652 5664 2851 5706 summa
2881 5650 3046 5718 bono,
3090 5660 3141 5707 et
3174 5651 3242 5705 de
3281 5650 3460 5721 aliquo

1874 5724 2153 5850 baiolidit.
2187 5795 2379 5849 Colon.
2416 5803 2547 5859 vet.,
2577 5794 2841 5849 Alieni...
2875 5793 2941 5848 Et
2962 5793 3070 5848 illa:
3093 5809 3206 5862 quia
3224 5808 3289 5847 ea:
3309 5791 3462 5846 male

1877 5865 2159 5920 uoluntatis
2195 5867 2319 5919 vitio
2351 5868 2539 5920 vitiata:
2584 5872 2699 5918 sunt
2726 5904 2739 5917 .
2776 5904 2789 5917 .
2828 5906 2840 5919 .
2872 5908 2884 5920 .
2920 5870 2975 5919 in
2998 5876 3244 5937 quantum
3291 5874 3459 5937 autem

1876 5954 2008 5992 vera
2030 5947 2145 5992 sunt
2174 5937 2319 5993 home
2348 5945 2490 5993 sunt.
2532 5938 2588 5992 In
2630 5936 2767 5990 libro
2807 5935 3017 6003 quoque
3055 5939 3122 5993 do
3163 5936 3319 5992 Civit.
3356 5935 3459 5991 Dei
