4006 6356
556 351 668 413 υτ
1810 356 1864 414 S.
1905 353 2245 414 PROSPEBI
2283 357 2611 429 AQUITANI
2974 414 2977 415 ν
3703 386 3788 445 με

561 476 807 541 possunt,
832 468 948 525 sola
969 478 1147 527 autem
1166 468 1307 526 mala
1328 483 1615 540 nusquam.
1639 470 1904 540 Quoniam
1937 482 2144 529 naturae
2169 480 2222 540 Α
2242 476 2453 545 justitia
2482 478 2620 534 bene
2650 480 2723 535 uti
2740 487 2847 549 tur,
2880 497 2991 539 non
3020 491 3225 545 tantum
3256 487 3432 560 bonis,
3459 506 3634 553 verum
3655 500 3791 560 etiam

561 561 724 617 etiam
757 559 860 614 illae
915 575 1036 631 qua:
1093 576 1161 617 ex
1206 562 1363 617 malas
1404 564 1697 618 voluntatis
1740 562 1895 620 initio
1942 564 2149 622 vitiatas
2253 568 2411 624 malis
2438 571 2594 645 (Aug.
2627 572 2779 639 ibid.,
2805 592 2850 628 c.
2881 574 2957 647 5).

558 662 707 720 sunt,
738 652 790 706 in
821 664 1081 722 quantum
1106 654 1315 751 vitiosa:
1344 663 1488 723 sunt,
1519 654 1676 751 malae
1705 662 1869 751 sunt:
1905 656 1958 711 in
1980 672 2149 751 quau-
2466 655 2699 721 CXLIX.
2741 664 2822 722 De
2865 672 3175 741 martyribus
3200 691 3302 730 non
3332 676 3609 751 baptizalis.

559 751 672 798 tum
688 749 867 798 autem
885 752 1095 798 naturae
1110 752 1258 810 sunt,
1278 744 1433 800 bonae
1457 751 1583 800 sunt
1604 743 1765 817 (Aug.
1787 745 1824 800 ι.
1846 761 1919 801 xu
1932 746 1994 801 de
2009 746 2144 818 Civ.,
2321 755 2421 823 Qui
2457 765 2483 805 α
2503 758 2665 815 etiam
2694 774 2801 816 non
2850 774 3105 835 percepto
3152 743 3576 838 regenerationis
3609 775 3790 836 lavacro

563 853 611 892 ε·
640 836 719 908 δ)ι
1420 868 1463 909 ο
2251 862 2351 918 pro
2380 848 2579 905 Christi
2598 850 2942 911 confessione
2970 836 3278 913 moriuntur
3298 904 3312 928 ,
3348 871 3548 919 tantum
3575 867 3647 922 eis
3671 872 3790 928 valet

559 945 763 1003 CXLV.
798 956 825 985 ι
852 947 1003 1015 Quod
1048 964 1152 1022 non
1178 950 1244 1003 sit
1272 936 1463 1022 in'Deo
1487 950 1751 1022 autpigra
1775 940 1976 1005 uacatio
1996 991 2010 1017 ,
2057 968 2124 1005 au

2251 939 2319 995 ad
2346 940 2606 999 abolenda
2632 956 3167 1019 peccata,quantum
3207 950 3254 1006 si
3297 952 3638 1013 abluerentur
3674 961 3791 1020 fonte

1062 1019 1325 1113 laboriosa
1374 1019 1673 1113 industriaﬁ
2249 1034 2584 1105 baptismatis
2610 1036 2769 1112 (Aug.
2795 1039 2947 1111 ibid.,
2971 1058 3019 1098 ε.
3042 1041 3122 1113 7).

2247 1148 2355 1205 CL.
2381 1144 2411 1189 ιι
2438 1149 2589 1219 Quod
2629 1168 2731 1207 non
2750 1154 3053 1229 _secundum
3100 1158 3380 1229 hominem,
3413 1162 3502 1217 sed
3528 1158 3794 1220 ’secundum

2738 1224 2904 1279 Deum
2946 1228 3213 1283 vivendum
3263 1231 3351 1285 sit.

2319 1312 2454 1369 Cum
2498 1314 2660 1372 homo
2704 1316 2999 1373 secundum
3040 1333 3100 1375 se
3156 1321 3326 1388 vivit,
3376 1337 3489 1378 non
3539 1328 3794 1385 secundum

2248 1406 2438 1475 Deum,
2464 1408 2658 1464 similis
2677 1419 2762 1467 est
2782 1410 3017 1480 diabolo,
3041 1413 3169 1483 quia
3192 1429 3292 1471 nec
3313 1416 3513 1486 angelo
3534 1420 3793 1475 secundum

2247 1500 2532 1571 angelum,
2574 1502 2669 1559 sed
2714 1503 3011 1560 secuudum
3047 1504 3214 1561 Deum
3252 1507 3547 1564 vivendum
3592 1510 3707 1576 fuit,
3750 1521 3795 1567 ut

628 1108 741 1166 Non
770 1118 853 1166 est
886 1109 966 1167 fas
992 1110 1214 1167 credere
1241 1111 1398 1167 aliter
1425 1111 1568 1168 afﬁci
1595 1112 1768 1170 Deum
1806 1128 1929 1169 cum
1956 1123 2144 1185 vacat,

559 1201 717 1258 aliter
743 1218 865 1259 cum
905 1211 1191 1273 operatur,
1238 1204 1365 1274 quia
1408 1219 1507 1261 nec
1546 1204 1693 1261 allici
1734 1205 1996 1262 dicendus
2042 1216 2143 1275 est,

560 1302 831 1365 tamquam
860 1293 914 1350 in
942 1294 1059 1365 ejus
1089 1305 1276 1350 natura
1320 1295 1412 1350 tiat
1451 1295 1649 1366 aliquid
1698 1298 1841 1367 quod
1884 1308 2011 1354 ante
2038 1314 2148 1355 non

561 1386 745 1441 luerit.
790 1386 997 1441 Patitur
1035 1386 1234 1458 quippe
1266 1390 1357 1458 qui
1389 1387 1645 1460 afﬁcitur,
1676 1400 1730 1445 et
1770 1392 2024 1448 mutabile
2065 1401 2150 1450 est

560 1494 720 1535 omne
744 1480 887 1550 quod
910 1480 1125 1550 patitur.
1161 1480 1277 1536 Non
1308 1497 1436 1552 ergo
1460 1483 1515 1537 in
1548 1484 1662 1539 Deo
1690 1494 1782 1539 aut
1811 1486 1959 1555 pigra
1984 1502 2146 1542 vaca-

562 1575 657 1668 tio,
684 1584 778 1629 aut
810 1574 1077 1632 laboriosa
1120 1576 1385 1646 cogitetur
1415 1576 1675 1632 industria
1701 1622 1715 1647 ,
1750 1579 1875 1646 quia
1907 1580 2057 1635 novit
2092 1590 2148 1637 et
2248 1595 2489 1651 stu-etin
2508 1595 2769 1665 veritate,
2811 1605 2867 1653 et,
2911 1599 3189 1655 veritatem
3231 1599 3300 1656 de
3344 1600 3520 1668 illius,
3568 1618 3666 1658 non
3738 1603 3793 1660 de

560 1665 844 1736 quiescens
868 1681 1051 1737 agere,
1081 1676 1133 1723 et
1163 1682 1328 1737 agens
1354 1669 1635 1738 quiescere
1662 1686 1674 1724 :
1700 1679 1755 1725 et
1780 1672 1920 1741 quod
1942 1672 1993 1727 in
2018 1687 2128 1743 ope

2248 1699 2350 1741 suo
2379 1686 2718 1742 mendacium
2746 1687 3082 1760 loqueretur.
3116 1691 3270 1747 Unde
3313 1707 3422 1748 non
3465 1665 3656 1749 frustra
3680 1695 3791 1751 dici-

559 1756 712 1860 ribus
738 1755 765 1795 δ
792 1756 908 1827 ejus
943 1758 1090 1860 prius
1119 1756 1337 1860 quidem
1372 1766 1476 1860 est:
1506 1768 1599 1814 aut
1617 1761 1913 1860 posterius,
1947 1779 2052 1818 non
2079 1763 2148 1820 ad
2252 1788 2340 1835 ιω·
2376 1796 2539 1837 οιῃηθ
2577 1755 2857 1853 ρεξορδιυῶ
2886 1799 3009 1841 esse
3036 1786 3398 1855 mendacium,
3423 1790 3550 1860 quia
3576 1805 3671 1846 non
3692 1807 3794 1859 pec.

558 1849 881 1917 facientem,
921 1849 1017 1904 sed
1068 1850 1134 1904 ad
1188 1849 1327 1905 facta
1384 1850 1726 1906 referendum
1775 1862 1876 1908 est.
1922 1854 2128 1910 [Eternt

2251 1883 2422 1941 catur,
2453 1875 2557 1929 nisi
2587 1890 2647 1931 ea
2677 1876 2976 1945 voluntate,
2998 1894 3122 1950 quae
3152 1888 3236 1936 est
3265 1884 3539 1938 contraria
3582 1885 3785 1953 veritati,

560 1942 704 1997 enim
737 1951 819 1997 est
838 1952 892 1997 et
913 1941 1372 1997 incommutabilis
1402 1942 1651 1998 voluntas
1679 1943 1817 2014 ejus,
1845 1960 1944 2000 nec
1966 1947 2128 2001 consi-

2251 1966 2305 2023 id
2332 1974 2433 2034 est,
2458 1967 2569 2023 Deo
2607 1967 2762 2041 (Aug.
2790 1970 2881 2025 lib.
2912 1941 3093 2026 κέν’άε
3119 1969 3229 2027 Cio.
3258 1972 3373 2041 Dei,
3403 1992 3449 2028 ε.
3481 1974 3560 2045 4).

562 2034 637 2091 lio
658 2036 961 2091 alternante
993 2035 1271 2099 variatur;
1306 2034 1359 2089 iu
1399 2048 1504 2104 qua
1545 2034 1704 2089 simul
1756 2044 1842 2090 est
1886 2036 2128 2107 quidquit

2251 2084 2254 2088 λ
2424 2057 2558 2114 CLI.
2595 2034 2626 2109 i‘
2653 2034 2731 2113 De
2751 2060 3044 2115 diversitate
3073 2060 3316 2118 humana
3351 2034 3658 2133 aﬂ'eetionis.

559 2125 611 2179 in
649 2125 805 2180 rebus
831 2125 1079 2181 creandis
1103 2124 1186 2180 vel
1212 2124 1560 2191 ordinandis,
1598 2133 1689 2180 aut
1719 2128 2020 2196 praecessit,
2054 2137 2148 2185 aut
2322 2154 2617 2209 Diversi!“
2658 2154 2906 2209 humanm
2939 2154 3274 2225 medianis,
3300 2124 3711 2215 δι”(ιίνεηίωε
3736 2168 3802 2216 es,

556 2217 800 2288 “quin”
834 2216 987 2289 (A'W'
1019 2215 1172 2284 ibid"
1202 2232 1251 2270 ⁸·
1286 2215 1398 2288 ¹⁷)·
2249 2246 2541 2302 voluntatis
2570 2265 2582 2301 :
2616 2262 2734 2319 qua:
2759 2247 2805 2303 si
2845 2263 3009 2318 prava
3036 2258 3140 2316 est,
3166 2215 3441 2321 perversis
3474 2254 3582 2308 erit
3610 2251 3634 2291 ι
3666 2255 3803 2310 mori-

752 2328 931 2386 CLVI.
980 2342 1000 2369 ε
1051 2330 1205 2399 Quod
1231 2329 1372 2385 Deus
1399 2338 1599 2385 tantum
1626 2341 1700 2387 est
1728 2342 1948 2390 creator.
2249 2336 2351 2392 bus
2376 2336 2611 2407 inquieta
2637 2353 2653 2404 ;
2680 2338 2727 2393 si
2750 2347 2931 2394 autem
2968 2348 3139 2407 recta,
3171 2356 3278 2395 non
3312 2342 3491 2397 solum
3519 2358 3620 2399 non
3643 2345 3800 2415 culpa-

632 2422 862 2491 Nullius,
887 2425 1140 2496 quamvis
1164 2423 1400 2480 minimae
1422 2434 1645 2494 naturae,
1669 2426 1773 2481 nisi
1800 2427 1969 2483 Deum
1995 2443 2149 2485 crea-
2249 2428 2374 2483 bilis
2401 2426 2615 2484 affectio
2636 2427 2887 2495 hominis,
2912 2429 3007 2485 sed
3028 2430 3192 2486 etiam
3218 2430 3516 2489 laudabilis
3541 2435 3640 2491 erit
3663 2434 3797 2507 (Aug.

558 2526 730 2573 torem
762 2518 912 2573 credi
939 2528 1034 2573 aut
1068 2516 1176 2574 dici
1201 2519 1327 2575 licet
1367 2517 1395 2557 ά
1426 2519 1494 2574 ab
1541 2520 1745 2592 aliquo.
1780 2523 1913 2591 Quia
1950 2525 2147 2579 etiam-
2249 2520 2412 2591 ibid.,
2441 2539 2488 2577 c.
2517 2522 2597 2593 6).

559 2610 609 2666 si
633 2610 808 2681 angeli
845 2610 984 2681 jussi
1028 2612 1113 2667 vel
1166 2611 1421 2682 permissi
1471 2612 1731 2670 adhibent
1772 2615 2145 2685 operationem
2556 2616 2708 2673 CLII.
2744 2614 2761 2655 ι
2792 2617 2870 2674 De
2900 2619 3103 2673 arbitrii
3134 2618 3367 2675 libertate
3387 2637 3532 2676 vera.

559 2719 709 2759 suam
738 2704 898 2760 rebus
938 2719 1059 2775 quae
1086 2704 1376 2775 gignuntur
1398 2706 1452 2761 in
1483 2706 1715 2776 mundo;
1747 2718 1854 2762 tam
1877 2724 1983 2764 non
2018 2718 2148 2766 sunt
2321 2706 2617 2764 Arbitrium
2646 2708 2939 2764 voluntatis
2965 2717 3091 2765 tunc
3132 2719 3217 2765 est
3242 2725 3372 2766 vere
3402 2710 3663 2781 liberum,
3705 2725 3803 2768 cum

554 2788 833 2851 creatures
873 2796 1185 2851 animalium
1213 2811 1375 2866 quam
1412 2806 1513 2853 nec
1541 2798 1791 2869 agricolae
1823 2798 2036 2871 frugum
2062 2811 2145 2858 at-
2250 2800 2397 2856 vitiis
2421 2800 2766 2871 peccatisque
2794 2816 2902 2857 non
2929 2802 3117 2858 servit.
3144 2802 3277 2859 Tale
3303 2803 3494 2860 datum
3524 2812 3610 2861 est
3635 2819 3662 2860 a
3688 2804 3799 2873 Deo,

556 2902 661 2958 que
690 2887 942 2943 arborum
977 2888 1153 2961 (Aug.
1185 2888 1341 2957 ibid.,
1372 2906 1420 2943 c.
1446 2889 1559 2960 24).
2249 2891 2395 2963 quod
2418 2890 2701 2959 amissum,
2735 2892 2840 2948 nisi
2866 2907 2893 2946 a
2924 2908 3032 2964 quo
3071 2894 3250 2964 potuit
3276 2894 3417 2961 dari,
3455 2904 3504 2933 ιιι
3532 2912 3635 2951 non
3659 2903 3807 2966 potest

625 2978 880 3034 CXLVII.
916 2989 939 3016 ο
969 2979 1044 3035 De
1072 2982 1243 3052 prima
1278 2990 1324 3035 et
1364 2982 1592 3036 secunda
1624 2984 1857 3055 corporis
1888 2996 2071 3041 morte.
2250 2985 2422 3042 reddi.
2452 2984 2608 3042 Unde
2637 2986 2848 3042 Veritas
2873 2986 3024 3053 dicit,
3075 2986 3137 3042 Si
3178 3003 3263 3043 vos
3311 2986 3361 3040 F
3362 2987 3491 3044 ilius
3520 2988 3806 3056 liberaverit,

630 3072 705 3127 De
730 3073 900 3142 prima
927 3069 1174 3143 corporis
1201 3082 1377 3128 morte
1405 3073 1511 3129 dici
1538 3085 1716 3145 potest
1742 3116 1758 3143 ,
1798 3077 1942 3146 quod
1984 3078 2145 3135 bonis

555 3163 695 3219 bona
725 3164 813 3232 sit,
845 3166 1002 3220 malis
1024 3166 1183 3220 mala.
1207 3166 1458 3223 Secunda
1484 3183 1614 3223 vero
1639 3168 1757 3225 sine
1780 3170 1967 3241 dubio,
2000 3174 2141 3229 sicut

2249 3088 2278 3118 ιι
2310 3090 2428 3135 tunc
2453 3096 2566 3136 vere
2593 3081 2738 3135 liberi
2762 3080 2903 3136 eritis
2925 3082 3084 3154 (Aug.
3114 3080 3269 3149 ibid.,
3300 3099 3344 3136 c.
3375 3082 3491 3154 11).
3551 3165 3560 3172 .

2406 3171 2583 3231 CLIII.
2630 3182 2655 3212 °
2684 3173 2838 3240 Quod
2864 3191 2954 3229 cor
2980 3174 3051 3228 ad
3074 3173 3241 3230 Deum
3267 3176 3335 3230 sit
3368 3171 3685 3232 habendum.

557 3257 829 3313 nullorum
858 3260 1124 3315 bonorum
1153 3268 1257 3328 est,
1289 3260 1361 3315 ita
1392 3261 1527 3316 nulli
1571 3262 1712 3317 bona
1752 3262 1909 3336 (Aug.
1958 3263 1996 3319 ι.
2046 3282 2143 3322 xm
2171 3253 2217 3318 C
2319 3269 2526 3325 Bonum
2572 3277 2656 3325 est
2700 3284 2913 3325 sursum
2961 3268 3164 3325 habere
3208 3284 3335 3336 cor,
3383 3285 3499 3327 non
3541 3282 3710 3328 tamen
3751 3271 3807 3327 ad

558 3350 619 3404 de
638 3348 769 3408 Civ..
801 3368 848 3406 ε.
877 3352 956 3421 2).

915 3445 1193 3502 CXLVIII.
1219 3445 1299 3501 De
1337 3456 1497 3502 morte
1525 3449 1753 3519 piorum.

622 3538 770 3594 Mors
807 3538 967 3594 etiam
997 3540 1210 3608 piorum
1254 3554 1410 3610 ptena
1457 3542 1664 3610 peccati
1713 3549 1812 3597 est.
1867 3542 1975 3599 Sed
2019 3542 2144 3601 ideo

554 3633 691 3688 bona
746 3633 875 3704 ipsis
929 3632 1153 3702 dicitur,
1212 3633 1337 3704 quia
1386 3633 1476 3688 illa
1504 3634 1643 3690 bene
1679 3643 1937 3706 utuntur,
1977 3636 2142 3711 564

552 3724 749 3795 quibus
780 3724 903 3779 finis
931 3732 1014 3779 est
1040 3724 1105 3779 ad
1137 3724 1279 3779 mala
1309 3726 1649 3795 temporalia,
1684 3736 1738 3781 et
1783 3729 2041 3782 transitus
2070 3729 2137 3783 ad

550 3820 714 3874 vitam
752 3830 1031 3874 aeternam.
1083 3818 1231 3875 Sicut
1278 3820 1423 3875 enim
1474 3820 1735 3889 injustilia
1776 3823 1919 3878 male
1964 3822 2135 3879 utitur

549 3930 656 3969 non
688 3922 892 3967 tantum
917 3913 1092 3982 malis,
1123 3928 1312 3968 verum
1342 3913 1506 3969 etiam
1537 3914 1692 3969 bonis
1722 3930 1736 3979 ;
1786 3915 1860 3968 ita
1909 3914 1929 3955 ί
1968 3916 2131 3973 etiam

550 4116 792 4181 habetur,
823 4132 886 4170 ea:
910 4118 1062 4171 mala:
1089 4117 1361 4171 voluntatis
1402 4116 1558 4184 vitio,
1612 4116 2037 4187 observaturque
2072 4119 2126 4175 in

550 4189 790 4257 margine
811 4187 1051 4243 inferiori
1076 4202 1207 4241 mss.
1240 4188 1425 4254 plures
1448 4196 1501 4240 et
1533 4187 1714 4256 probae
1751 4200 1897 4243 nota:
1926 4191 2128 4246 habere

550 4259 697 4312 initio
718 4274 737 4323 ;
776 4258 917 4326 quod
950 4258 1165 4313 codices
1202 4258 1370 4313 nostri
1415 4272 1637 4326 omnes,
1676 4258 1893 4328 dempto
1932 4260 2124 4316 Colon.

549 4339 682 4397 vet.,
715 4329 1001 4384 exhibent.

623 4410 650 4437 ι
679 4399 921 4455 Antehac
956 4398 1085 4455 editi
1116 4398 1435 4469 generaliori
1475 4413 1660 4465 sensu,
1690 4399 1828 4468 Quid
1858 4402 2001 4456 credi
2038 4403 2132 4457 de.

548 4470 677 4524 beat.
710 4472 807 4527 Ms.
837 4470 1087 4527 Joliensis
1111 4471 1355 4526 exhibuit
1377 4471 1519 4541 quod
1547 4471 1943 4528 substituimus.

619 4541 645 4580 δ
672 4542 993 4612 Ms.Remig.
1009 4542 1156 4597 addit
1178 4558 1473 4612 pronomen
1503 4545 1648 4613 ejus;
1677 4543 1950 4613 idemque,
1983 4560 2126 4610 prius

546 4624 622 4687 est
648 4622 796 4687 atque
817 4614 1071 4687 posterius
1098 4651 1113 4667 .
1148 4653 1165 4671 .
1201 4658 1214 4673 .
1252 4615 1366 4687 .Uad
1406 4616 1636 4687 factum,
1670 4628 1788 4687 pro,
1832 4615 1911 4687 ad
1960 4616 2117 4687 facta.

546 4685 648 4740 Ms.
706 4685 989 4758 lolieusis,
1039 4686 1095 4739 in
1134 4685 1369 4754 operibus
1402 4687 1515 4751 eius
1555 4686 1701 4752 prius
1737 4685 1928 4741 dicitur
1961 4685 2125 4758 atque

546 4756 817 4827 posterius.

618 4838 641 4865 ο
674 4826 773 4881 Ms.
799 4825 930 4892 101.,
967 4824 1116 4891 Quod
1143 4827 1307 4882 omnis
1331 4835 1569 4881 creatura
1598 4844 1631 4880 a
1660 4826 1770 4880 Deo
1797 4827 1862 4880 sit
1892 4830 2121 4885 condita.

614 4894 643 4934 ἀ
672 4897 799 4952 Mss.
832 4895 1041 4966 Remig.
1081 4906 1136 4954 et
1176 4899 1283 4953 Jol.
1321 4912 1427 4952 non
1470 4897 1667 4954 habent
1704 4898 1768 4953 ab
1792 4899 1983 4963 aliqua.
2016 4900 2122 4955 Sed

545 4977 667 5049 post
692 4968 1145 5049 paucaadhibent,
1182 4983 1283 5037 pro
1308 4968 1624 5049 (adhibeant.
1673 4969 2122 5049 ldemHJoliensis

541 5038 697 5094 initio
721 5039 904 5109 scribit
927 5040 1150 5094 minima:
1178 5048 1445 5104 creaturas,
1470 5054 1575 5109 pro
1617 5055 1724 5109 quo
1760 5038 1874 5107 alii,
1897 5041 2123 5096 minimae

543 5118 759 5163 natum.
793 5108 981 5164 Colon.
1012 5120 1119 5165 vet.
1154 5110 1285 5183 edit,
1319 5108 1539 5183 Quodsi
1564 5108 1733 5183 angeli
1761 5149 1774 5162 .
1804 5149 1822 5183 ,γ
1850 5150 1863 5162 .
1891 5150 1904 5183 .
1949 5122 2120 5167 tamen

541 5197 643 5237 non
672 5190 789 5235 sunt
814 5192 1065 5237 creatores
1094 5181 1417 5251 animalium,
1438 5181 1572 5234 sicut
1599 5181 1687 5235 nec
1712 5182 1971 5251 agricolae,
2010 5193 2116 5238 etc.

615 5262 638 5288 ο
672 5252 941 5307 Hactenus
972 5251 1123 5318 editi,
1156 5250 1235 5305 De
1263 5254 1432 5320 prima
1458 5250 1759 5306 conditione
1781 5252 1981 5307 mortis.
2013 5253 2116 5308 Ms.

546 5320 774 5393 lol.,Al)e
792 5325 959 5393 prima
980 5324 1207 5393 corporis
1239 5334 1418 5378 morte.
1453 5321 1629 5393 sensu
1656 5322 1905 5390 pleniori,
1935 5323 2117 5380 addita

538 5404 583 5464 a_
603 5390 755 5444 nobis
783 5390 935 5459 voce,
959 5402 1008 5447 et
1028 5390 1273 5448 secunda.
1302 5393 1407 5448 Per
1446 5392 1675 5461 primam
1706 5402 1885 5447 autem
1920 5409 2116 5464 corpo-

539 5460 616 5515 ris
648 5470 874 5533 mortem
900 5464 1150 5533 intelligit
1191 5460 1559 5533 Augustinus,
1610 5479 1679 5519 ex
1726 5478 1830 5531 quo
1876 5460 2112 5532 Prosper

539 5532 859 5587 sententiam
889 5532 1095 5606 hausit,
1113 5550 1232 5590 eam
1254 5532 1368 5602 qua:
1387 5535 1615 5588 animam
1637 5535 1860 5606 sejungit
1880 5551 1913 5588 a
1933 5550 2115 5603 corpo-

536 5618 634 5669 re;
658 5617 770 5675 per
791 5605 1079 5675 secundam
1108 5622 1235 5661 vero
1251 5606 1399 5660 illam
1418 5607 1527 5659 sine
1550 5606 1647 5669 (ine
1677 5604 1942 5674 poenalem,
1970 5620 2108 5675 qua},

536 5682 597 5728 ut
615 5672 747 5746 alibi
777 5674 873 5746 ait,
905 5674 1115 5746 inritam
1145 5678 1381 5731 animam
1403 5687 1536 5732 tenet
1560 5677 1614 5729 in
1645 5672 1874 5746 corpore.

610 5741 630 5781 τ
663 5743 758 5799 Ms.
792 5744 1032 5816 Jol.,_ita
1048 5748 1255 5816 justitia
1284 5747 1427 5813 bene,
1455 5764 1558 5802 non
1599 5741 1798 5802 tantum
1826 5746 1991 5814 bonis,
2022 5748 2111 5803 sed

535 5815 893 5887 etiarngmalis.
921 5814 1290 5887 Quofpropius
1315 5819 1577 5877 accedere
1600 5817 1813 5875 videtur
1832 5818 1902 5876 ad
1933 5820 2107 5877 locum

531 5885 657 5941 libri
675 5885 744 5944 do
769 5884 929 5943 Civit.
965 5884 1083 5944 Dei.

2246 3359 2506 3430 seipsum,
2533 3359 2676 3431 quod
2703 3366 2790 3415 est
2809 3360 3076 3429 superbiae
3100 3377 3116 3427 ;
3149 3361 3247 3417 sed
3269 3361 3338 3416 ad
3368 3361 3568 3430 Deum,
3597 3363 3727 3435 quod
3741 3372 3809 3423 est

2246 3450 2585 3507 obedientiae.
2620 3450 2750 3506 Plus
2786 3460 2967 3509 autem
3010 3453 3315 3524 appetendo
3345 3455 3531 3512 minus
3579 3463 3687 3523 est,
3733 3456 3808 3527 qui

2242 3542 2369 3598 dum
2400 3558 2460 3599 se
2482 3543 2582 3599 sibi
2607 3542 2859 3600 sufﬁcere
2878 3544 3129 3613 conlidit,
3157 3547 3225 3601 ab
3246 3562 3313 3603 eo
3343 3549 3431 3619 qui
3455 3565 3591 3607 vere
3615 3551 3663 3606 ei
3683 3548 3808 3605 sulti-

2245 3637 2318 3692 cit
2341 3635 2523 3692 deﬁcit
2552 3636 2708 3707 (Aug.
2738 3636 2891 3704 ibid.,
2922 3655 2971 3692 c.
3004 3638 3118 3710 15).

2707 3726 2882 3783 CLIV.
2935 3727 3015 3784 De
3040 3731 3145 3785 vita
3173 3732 3338 3787 beata.

2319 3821 2479 3897 565
2503 3822 2666 3877 Beata
2689 3823 2797 3877 vita
2818 3822 2863 3877 si
2889 3838 2996 3878 non
3021 3834 3252 3893 amatur,
3282 3840 3390 3880 non
3419 3825 3677 3883 habetur:
3700 3827 3810 3883 Por~

2248 3930 2309 3972 ro
2340 3916 2387 3970 si
2411 3922 2641 3984 amatur,
2674 3925 2703 3965 ι»
2725 3923 2779 3970 et
2808 3912 3076 3980 habetur;
3105 3916 3322 3971 caeteris
3368 3917 3625 3972 omnibus
3674 3917 3811 3972 rebus

2307 4128 2333 4167 ε
2361 4118 2491 4175 Mss.
2512 4116 2730 4191 Bemig.
2754 4114 3089 4191 etCorbIAet
3127 4133 3194 4173 ex
3238 4118 3334 4174 illo
3354 4118 3489 4175 edit.
3516 4120 3680 4191 Aug.,
3709 4134 3812 4191 non:

2233 4189 2374 4244 dum.
2412 4191 2467 4243 In
2511 4188 2646 4241 libro
2680 4188 2749 4243 de
2778 4187 2895 4243 Civ.
2929 4187 3042 4256 Dei,
3074 4191 3227 4243 etiam
3256 4206 3379 4256 non,
3408 4198 3472 4245 ut
3515 4187 3705 4248 omnes
3731 4188 3813 4244 alii

2231 4260 2400 4315 nostri
2432 4257 2667 4314 codices.

2304 4327 2334 4366 ιι
2361 4330 2513 4384 Hunc
2537 4330 2752 4407 titulum
2783 4329 3061 4407 hausimus
3086 4346 3152 4407 es
3176 4346 3289 4407 ms._
3308 4330 3563 4407 Joliensi,
3590 4332 3679 4401 qui
3701 4332 3812 4407 sub:

2226 4401 2387 4475 jecta:
2411 4400 2891 4475 sententiaemagis
2919 4400 3210 4475 convenire
3240 4404 3387 4459 visus
3415 4413 3503 4459 est
3528 4400 3707 4475 'quam
3734 4402 3813 4469 qui

2231 4471 2285 4558 in
2316 4472 2544 4529 antehac
2589 4471 2777 4543 editis,
2815 4472 2966 4539 Quod
3004 4489 3152 4528 omne
3189 4483 3455 4545 peccatum
3497 4471 3578 4529 sit'
3611 4475 3812 4529 menda-

2233 4561 2391 4600 ctum.

2308 4615 2325 4653 ί
2360 4615 2434 4670 Ita
2462 4615 2810 4670 emendamus
2838 4630 2902 4670 ex
2926 4629 3029 4671 ms.
3055 4614 3302 4682 Joliensi,
3321 4615 3513 4671 Colon.
3544 4625 3658 4671 vet.
3691 4615 3809 4670 edit.

2227 4697 2282 4741 et
2322 4686 2459 4741 libro
2485 4687 2600 4756 ipso
2641 4688 2691 4739 in
2738 4687 2986 4753 margine
3023 4687 3208 4753 citato,
3245 4701 3367 4741 cum
3394 4688 3528 4743 editi
3582 4688 3675 4741 alii
3723 4685 3810 4738 ba-

2226 4758 2409 4826 bcant,
2438 4757 2500 4811 de
2524 4773 2615 4809 suo
2646 4756 2934 4825 mendacio,
2958 4757 3119 4812 etiam
3151 4758 3384 4826 append.
3416 4761 3561 4828 Aug.
3606 4768 3663 4814 et
3688 4770 3809 4811 mss.

2226 4829 2381 4884 Colb.
2415 4838 2469 4882 et
2498 4828 2709 4897 Remig.

2303 4902 2315 4949 ι
2359 4900 2459 4953 Ms.
2512 4895 2785 4963 Jolieusis,
2812 4898 2890 4953 De
2918 4898 3188 4966 a/fectione
3219 4899 3459 4953 hominis.
3484 4897 3639 4953 Alias
3669 4895 3811 4957 editi,

2225 4968 2303 5024 De
2329 4970 2527 5051 diversa
2554 4969 2817 5051 voluntate
2846 4967 3194 5051 aﬁ‘eetionum.
3244 4969 3486 5051 Titulum
3532 4968 3813 5025 clariorem

2224 5055 2293 5096 ex
2319 5041 2504 5107 primis
2549 5042 2833 5095 sentcntiae
2861 5040 3040 5093 verbis
3072 5041 3468 5108 espressimus.
3844 5072 3849 5109 λ

2295 5110 2322 5149 ¹ι
2352 5113 2452 5167 Ms.
2494 5111 2777 5175 Joliensis,
2815 5110 3051 5163 motibus.
3092 5110 3187 5181 Sat
3227 5111 3390 5179 bene,
3429 5124 3557 5165 cum
3586 5112 3811 5181 August.

2224 5181 2361 5237 libro
2413 5184 2506 5236 illo
2552 5182 2713 5247 dicat,
2778 5197 3036 5252 perversos
3089 5179 3413 5235 babebithoc
3471 5179 3813 5236 motuszlii

2222 5267 2434 5318 omnes,
2467 5253 2716 5306 moribus.
3841 5276 3845 5313 ξ

2296 5322 2316 5362 1
2347 5326 2447 5379 Ms.
2480 5324 2735 5379 Joliensis
2754 5364 2769 5388 ,
2798 5322 2875 5376 De
2904 5324 3231 5392 reparatione
3258 5321 3408 5377 liberi
3437 5322 3673 5378 arbitrii.

2293 5404 2334 5431 ιιι
2359 5394 2459 5465 Ms.
2488 5393 2619 5464 101.,
2654 5410 2754 5447 nou
2782 5395 2947 5465 potuit
2974 5394 3143 5449 reddi.

2290 5462 2762 5536 “(Particulatuuc
2782 5462 2989 5520 abesta
3030 5479 3159 5520 mss.
3206 5464 3418 5536 Remig.
3479 5472 3536 5521 et
3584 5462 3810 5521 Joliensi

2217 5544 2276 5593 et
2302 5535 2531 5602 Vulgata
2562 5546 2776 5600 nostra,
2828 5550 2950 5589 cum
2987 5546 3168 5591 tamen
3204 5534 3471 5592 habeatur
3516 5539 3577 5591 in
3622 5536 3814 5593 Graeco

2218 5616 2364 5662 textu
2397 5606 2669 5675 Evangelii
2691 5605 2852 5660 Joan.
2884 5620 2999 5672 vm,
3030 5606 3117 5662 56.

2290 5688 2314 5714 ο
2345 5678 2445 5733 Ms.
2473 5676 2600 5745 101.,
2632 5675 2867 5741 Qualiter
2887 5695 3092 5733 sursum
3129 5694 3216 5732 cor
3244 5678 3426 5735 habere
3450 5676 3757 5734 debeamus.

2286 5758 2314 5798 ρ
2342 5748 2438 5803 Ms.
2472 5748 2705 5817 Remig.,
2758 5764 2859 5801 non
2877 5749 3110 5804 habetur.
3143 5748 3333 5805 Colon.
3366 5760 3473 5806 vet.
3523 5750 3817 5818 edit.,uon

2214 5819 2591 5893 ideohabetur.
2622 5819 2812 5876 Melius
2836 5821 2889 5876 in
2920 5828 3094 5891 textu,
3138 5830 3199 5878 ut
3226 5820 3281 5877 in
3303 5834 3426 5893 cap.
3450 5820 3575 5878 libri
3598 5819 3675 5877 de
3696 5818 3813 5877 Civ.

2216 5892 2313 5947 Dei
2337 5890 2551 5961 legitur.
3374 5890 3388 5893 ‘
3632 5895 3636 5898 ‘
