4006 6356
212 335 306 396 tta
666 324 870 385 LIBER
904 309 1442 381 somnumnon
1479 308 1578 370 ex
1613 287 1955 369 aestimas
1992 306 2053 364 s.
2094 297 2463 362 AUGUSTlNl
2498 290 3009 355 DELIBATARUM.
3367 284 3473 347 rso

210 462 426 511 necesse
465 454 550 505 est
571 456 634 503 ut
652 442 1009 502 excellentius
1040 438 1323 511 diligatur:
1349 434 1642 507 quoniam'
1667 444 1789 501 pro-
1814 430 1867 491 Α
1894 434 2013 481 tura
2060 423 2113 479 in
2168 436 2273 492 qua
2322 418 2529 476 nullum
2569 418 2767 473 bonum
2784 413 2877 483 sit,
2910 425 3020 468 non
3059 414 3242 481 potest
3284 407 3473 482 (Aug.

210 555 319 619 pter
332 544 471 600 hanc
486 540 774 598 amandum
795 531 1171 608 est,quidquid
1199 529 1343 587 aliud
1371 535 1458 586 est
1480 523 1787 619 amandum.
1892 519 2044 589 ibid.,
2068 535 2114 573 c.
2141 516 2252 589 15).

211 599 338 706 auia
367 648 500 691 vero
525 632 719 690 beatus
746 599 994 687 essenon
1026 599 1225 697 potest,
1257 622 1362 679 nisi
1392 620 1480 692 qui
1504 633 1646 686 eam,
1674 614 1704 656 ι’
1736 624 1794 671 ιιι
1970 704 2013 706 Η
2057 703 2088 706 η
2255 604 2445 706 οιιίι..
2463 602 2541 660 De
2568 602 2729 706 animi
2753 599 3012 673 (equitate.

214 687 741 801 vamat
763 742 777 779 :
801 687 1138 794 consequens
1161 687 1245 776 est
1286 726 1344 775 ut
1368 687 1489 773 eam
1536 723 1793 771 aeternam
1968 703 2157 801 Melior
2180 711 2261 801 est
2283 699 2455 801 animi
2470 700 2695 801 aquita-s
2719 709 2882 801 quam
2906 689 3152 801 οστρξξξξξ
3171 687 3372 801 “alii?
3388 693 3482 801 ξε

214 777 561 893 king-qi};
765 777 895 875 .50
947 777 1119 872 7653i;
1187 813 1311 878 em,
1362 808 1576 883 qundo
1609 805 1796 864 ter-mi.
1896 793 2309 853 convenientius
2385 791 2615 860 injustus
2643 789 2795 893 dolet
2817 788 2870 893 in
2894 783 3181 857 supplicio,
3211 794 3370 852 quam
3394 777 3481 834 lte-

220 879 366 971 num.
384 879 494 969 non
526 912 748 969 habebit
774 910 794 983 (
818 910 955 983 Aug.
997 907 1152 975 ibid.,
1184 922 1231 961 ε,
1252 903 1325 959 25
1898 898 2041 945 tatus
2071 896 2154 945 est
2180 888 2232 942 in
2263 884 2463 942 delicto
2486 884 2505 953 (
2532 884 2667 954 Aug.
2690 881 2816 937 ibid.

332 1005 495 1064 CLV.
526 1015 549 1047 ο
577 1006 728 1075 Quod
756 1020 907 1059 nemo
932 1004 1025 1074 ﬁat
1068 1002 1248 1067 bonus,
1279 998 1380 1053 nisi
1406 1014 1471 1053 ea:
1492 996 1649 1052 malo.
2237 995 2443 1053 CLXII.
2467 994 2545 1049 De
2565 1002 2816 1066 prwcepto
2839 991 3125 1046 charitatis.

278 1100 395 1157 Non
426 1074 618 1155 omnes
642 1097 859 1170 quidem
896 1095 1025 1152 mali
1056 1095 1110 1150 in
1140 1095 1241 1150 hoc
1261 1092 1573 1164 proﬁciunt,
1602 1098 1659 1147 ut
1689 1088 1801 1146 sint
1970 1093 2027 1148 In
2059 1098 2330 1164 pracepto
2356 1086 2637 1143 cliaritatis
2665 1086 2768 1139 tria
2818 1083 3024 1139 invenit
3050 1080 3213 1136 homo
3249 1092 3370 1149 quae
3396 1074 3482 1133 di-

218 1195 372 1260 boni;
405 1206 569 1253 nemo
599 1201 778 1248 tamen
828 1201 934 1258 εει,
966 1188 1070 1245 nisi
1107 1202 1174 1245 et
1214 1187 1381 1253 malo.
1414 1184 1588 1241 bonus
1617 1181 1637 1257 (
1662 1183 1797 1255 Aug.
1904 1188 2037 1259 ligat
2073 1185 2309 1251 :Deum,
2339 1191 2393 1239 et
2432 1196 2509 1250 se,
2541 1181 2867 1252 proximum.
2912 1176 2983 1232 Et
3012 1176 3133 1247 quia
3167 1174 3257 1231 ille
3297 1173 3351 1228 in
3402 1172 3487 1228 sui

221 1290 252 1342 ι.
275 1302 339 1340 xv
366 1287 429 1340 de
457 1284 564 1340 Civ.
596 1282 716 1348 Dei,
749 1299 797 1337 c.
834 1279 919 1353 1).
1903 1280 2189 1337 dilectione
2219 1293 2323 1334 non
2353 1284 2522 1342 errat,
2556 1274 2646 1344 qui
2691 1274 2860 1329 Deum
2884 1270 3057 1341 diligit
3084 1286 3100 1335 ;
3150 1279 3487 1337 consequens

280 1378 459 1435 CLVI.
493 1374 521 1416 δ
552 1374 631 1434 De
660 1376 852 1431 civibus
878 1386 1090 1431 terrente
1134 1374 1355 1429 ciuitatis
1393 1388 1455 1426 ac
1493 1370 1723 1427 caelestis.
1906 1383 1988 1431 est
2017 1382 2075 1428 ut
2100 1370 2346 1443 proximo
2372 1368 2439 1424 ad
2467 1364 2801 1438 diligendum
2826 1364 2995 1419 Deum
3021 1361 3289 1432 consulat,
3322 1374 3484 1431 quem

282 1472 443 1527 Cives
473 1480 705 1525 terrente
727 1470 961 1525 civitatis
982 1468 1122 1538 parit
1147 1476 1369 1537 peccato
1384 1465 1567 1522 vitiata
1590 1473 1801 1533 natura,
1906 1466 2125 1538 jubetur
2150 1464 2376 1535 diligere
2400 1462 2540 1517 sicut
2563 1473 2622 1515 se
2649 1458 2824 1529 ipsum
2855 1455 3032 1528 (Aug.
3063 1453 3214 1521 ibid.,
3248 1469 3295 1507 c.
3333 1450 3451 1521 ιι).

220 1563 297 1634 qui
328 1571 457 1617 sunt
487 1576 610 1617 vasa
638 1561 751 1615 ine.
796 1561 956 1616 Cives
1004 1575 1132 1614 vero
1159 1558 1397 1615 caelestis
1429 1559 1615 1628 patria:
1640 1555 1802 1628 parit,

221 1673 245 1711 a
274 1663 498 1725 peccato
543 1662 789 1709 naturam
833 1653 1089 1717 liberans,
1153 1652 1355 1724 gratia,
1403 1651 1493 1723 qui
1524 1660 1649 1708 sunt
1678 1664 1804 1706 vasa

221 1745 649 1818 misericordite(
679 1747 812 1817 Aug.
845 1745 997 1814 ibid.,
1026 1761 1072 1801 c.
1104 1748 1137 1799 ἓ.)
1158 1746 1198 1816 ).

683 1840 885 1897 CLVII.
919 1849 942 1878 ι·
974 1838 1051 1894 De
1075 1840 1151 1894 ira
1180 1840 1294 1895 Dei.

284 1936 363 1991 Ira
403 1936 502 1994 Dei
531 1951 637 1991 non
660 1933 998 2007 perturbatio
1028 1942 1111 1989 est
1139 1934 1277 2004 ejus,
1303 1932 1394 1988 sed
1414 1932 1676 2003 judicium
1701 1948 1808 2005 quo

228 2027 494 2100 irragatur
544 2043 700 2099 paena
748 2034 991 2097 peccato.
1041 2024 1310 2096 Cogitatio
1359 2040 1489 2081 vero
1537 2024 1704 2095 ipsius
1755 2035 1810 2081 et

224 2121 533 2192 recogitatia
582 2119 957 2176 mutandarum
990 2133 1169 2174 rerum
1216 2127 1299 2173 cst
1352 2116 1810 2173 incommutabilis

224 2214 374 2269 ratio.
399 2213 589 2285 Neque
615 2213 757 2269 enim
810 2212 950 2267 sicut
980 2211 1281 2276 hominem,
1314 2210 1385 2265 ita
1418 2209 1587 2265 Deum
1629 2209 1811 2279 cujus-

225 2321 376 2377 quam
432 2306 559 2363 facti
612 2308 693 2362 sui
749 2304 1017 2377 paenitet(
1047 2304 1066 2360 l
1108 2304 1237 2376 Reg.
1274 2319 1369 2372 xv,
1401 2302 1526 2375 29),
1559 2303 1714 2374 cujus
1742 2302 1811 2359 de

226 2399 473 2455 omnibus
520 2400 745 2456 omnino
802 2399 967 2455 rebus
1021 2409 1129 2453 tam
1178 2397 1281 2451 fixa
1336 2397 1607 2453 sententia
1651 2410 1809 2468 quam

231 2492 250 2530 ί
277 2503 421 2549 certa
446 2502 534 2550 est
555 2492 891 2563 prascientia
924 2490 943 2564 (
973 2492 1105 2564 Aug.
1135 2491 1286 2559 ibid.,
1326 2507 1373 2546 c.
1404 2490 1477 2546 25
1502 2490 1545 2562 ).

435 2584 665 2643 CLVIII.
694 2596 720 2633 ε
748 2583 827 2640 De
856 2584 1268 2658 persequentibus
1294 2582 1597 2638 Ecclesium.

294 2678 503 2735 Inimici
548 2679 809 2735 Ecclesiae
858 2678 1102 2750 quolibet
1148 2692 1334 2733 errore
1386 2684 1683 2747 ctecentur,
1725 2676 1814 2732 vel

242 2772 442 2827 malitia
467 2772 829 2842 depraventur
856 2788 869 2837 ;
902 2772 945 2827 si
972 2770 1239 2841 accipiant
1275 2777 1597 2841 potestatem
1622 2782 1814 2839 corpo-

238 2862 423 2919 raliter
465 2864 757 2936 affligendi,
791 2873 1050 2922 exercent
1079 2864 1199 2936 ejus
1239 2864 1554 2935 patientiam
1582 2880 1597 2929 ;
1627 2862 1671 2918 si
1699 2872 1815 2918 tan-

244 2957 523 3013 tummodo
551 2958 690 3013 tuale
717 2955 1001 3013 sentiendo
1021 2957 1401 3023 adversantur,
1428 2954 1818 3025 cxercentejus

233 3049 591 3120 sapientiam;
637 3058 692 3105 et
736 3057 795 3104 ut
840 3050 1001 3105 etiam
1055 3049 1257 3105 inimici
1306 3049 1620 3120 diligantur,
1663 3062 1817 3104 exer-

237 3150 357 3197 cent
422 3142 543 3213 ejus
600 3141 1028 3198 benevolentiam
1062 3160 1073 3195 :
1103 3142 1226 3213 quia
1259 3141 1403 3197 Deus
1433 3141 1517 3196 his
1561 3141 1653 3213 qui
1695 3156 1816 3198 eum

233 3233 483 3305 diligunt,
526 3234 707 3290 omnia
746 3245 1075 3305 caaperatur
1096 3233 1148 3288 in
1172 3233 1371 3289 bonum
1398 3232 1419 3306 (
1450 3232 1582 3306 Aug.
1618 3232 1656 3288 l.
1690 3247 1819 3288 xvut

234 3326 292 3380 de
316 3325 426 3383 Civ.
460 3323 581 3395 Dei,
618 3343 665 3382 ε.
700 3324 787 3397 ι).

654 3416 836 3473 CLIX.
857 3416 937 3472 De
966 3417 1070 3487 ﬁne
1092 3417 1209 3472 boni
1231 3427 1276 3472 et
1298 3417 1422 3472 ntali

301 3512 457 3569 Finis
478 3511 608 3567 boni
630 3519 737 3577 est,
761 3527 866 3568 non
898 3528 1007 3582 qua
1023 3520 1375 3568 consumatur
1403 3517 1589 3565 utnon
1614 3510 1705 3578 sit,
1730 3510 1827 3565 sed

235 3622 337 3678 quo
392 3605 708 3675 perﬁciatur
730 3615 787 3661 ut
819 3606 1034 3676 plenum
1073 3606 1162 3660 sit.
1195 3605 1262 3660 Et
1288 3603 1411 3659 ﬁnis
1432 3603 1559 3659 mali
1587 3611 1688 3669 est,
1722 3617 1830 3659 non

234 3714 337 3767 qua
356 3713 487 3756 esse
516 3698 754 3765 desinat,
784 3697 879 3754 sed
904 3712 1012 3769 quo
1041 3711 1212 3768 usque
1264 3696 1512 3753 nocendo
1543 3694 1825 3767 perducat.

237 3790 392 3848 Unde
422 3806 591 3846 unum
637 3798 720 3845 est
752 3804 1022 3845 summum
1051 3788 1277 3854 bonum,
1305 3786 1447 3843 aliud
1478 3795 1656 3842 autem
1681 3800 1833 3841 sum-

234 3899 375 3939 mum
433 3881 844 3948 malum;illud
896 3892 1119 3952 propter
1172 3879 1318 3951 quod
1368 3879 1672 3949 appetenda
1705 3886 1857 3938 sunt,

234 3976 370 4031 bona
394 3987 626 4044 caetera,
662 3978 836 4046 ipsum
872 3986 1052 4031 autem
1110 3984 1332 4045 propter
1376 3989 1437 4029 se
1460 3974 1677 4044 ipsum;
1711 3973 1834 4041 hoc,

2143 1601 2367 1659 CLXIII.
2399 1597 2428 1636 ιι
2459 1598 2536 1653 De
2562 1594 2838 1651 concordia
2864 1601 2912 1649 et
2937 1590 3241 1647 obedientia.

1980 1700 2088 1754 Pax
2110 1696 2413 1753 domestica
2452 1700 2537 1749 est
2566 1689 2811 1747 ordinata
2853 1684 3279 1743 cohabitantium
3325 1682 3493 1753 impe-

1832 1827 1883 1890 Β
1909 1792 2065 1849 randi
2122 1786 2518 1858 obediendique
2561 1782 2875 1887 concordia.
2915 1780 3191 1890 Imperant
3232 1776 3374 1890 enim
3402 1774 3495 1890 qui

1913 1883 2241 1947 consulunt;
2273 1881 2415 1936 sicut
2442 1878 2523 1933 vir
2569 1876 2747 1943 uxori,
2800 1878 3055 1945 parentes
3101 1869 3245 1935 ﬁliis,
3292 1864 3497 1923 domini

1920 1976 2115 2034 servis.
2144 1972 2415 2030 Obediunt
2441 1978 2622 2026 autem
2644 1967 2842 2038 quibus
2861 1963 3198 2028 consulitur;
3220 1964 3361 2017 sicut
3377 1974 3498 2013 mu-

1913 2072 2076 2127 lieres
2106 2069 2337 2135 maritis,
2370 2065 2464 2121 ﬁlii
2495 2064 2841 2136 parentibus,
2868 2060 3010 2119 servi
3060 2058 3313 2115 dominis.
3338 2056 3357 2094 ι
3391 2055 3499 2113 Sed

1914 2162 1968 2219 in
1992 2163 2152 2218 domo
2192 2160 2326 2231 justi
2346 2158 2581 2215 viventis
2605 2171 2673 2213 ex
2703 2154 2831 2221 ﬁde,
2854 2161 2911 2210 et
2938 2153 3005 2210 ab
3034 2151 3125 2208 tlla
3168 2150 3346 2206 adhuc
3367 2149 3500 2206 civi-

1915 2267 2023 2313 tate
2046 2252 2468 2327 peregrinantis,
2527 2250 2689 2307 etiam
2720 2248 2811 2319 qui
2841 2248 3130 2317 imperant,
3156 2242 3399 2300 serviunt
3421 2241 3503 2298 eis

1914 2348 2107 2418 quibus
2132 2345 2383 2401 videntur
2404 2343 2692 2416 imperare.
2723 2340 2862 2407 Quia
2891 2354 3000 2394 non
3020 2334 3335 2393 dominandi
3356 2333 3505 2404 cupi-

1910 2442 2077 2498 ditate
2105 2440 2395 2511 imperant,
2428 2437 2525 2493 sed
2556 2435 2736 2491 ofﬁcio
2767 2430 3089 2490 consulendi
3114 2447 3131 2497 ;
3167 2444 3265 2486 nec
3294 2426 3501 2500 princi-

1913 2532 2077 2605 pandi
2109 2530 2387 2603 superbia,
2418 2527 2516 2585 sed
2561 2526 2883 2599 providendi
2926 2522 3283 2581 beneﬁcentia
3314 2518 3336 2595 (
3366 2520 3500 2591 Aug.

1909 2626 2017 2684 ibid
2040 2627 2077 2684 ).

2036 2627 2077 2699 ).
2178 2712 2404 2772 CLXIV.
2440 2711 2517 2767 De
2541 2720 2577 2748 ω
2611 2709 2907 2766 conditione
2932 2706 3212 2762 servitutis.

1984 2808 2189 2866 Nomen
2240 2816 2295 2864 et
2338 2805 2709 2862 conditionem
2746 2799 3025 2859 servitutis
3082 2799 3239 2869 culpa
3289 2795 3496 2869 genuit,

1916 2919 2024 2961 non
2043 2912 2234 2959 natura
2262 2919 2277 2969 ;
2334 2909 2391 2957 et
2420 2900 2597 2968 prima
2619 2895 2779 2968 hujus
2805 2892 3162 2965 subjectionis
3181 2907 3345 2948 causa
3371 2904 3499 2961 pec-

1917 3008 2099 3055 catum
2140 3006 2259 3063 est;
2293 2993 2416 3066 quia
2442 2994 2582 3049 sicut
2610 2991 2869 3062 scriptum
2896 2997 2982 3045 est
3011 3005 3024 3041 :
3057 2986 3237 3041 Omnis
3262 2984 3351 3058 qui
3378 2983 3506 3054 facit

1918 3104 2205 3166 peccatum,
2228 3106 2403 3146 servus
2432 3097 2507 3144 est
2528 3089 2741 3159 peccati.
2772 3083 2929 3141 Unde
2957 3082 3151 3139 melior
3177 3080 3298 3151 ejus
3342 3087 3515 3135 status

1846 3211 1891 3275 ο
1925 3187 2015 3258 qui
2079 3183 2376 3275 famulatur
2400 3180 2825 3275 h_ouiini,nquam
2869 3176 2961 3249 qui
2990 3190 3103 3233 sure
3148 3174 3316 3231 servit
3360 3171 3515 3243 cupi-

1932 3277 2088 3333 ditati
2117 3272 2298 3349 (Aug.
2334 3273 2493 3337 ibid.,
2517 3288 2563 3325 c.
2594 3270 2663 3327 15
2684 3267 2723 3341 ).

2388 3362 2596 3420 CLXV.
2630 3371 2658 3399 ιι
2690 3361 2768 3416 De
2789 3361 3040 3433 prcelatis.

2001 3463 2127 3520 Veri
2176 3457 2591 3533 patresfamilias
2625 3454 2861 3511 subditis
2904 3453 3037 3520 suis,
3074 3458 3345 3520 tamquam
3371 3448 3519 3515 ﬁliis,

1930 3557 1997 3614 ad
2019 3555 2305 3613 colendum
2336 3561 2391 3608 et
2418 3547 2840 3621 promerendum
2873 3546 3042 3601 Deum
3086 3542 3399 3605 consulunt,
3422 3540 3521 3596 de-

1934 3649 2238 3708 siderantes
2268 3646 2453 3700 venire
2502 3640 2571 3697 ad
2618 3640 2896 3696 caelestem
2940 3636 3186 3699 domum,
3212 3630 3303 3687 ubi
3344 3629 3522 3700 impe-

1937 3741 2092 3798 randi
2124 3734 2490 3795 uecessarium
2531 3747 2641 3788 non
2666 3731 2738 3787 sit
2769 3728 3007 3785 ofﬁcium
3041 3742 3055 3780 :
3085 3738 3193 3797 quo
3227 3723 3400 3778 donec
3433 3736 3526 3777 ve-

1941 3833 2144 3894 niatur.
2190 3831 2361 3899 magis
2415 3825 2615 3882 debent
2663 3830 2842 3893 patres
2891 3828 2916 3855 ο
2959 3816 3104 3890 quod
3154 3816 3523 3880 dominantur,

1944 3940 2105 3999 quam
2129 3921 2272 3979 servi
2296 3920 2530 3976 tolerare
2549 3915 2692 3988 quod
2718 3910 3137 3985 serviunt(Aug.
3165 3908 3316 3976 ibid.,
3335 3924 3381 3962 c.
3410 3906 3527 3977 16).

236 4082 463 4141 propter
483 4069 629 4141 quod
651 4045 971 4125 declinanda
995 4078 1121 4124 sunt
1147 4067 1286 4123 mala
1314 4077 1531 4134 caetera,
1559 4068 1731 4138 ipsum
1747 4082 1843 4123 au-
2298 4051 2527 4110 CLXVI.
2551 4061 2578 4102 Ρ
2603 4050 2679 4105 De
2695 4049 2942 4123 regimine
2964 4045 3167 4120 populi.

239 4137 387 4220 tetull
406 4137 639 4237 propter
658 4176 720 4221 se
744 4164 917 4234 ipsum
943 4162 1103 4235 (Aug.
1121 4162 1158 4216 ι.
1178 4177 1267 4216 xvi
1288 4161 1349 4216 de
1366 4137 1712 4228 Civit.Dei,e.
1730 4160 1838 4231 ll).
2024 4152 2202 4209 Locus
2233 4149 2502 4220 superior,
2532 4147 2650 4202 sine
2677 4158 2787 4216 quo
2812 4142 2926 4215 regi
2955 4141 3349 4237 populusnon‘
3369 4137 3529 4211 567

709 4254 865 4311 CLX.
908 4253 924 4293 ί
958 4234 1046 4309 De
1076 4264 1289 4309 natura.
1947 4256 2145 4319 potest,
2179 4245 2389 4300 etiamsi
2436 4243 2514 4297 ita
2554 4241 2624 4296 sit
2652 4237 2919 4295 tenendus
2964 4245 3125 4306 atque
3153 4234 3539 4289 administran-

335 4350 510 4424 566
542 4350 642 4406 Est
669 4359 861 4407 natura
892 4350 945 4405 in
997 4365 1099 4420 qua
1130 4348 1335 4404 nullum
1370 4347 1574 4402 malum
1625 4354 1729 4413 est,
1758 4347 1846 4403 vel
1949 4343 2075 4409 dus,
2122 4347 2180 4395 ut
2210 4337 2404 4403 decet;
2454 4344 2633 4390 tamen
2676 4331 2988 4388 indecenter
3035 4327 3326 4399 appetitur.
3384 4323 3536 4381 Unde

238 4420 437 4501 etiain'
460 4420 670 4500 nullum
720 4442 922 4498 malum
970 4456 1092 4499 esse
1120 4451 1317 4518 postet.
1354 4439 1494 4496 Esse
1529 4448 1709 4496 autem
1751 4456 1847 4493 na-
1952 4439 2121 4494 otium
2150 4443 2398 4489 sanctum
2428 4440 2455 4480 (ι
2478 4436 2688 4501 quaerat
2709 4426 2929 4483 dilectio
2960 4424 3227 4492 veritatis,
3259 4420 3539 4494 negatium

314 4640 341 4668 ³
370 4630 483 4687 Ms.
512 4627 747 4699 Remig.,
775 4637 832 4683 ut
852 4628 992 4697 apud
1025 4631 1161 4697 Aug.
1194 4627 1263 4681 de
1283 4625 1443 4682 Civit.
1474 4625 1595 4693 Dei,
1641 4636 1850 4699 propter
1876 4627 1930 4693 ι)
2032 4624 2048 4699 ἦ
2078 4618 2481 4699 Ms._.laliensis,
2504 4616 2583 4670 De
2615 4614 2825 4699 Natura
2846 4615 2992 4699 _boni.

242 4683 542 4757 hancTAlii
575 4683 798 4756 codices
837 4683 1028 4769 nostri,
1061 4683 1270 4770 ptropter
1292 4699 1410 4770 hoc.
1581 4683 1592 4693 ’
1642 4683 1651 4696 ’
1737 4683 1748 4699 ’
1876 4683 1918 4693 '—
2036 4694 2049 4745 i
2092 4692 2232 4770 Editi
2261 4689 2430 4770 nostri
2470 4683 2660 4770 omnes
2693 4686 2973 4770 habebant
2994 4688 3191 4770 justus.
3219 4683 3549 4770 Emendatur

318 4755 487 4828 hist—3.
543 4755 821 4843 Joliensis,
860 4780 920 4826 ut
949 4755 1184 4826 in'l'ibra
1230 4770 1297 4824 de
1346 4768 1462 4824 Civ.
1506 4770 1621 4837 Dei,
1673 4777 1730 4822 ut
1769 4771 1849 4824 di-
1957 4783 2024 4824 ex
2053 4780 2157 4820 ms.
2187 4757 2742 4843 Remig._etl_ibroIde
2768 4758 2881 4812 Civ.
2915 4755 3041 4843 a_ei_;
3068 4755 3412 4843 egrepaatum
3436 4755 3546 4825 jam

250 4863 355 4917 gna
382 4826 486 4899 est.
554 4826 557 4827 ν
636 4826 675 4828 η
724 4826 741 4827 η
807 4826 821 4843 ⁷
1610 4826 1621 4837 ’
1956 4847 2075 4895 erat
2101 4851 2167 4889 ex
2200 4848 2304 4887 ms.
2334 4826 2489 4886 Colb.
2517 4832 2570 4883 in
2600 4829 2729 4884 edit.
2758 4828 2990 4898 appeud.
3024 4839 3061 4882 t.
3103 4826 3149 4881 Χ
3176 4827 3312 4896 Aug.

320 4928 343 4955 c
380 4915 478 4955 ςίρ
504 4928 605 4955 me,
639 4913 912 4955 Inlinnaie-
966 4913 1061 4955 Alii
1111 4926 1315 4955 nmnpe,
1351 4911 1501 4955 Dund
1541 4912 1679 4955 .mlru
1714 4910 1848 4955 Dares
2030 4907 2056 4945 k
2085 4907 2186 4955 Ms.
2220 4902 2497 4955 Joliensis.
2523 4902 2584 4955 de
2627 4916 2752 4955 vace
2785 4900 3086 4955 domestica.
3136 4894 3329 4951 COIOII.
3393 4896 3430 4949 ιὶ

250 4894 353 4955 re“
380 4894 485 4971 Cic
504 4928 609 4969 ms.
639 4913 913 4969 Joliensis.
961 4913 1062 4967 Alii
1111 4926 1319 4979 omnes,
1351 4911 1501 4978 Quod
1541 4912 1679 4966 solus
1710 4910 1848 4965 Deus
1970 4894 1977 4895 ⁷
2030 4907 2056 4945 ιι
2085 4907 2186 4962 Ms.
2220 4902 2497 4965 Joliensis,
2523 4902 2584 4955 de
2627 4916 2752 4971 pace
2785 4894 3086 4955 domestica.
3136 4894 3329 4978 Colon.
3393 4896 3552 4951 titulo

244 4987 422 5042 bonus
454 4987 544 5052 sit,
578 4995 668 5039 aut
688 4985 828 5039 solus
859 4984 996 5037 Deus
1027 4984 1211 5053 bonus.
1956 4977 2167 5048 vulgari
2185 4975 2249 5028 de
2271 4974 2545 5028 concordia
2570 4981 2617 5026 et
2647 4972 2955 5036 obcdicntia,
2986 4968 3155 5035 addit,
3185 4968 3552 5038 imperantium

315 5058 343 5095 ἀ
383 5057 482 5113 Sic
502 5054 1243 5113 ms.Jo|iensis.comolendo
1264 5062 1581 5109 czeterarum
1607 5053 1846 5113 titulum.
1958 5062 2007 5107 ct
2036 5048 2379 5103 subditorum.
2866 5110 2892 5113 _
3002 5111 3010 5113 _
3112 5108 3123 5113 _
3218 5110 3228 5113 Α
3289 5107 3298 5113 _

385 5061 482 5142 §i_c
502 5061 904 5142 ms‘Joliensis,
922 5061 1243 5125 complenda
1264 5062 1581 5109 czeterarum
1607 5061 1846 5125 titulum,
1958 5062 2007 5107 ct
2036 5061 2424 5142 fuget-largiti};
2483 5125 2568 5142 Μ.
2654 5114 2753 5142 an.
2774 5114 2823 5142 ἔκ
2863 5110 3079 5142 nam.“
3104 5108 3229 5142 hu”
3250 5107 3298 5142 κε

244 5130 326 5185 De
348 5110 554 5182 ciuilius
584 5127 819 5181 terrenis.
866 5110 904 5123 γ’
1048 5110 1063 5125 ’

321 5213 345 5238 ι’
383 5200 492 5255 Ms.
519 5197 797 5264 Joliensis,
827 5196 1058 5266 Qualiter
1084 5198 1250 5266 accipi
1272 5198 1451 5251 debeat
1478 5199 1557 5249 ira
1592 5196 1709 5249 Dei.

2037 5121 2055 5160 ι
2087 5120 2225 5175 Edit.
2259 5117 2449 5171 Colon.
2483 5125 2615 5181 vet.,
2648 5114 2753 5171 Sed
2774 5114 2826 5167 in
2856 5110 3079 5165 Domino
3095 5110 3229 5178 justi
3250 5110 3467 5162 uiuentes
3492 5124 3559 5163 ea:

1962 5194 2165 5266 ﬁde...
2220 5189 2640 5266 peregrinantes.
2671 5226 2685 5239 .
2718 5225 2732 5239 .
2760 5224 2773 5237 .
2800 5183 2889 5266 sed
2930 5178 3236 5266 providendi
3287 5178 3552 5250 beneﬁcio.

322 5269 342 5309 τ
380 5254 489 5324 Ms.
511 5268 744 5339 Remig,
776 5254 914 5323 recta
954 5254 1294 5338 praescien'tia.
1320 5268 1461 5322 Edit.
1492 5268 1684 5323 Colon.
1715 5275 1851 5335 vet.,
1962 5254 1974 5264 ’
2036 5274 2074 5301 ω
2102 5262 2199 5317 Ms.
2224 5254 2485 5316 Ioliénsis
2517 5258 2684 5323 addit,
2710 5254 2911 5309 nomine
2942 5262 3010 5306 et.

246 5342 431 5397 Lugd.
469 5350 525 5395 et
551 5338 779 5397 Lavan..
806 5341 1098 5397 praesentia.
1130 5340 1326 5394 Melius
1347 5354 1468 5393 cum
1494 5354 1625 5392 mss.
1667 5335 1848 5397 Colb..
1947 5348 1953 5370 -‘
2037 5344 2064 5371 υ
2093 5334 2190 5388 Ms.
2221 5330 2497 5387 Jaliensis.
2526 5329 2601 5383 De
2629 5328 2759 5381 veris
2790 5320 3269 5397 ipatribusfamilias

246 5342 431 5422 Lugd.
469 5350 525 5395 et
551 5342 779 5405 Lovan.,
799 5342 1098 5463 praesentia.
1130 5342 1326 5394 Melius
1347 5354 1468 5393 cum
1494 5354 1625 5392 mss.
1667 5342 1848 5401 Colb.,
1947 5348 1953 5370 -‘
2037 5344 2064 5371 υ
2093 5342 2190 5388 Ms.
2221 5342 2497 5387 Joltensrs.
2526 5342 2601 5411 με
2629 5343 2759 5408 veris
2802 5342 3289 5405 patrwusjammas.
3380 5392 3392 5406 ο

246 5415 478 5495 Reinig.
535 5420 588 5464 et
637 5410 742 5493 Jol.
796 5425 964 5495 “uae.
1022 5419 1075 5466 et
1123 5410 1314 5465 Colon.
1361 5409 1719 5464 canformiter
1752 5414 1861 5462 Au-
2007 5415 2064 5489 ὀ
2100 5405 2290 5495 Colon.
2320 5410 2432 5457 vet.
2458 5400 2613 5465 edit.,
2651 5415 2738 5468 qui
2765 5396 3096 5449 dominantur
3124 5431 3138 5447 .
3168 5432 3181 5447 .
3212 5432 3226 5447 .
3264 5434 3277 5447 .
3305 5409 3392 5465 qui
3468 5400 3573 5446 ser-

243 5486 511 5557 gustilto,
538 5486 885 5550 prmcientia.
1969 5486 2135 5531 aiunt.

324 5564 352 5601 8
387 5554 497 5608 Ms.
523 5551 806 5615 Joliensis,
835 5550 914 5606 De
942 5552 1165 5605 inimicis
1194 5550 1466 5606 Ecclesiae.
2042 5558 2071 5599 Ρ
2101 5546 2202 5601 Ms.
2234 5542 2517 5610 Joliensis,
2552 5540 2788 5615 Qualiter
2808 5535 2972 5590 honor
2998 5535 3163 5606 accipi
3194 5534 3393 5615 debeat:

324 5624 357 5664 ιι
387 5604 825 5680 Ai.iéhii:"'éaiii
875 5604 1337 5693 plures,ipropter
1356 5604 1656 5689 summum,
1679 5691 1692 5693 Α
1711 5620 1861 5675 nullo
1990 5617 2210 5693 MsMs.
2242 5615 2374 5693 .lal.,
2397 5604 2609 5685 quam}.
2641 5610 2748 5667 Alii
2777 5622 2984 5693 omnes,
3013 5604 3220 5693 qureret:
3250 5607 3308 5690 In
3340 5604 3566 5693 libragde

251 5675 645 5764 rectavs'ensu.
671 5675 1289 5764 c'or’iligiinus'éi’més.
1331 5692 1546 5762 Retnig.
1587 5675 1775 5749 e-t'Jol.
1813 5700 1868 5747 et
1976 5690 2140 5764 Civit.
2170 5687 2271 5764 De_i
2290 5675 2601 5764 utrumque,
2634 5680 2817 5764 qua-rit
2860 5688 2921 5764 et.
2943 5675 3177 5764 suscipit,
3202 5678 3257 5733 in
3279 5675 3579 5764 indicativo.

247 5742 1304 5848 '{éi’fj'ﬁii’ie'iiinit
1333 5742 1638 5835 ‘Aiig'a'éiiiii'
1662 5742 1783 5819 loco
1811 5742 1867 5819 in
1977 5742 2199 5833 legitur.
2231 5758 2423 5848 Celeri.
2452 5742 2560 5837 vet.
2587 5742 2947 5848 editioniuttde
2980 5742 3139 5848 otium
3162 5742 3395 5807 sanctum
3421 5761 3567 5817 qua:-

250 5837 523 5908 margine
566 5836 756 5907 citato,
785 5830 994 5906 propter
1014 5852 1069 5891 se
1096 5836 1291 5906 ipsum.
1432 5830 1453 5835 ⁷
1977 5830 2088 5902 ταὶ,
2107 5837 2305 5898 quierat
2327 5830 2660 5884 directionem
2684 5830 2932 5887 veritatis,
2954 5831 3058 5881 etc.
