4006 6356
186 288 288 353 ιεδ

632 288 836 344 LIBER
876 284 1421 345 SENTENTIARUM
1459 283 1553 347 EX
1590 280 1933 347 OPERIBUS
1972 280 2032 341 S.
2075 279 2449 345 AUGUSTINI
2488 279 3011 340 DELIBA'I‘ARUM.

3362 285 3471 348 ια

247 366 515 467 ὀιιχχ
546 403 712 477 [Alias
734 404 1039 475 CLXXIX].
1072 403 1155 457 De
1184 402 1388 459 homine
1419 410 1444 438 ι
1472 400 1706 472 benigno.
1808 404 1859 462 Α
1882 396 2029 467 iuste
2054 396 2231 465 ltabet,
2260 398 2461 469 patitur
2489 398 2697 470 aliquas
2726 399 3077 457 adversitates
3105 418 3118 456 :
3152 415 3248 473 per
3276 403 3471 461 amari-

246 500 415 573 569
440 500 655 555 Homini
685 499 914 570 benigno
938 513 1124 570 parum
1145 511 1269 555 esse
1292 496 1455 554 debet
1471 494 1775 553 inimicitias

182 594 406 652 aliorum
434 606 544 649 non
574 591 815 651 excitare
837 592 927 649 vel
950 605 1148 662 augere
1177 589 1318 647 male
1342 586 1639 659 loquendo;
1674 587 1775 647 nisi

182 700 268 745 eas
293 686 458 740 etiam
479 683 819 756 exstinguere
844 684 979 741 bene
1002 683 1268 752 loquendo
1286 679 1312 729 δ
1330 680 1593 739 studuerit
1613 680 1773 757 (Aug.

183 778 217 837 l.
241 796 300 836 ιι
329 778 591 850 Confess.,
620 796 673 839 οι
698 779 771 848 9;
801 777 1061 836 Caelestin.
1094 778 1284 850 Iepist.
1317 778 1393 847 I).

280 868 548 931 CLXXXI
575 868 738 942 [Alias
766 868 1042 944 CLXXX].
1080 880 1101 909 (³
1136 868 1212 927 De
1235 869 1446 931 veritate
1469 870 1665 927 odiosa.

245 960 413 1019 Beata
439 964 548 1018 vita
577 971 659 1018 est
679 964 931 1035 gaudium
958 961 1033 1023 de
1060 962 1307 1029 veritate,
1331 960 1471 1031 quod
1495 960 1637 1019 Deus
1660 967 1772 1025 est;

183 1053 271 1111 sed
300 1053 486 1109 multis
509 1053 706 1115 veritas
734 1052 916 1110 odiosa
947 1061 1053 1119 est,
1078 1069 1237 1123 quam
1265 1052 1453 1111 audire
1473 1054 1661 1109 nolunt
1680 1050 1775 1105 do-

184 1152 424 1212 centem;
450 1154 504 1201 et
524 1144 770 1200 nolentes
795 1144 927 1212 falli,
952 1145 1137 1201 volunt
1159 1144 1436 1205 mendacia
1460 1160 1555 1203 sua
1578 1144 1777 1201 verita-

184 1248 287 1297 tem
309 1237 501 1294 videri.
531 1238 737 1308 Quibus
762 1239 909 1307 juste
931 1238 1273 1304 retribuitur,
1294 1250 1347 1295 ut
1370 1237 1472 1309 ipsi
1495 1238 1774 1295 veritatem

185 1346 289 1388 non
307 1330 533 1397 lateant,
558 1330 704 1401 ipsos
730 1340 907 1385 autem
935 1330 1096 1395 lateat
1118 1330 1314 1386 veritas
1340 1328 1497 1403 (Aug.
1522 1332 1560 1386 ι.
1586 1346 1619 1389 x
1641 1327 1775 1387 Con-

185 1422 327 1496 [θείη
361 1439 409 1475 e.
443 1420 558 1490 9.5).

332 1514 623 1572 CLXXXII
651 1516 817 1589 [Alias
843 1514 1102 1572 CLXXXI
1110 1515 1147 1589 1.
1179 1506 1205 1554 δ
1239 1516 1315 1572 De
1339 1518 1631 1597 tolerantia.

244 1605 422 1663 Nemo
450 1606 595 1677 quod
629 1605 821 1661 tolerat
851 1617 1017 1673 amat,
1047 1607 1257 1665 etiamsi
1300 1608 1535 1665 tolerare
1592 1616 1771 1675 amat;

187 1697 300 1770 quia
329 1696 476 1753 aliud
504 1706 589 1753 est
617 1695 773 1753 fortis
798 1699 1071 1764 patientia,
1100 1698 1245 1754 aliud
1274 1714 1466 1756 secura
1506 1700 1771 1767 felicitas;

1886 490 2123 546 tudinem
2141 492 2286 545 enim
2305 489 2618 545 inferiorum
2640 491 2863 551 docetur
2882 492 3092 551 amarei
3120 494 3373 562 meliora;
3403 510 3472 553 ne

1881 582 2052 639 viator
2073 583 2299 641 tendens
2320 583 2385 641 ad
2411 586 2659 655 patriam,
2686 585 2955 643 stabulum
2981 602 3079 659 pro
3101 588 3266 647 domo
3282 589 3471 663 diligat

1879 678 2035 751 (Aug.
2066 695 2209 734 enar.
2235 679 2288 732 in
2318 695 2397 751 ps.
2427 695 2519 745 ιι..
2550 695 2606 735 rt.
2637 678 2715 751 5).

1948 792 2312 853 CLXXXVIII
2339 792 2506 868 [Alias
2891 797 2920 839 ι
2950 798 3017 855 Ut
3044 796 3278 873 peccator
3303 800 3403 859 sibi

2561 884 2812 923 tsmtceat.

2526 885 2812 937 atspuceat.

1951 956 2096 1013 Bene
2117 957 2287 1013 currit
2306 957 2373 1013 ad
2394 958 2765 1014 remissionem
2792 973 3154 1030 peccatorum,
3178 965 3270 1034 qui
3284 963 3473 1036 displi-

1878 1058 1966 1106 cet
1994 1050 2117 1109 sibi.
2144 1052 2299 1123 Apud
2315 1051 2551 1123 judicem
2574 1054 2716 1110 enim
2737 1054 2939 1125 justum
2966 1067 3022 1113 et
3043 1060 3469 1128 niiserieordem,

1877 1142 1971 1215 qui
1994 1158 2055 1202 se
2083 1155 2323 1213 accusat,
2356 1154 2581 1203 excusat
2606 1146 2766 1219 (Aug.
2792 1164 2932 1205 enar.
2960 1151 3014 1205 in
3034 1168 3114 1222 pe.
3140 1168 3252 1220 xu,
3273 1171 3327 1208 n.
3356 1152 3467 1225 I2).

1877 1254 2189 1317 CLXXXIX
2217 1257 2383 1331 [Alias
2410 1257 2874 1387 αξξγιέἓὸἐὶε
2906 1267 3195 1333 quarendis
3217 1268 3473 1337 prcsidiis

2524 1349 2542 1369 ⁸
2574 1349 2629 1385 m
2699 1349 2808 1387 ace.

1950 1421 2008 1477 In
2033 1422 2417 1493 tranquillitate
2439 1424 2585 1493 pacis
2606 1349 3107 1496 cofnprebendenda
3124 1441 3206 1487 est
3228 1433 3472 1490 doctrina

1876 1512 2177 1583 sapientia,
2208 1530 2327 1585 quae
2360 1515 2499 1571 inter
2530 1515 2932 1574 tribulationum
2968 1520 3211 1579 turbines
3241 1524 3472 1582 difticul-

1880 1611 1961 1660 ter
1988 1604 2315 1676 agnoscitur.
2348 1605 2458 1664 Nec
2484 1607 2637 1665 facile
2665 1609 3015 1667 inveniuntur
3053 1614 3107 1669 in
3145 1615 3472 1676 adversitate

1879 1694 2126 1766 praesidia
2174 1712 2291 1769 quae
2316 1714 2423 1755 non
2448 1698 2649 1757 fuerint
2665 1702 2720 1757 in
2744 1716 2875 1772 pace
2897 1704 3123 1774 quesita
3145 1706 3303 1781 (Aug.
3323 1710 3476 1781 ibid.,

187 1804 277 1846 nec
302 1788 551 1859 ejusdem
582 1798 664 1844 est
693 1790 949 1860 temporis
976 1790 1129 1846 labor
1157 1805 1376 1862 pugnze,
1407 1800 1463 1847 et
1498 1791 1775 1850 beatitudo
1807 1811 1855 1871 Β
1881 1803 1935 1843 n.
1965 1787 2075 1858 16).

188 1880 420 1937 victoria:
448 1880 607 1950 (Aug.
638 1880 787 1945 ibid.,
817 1896 862 1934 c.
894 1879 1011 1951 28).

215 1970 523 2029 CLXXXIII
546 1970 715 2043 [Alias
737 1969 1064 2047 CLXXXII].
1085 1982 1127 2047 _s
1152 1971 1230 2028 De
1258 1983 1476 2047 egestate
1503 1974 1739 2031 humana

791 2044 1160 2115 intelligentia.

248 2135 375 2192 Ideo
418 2137 739 2207 plerumque
779 2136 834 2193 in
880 2153 1133 2196 sermone
1177 2140 1393 2209 copiosa
1437 2151 1524 2198 est
1565 2151 1775 2213 egestas

189 2224 427 2291 humanae
459 2227 824 2299 intelligentiae
850 2270 866 2299 ,
901 2232 1025 2301 quia
1056 2232 1177 2304 plus
1222 2232 1457 2305 loquitur
1500 2235 1777 2305 inquisitio

190 2333 336 2389 quam
368 2317 642 2383 inventio;
678 2328 731 2374 et
762 2320 966 2390 longior
995 2332 1077 2377 est
1110 2323 1296 2395 petitio
1324 2340 1484 2395 quam
1520 2325 1778 2397 impetra-

190 2410 255 2466 Iio
284 2410 445 2483 (Aug.
476 2410 514 2464 ι.
548 2426 621 2464 nt
652 2409 907 2480 Confess.,
942 2429 986 2465 c.
1018 2412 1095 2485 i).

191 2500 489 2560 CLXXXIV
508 2504 673 2578 [Alias
698 2503 1083 2579 CLXXXIIIJ.‘
1106 2507 1185 2565 De
1209 2524 1327 2564 vera
1353 2511 1629 2567 aternitatc
1656 2511 1773 2567 Dei.

253 2595 388 2652 Vera
418 2597 692 2653 aaternitas
725 2595 819 2654 Dei
852 2607 951 2667 est,
982 2601 1071 2669 qui
1103 2600 1251 2655 solus
1279 2600 1442 2657 habet
1462 2602 1777 2657 immortali-

192 2690 367 2756 tatem,
400 2688 658 2759 quoniattt
691 2703 755 2746 ex
780 2689 921 2745 nulla
948 2691 1128 2762 specie
1155 2700 1371 2748 motuve
1397 2702 1653 2761 mutatur,
1678 2706 1778 2750 nec

193 2782 497 2854 temporalis
526 2793 609 2838 est
640 2784 954 2839 voluntatis.
988 2784 1104 2842 Non
1148 2786 1293 2843 enim
1338 2786 1657 2843 immortalis
1696 2795 1780 2845 est

196 2872 456 2942 Voluntas,
488 2890 601 2945 quas
632 2876 755 2943 alia,
787 2887 840 2933 et
864 2878 965 2934 alia
997 2889 1077 2934 est
1106 2878 1264 2952 (Aug.
1293 2880 1447 2949 ibid.,
1474 2898 1521 2937 c.
1555 2880 1670 2953 ιι).

238 2985 539 3059 CLXXXV
570 2987 742 3062 [Alias
759 2989 1116 3068 CLXXXIV].
1148 2994 1220 3049 De
1247 3011 1349 3051 non
1378 2995 1711 3068 desperandis

787 3065 1165 3134 peccatoribus.

236 3130 367 3212 Itan
417 3164 502 3212 est
546 3130 939 3228 desperandum
980 3158 1048 3213 de
1092 3159 1266 3225 malis,
1299 3158 1392 3217 sed
1421 3176 1517 3232 pro
1543 3160 1690 3233 ipsis,
1726 3169 1786 3216 ut

198 3249 316 3307 ιιουὶ
346 3250 501 3315 ﬁant,
534 3249 827 3305 studiosius
854 3258 937 3307 est
966 3251 1398 3321 supplicandum,
1435 3254 1559 3324 quia
1591 3269 1777 3310 nume.

196 3351 283 3399 tus
305 3350 616 3398 sanctorum
644 3342 712 3397 de
741 3358 965 3399 numero
996 3359 1211 3415 semper
1245 3353 1328 3401 est
1367 3356 1553 3402 auctus
1594 3346 1785 3417 impio-

197 3447 305 3492 rm
334 3437 499 3509 (Aug.
535 3454 671 3492 enar.
696 3438 749 3491 in
777 3455 856 3509 ps.
890 3455 1086 3509 χχιιι,
1119 3457 1174 3493 n.
1208 3440 1285 3511 8).

197 3546 503 3608 CLXXXVI
547 3549 713 3607 [Alias
740 3549 1068 3624 CLXXXV].
1103 3561 1127 3602 s
1169 3553 1404 3622 Qualiter
1460 3572 1566 3629 pas
1599 3572 1631 3612 α
1672 3554 1783 3613 Deo

829 3640 1002 3692 quierit
1010 3631 1113 3681 tur.

258 3715 520 3783 Quaereris
549 3729 577 3769 a
610 3715 719 3771 Deo
746 3728 959 3785 pacem,
996 3714 1024 3753 δ
1052 3717 1120 3771 sit
1149 3718 1252 3773 sibi
1288 3718 1401 3789 ipse
1428 3728 1678 3791 pacatus:
1719 3736 1788 3778 ne

198 3804 334 3862 aliud
362 3808 415 3861 in
452 3806 786 3877 professione
808 3807 940 3875 oris,
973 3807 1115 3863 aliud
1147 3808 1215 3863 sit
1248 3808 1299 3863 in
1341 3810 1521 3866 cordis
1564 3828 1785 3869 arcano.

198 3895 339 3955 ιιιιιίι
364 3900 511 3957 enim
532 3901 754 3972 prodest
785 3902 886 3957 ltoc
931 3917 1051 3958 esse
1096 3904 1149 3958 in
1199 3903 1361 3960 corde
1408 3906 1551 3976 quod
1601 3923 1786 3964 verum

199 4000 296 4059 est,
324 3992 375 4048 si
397 3993 499 4049 hoc
520 3993 719 4049 dicitur
738 4009 870 4050 voce
895 3995 1037 4066 quod
1068 3995 1259 4051 falsum
1290 4007 1407 4062 est;
1436 3998 1555 4068 quia
1585 4000 1789 4057 veritas

200 4093 250 4139 et
275 4085 540 4141 credenda
571 4097 670 4151 est,
701 4096 753 4142 et
784 4088 1047 4157 loquenda
1078 4089 1231 4160 (Aug.
1263 4090 1417 4156 ibid,
1450 4107 1504 4149 η.
1540 4091 1649 4163 16).

201 4173 532 4233 CLXXXVII
540 4176 646 4251 (Al.
657 4178 1013 4253 CLXXXVI].
1026 4179 1045 4219 ί
1056 4178 1138 4234 Ne
1148 4184 1282 4251 iuste
1290 4181 1584 4252 ﬂagellatus
1599 4184 1788 4241 doleat.

266 4267 389 4327 Non
414 4281 774 4341 conqueratur
800 4272 996 4340 homo,
1025 4273 1244 4344 quando
1271 4274 1325 4329 in
1371 4276 1456 4330 bis
1483 4275 1645 4348 57o
1673 4294 1793 4349 qua:

268 4391 469 4467 fAlias
485 4391 639 4467 editi,
658 4394 915 4467 religioso.
935 4392 1032 4447 Ms.
1058 4392 1311 4467 Ioliensis
1333 4369 1545 4459 melius,
1569 4397 1804 4467 benigno.

202 4532 339 4615 deat.
368 4534 639 4616 Prioribus
654 4532 801 4592 favet
822 4537 972 4593 locus
995 4536 1121 4592 libri
1138 4535 1554 4595 Conlessionum
1581 4540 1634 4593 in
1658 4555 1799 4596 mar-

205 4615 571 4677 gmegcttatus.
682 4674 691 4677 Α
792 4675 809 4677 Α
980 4622 985 4627 ·

275 4685 301 4716 ⁸
329 4675 430 4732 Its.
465 4674 739 4743 Joliensis,
776 4675 853 4733 De
884 4678 1029 4733 beata
1058 4680 1185 4735 vita.

272 4744 299 4785 ἀ
327 4746 419 4823 _Sic
449 4747 865 4823 ms._.lolien_s_is.
893 4750 998 4823 Alii
1022 4765 1227 4823 omnes,
1259 4748 1338 4805 De
1366 4753 1489 4823 forti
1530 4752 1798 4822 patientia.

275 4827 300 4855 ο
330 4818 538 4895 Ita__nts.
566 4820 671 4875 Jol.
701 4821 809 4895 _A_lii
834 4821 1071 4886 codices,
1098 4819 1179 4876 De
1198 4818 1405 4893 copiosa
1428 4818 1674 4895 egestate.
1701 4824 1806 4879 Co-

203 4888 313 4977 lon.
350 4889 479 4971 edit.
508 4900 618 4946 vet.
652 4890 827 4958 addit,
858 4894 1212 4977 inmutatione.
1259 4888 1339 4977 In.
1368 4888 1492 4976 cap.
1532 4895 1705 4976 .citato
1750 4896 1804 4950 in

203 4960 504 5071 Au'gustino
534 4971 853 5027 summatur,
890 4958 1126 5034 Diﬁcilis
1152 4964 1414 5033 inquisitio
1439 4958 1562 5019 ueri.

241 5102 254 5107 _
278 5104 289 5107 _
334 5031 392 5107 In
422 5031 523 5087 Ms.
552 5032 777 5107 Joliensi
804 5035 1012 5104 plenior
1036 5047 1117 5090 est
1146 5049 1337 5091 sensus
1366 5052 1526 5107 quam
1553 5037 1607 5092 in
1636 5038 1756 5095 aliis
1786 5081 1800 5105 ,

202 5102 294 5159 ubi
328 5102 407 5157 De
438 5106 744 5159 (eternitate.

274 5185 301 5223 ι
326 5174 427 5230 Ms.
455 5174 730 5238 Juliensis,
764 5174 841 5229 De
868 5191 987 5230 vera
1018 5193 1161 5243 pace.

273 5242 307 5285 ³⁵
336 5246 440 5320 lis.
470 5245 841 5318 Remigianns,
865 5248 933 5302 sis
964 5242 1072 5302 tibi.
1103 5248 1176 5302 lla
1199 5263 1411 5320 quoque
1433 5248 1486 5305 in
1515 5251 1798 5320 Augustini

205 5312 348 5372 libro
381 5318 570 5372 citato.

278 5392 303 5436 ι
334 5387 433 5443 Ms.
465 5387 737 5463 Joliensls,
771 5386 850 5463 De
868 5404 983 5443 vera
1010 5391 1273 5463 patientia.
1330 5392 1470 5462 Alii,
1522 5392 1602 5447 Ne
1654 5398 1804 5463 iuste,

204 5452 357 5533 Ione
370 5463 548 5533 justus
580 5452 769 5533 melius
800 5452 1085 5533 legeretur,
1112 5462 1423 5533 ﬂagellatus,
1456 5452 1650 5524 doleat.

283 5480 353 5515 ἰο
405 5480 548 5513 ustus
580 5480 769 5515 mettus
800 5480 1020 5527 tegerett

283 5529 298 5601 ξ
341 5480 443 5586 bis.
473 5530 707 5601 Rentig.,
737 5531 1020 5601 meliorem.

274 5597 312 5667 ,ι
340 5601 439 5658 lle.
468 5597 743 5667 Joliensis,
775 5600 853 5657 De
874 5619 991 5657 vera
1015 5604 1332 5667 pmnitentia.

285 5667 308 5710 ¹
342 5668 473 5755 ῌεεε
499 5673 638 5755 quo,
667 5674 722 5727 in
742 5690 894 5755 pace,
920 5667 1189 5755 adduntur
1224 5679 1275 5732 in
1304 5677 1436 5735 edit.
1469 5679 1660 5737 Colon.
1699 5688 1806 5738 vet.

208 5742 313 5802 l3.
345 5742 479 5811 30L,
503 5743 586 5800 De
610 5742 927 5809 providentia
958 5747 1119 5813 pacis.

281 5824 330 5857 ιδ
354 5814 530 5878 Colon
554 5816 817 5883 vet._edit.
838 5816 1058 5885 supplet
1074 5832 1263 5879 vocem
1281 5819 1443 5890 itane,
1464 5820 1683 5890 duplici.
1706 5822 1812 5883 Its.

1950 1878 2086 1935 CXC
2116 1878 2283 1954 [Alias
2322 1881 2678 1959 CLXXXIX].
2712 1884 2789 1943 De
2817 1888 2979 1944 altari
3007 1887 3107 1946 Dei
3127 1900 3168 1930 ω
3189 1892 3407 1965 duplici.

1950 1969 2032 2027 Ad
2058 1972 2228 2029 altare
2256 1972 2349 2029 Dei
2381 1975 2669 2047 invisibile,
2701 1994 2809 2049 quo
2846 1996 2954 2035 non
2983 1983 3189 2037 accedit
3228 1984 3477 2055 injustas,

1878 2064 1969 2121 ille
1994 2066 2237 2135 pervenit
2266 2067 2355 2138 qui
2384 2068 2452 2123 ad
2482 2068 2585 2125 hoc
2614 2086 2855 2141 prasens
2872 2074 3198 2143 justiﬁeatus
3246 2078 3476 2134 accedit.

1884 2158 2133 2215 Inveniet
2172 2160 2316 2217 enim
2363 2162 2474 2219 illic
2524 2164 2689 2221 vitam
2723 2182 2876 2223 suam
2918 2170 3011 2239 qui
3049 2169 3137 2227 ltic
3166 2170 3482 2231 discreverit

1878 2266 2099 2311 causam
2127 2268 2283 2310 suam
2312 2253 2473 2330 (Aug.
2503 2274 2651 2314 enar.
2682 2261 2735 2313 iu
2757 2277 2837 2332 ps.
2864 2276 2995 2328 nat,
3029 2280 3081 2319 η.
3115 2263 3195 2335 5).

2132 2366 2292 2425 CXCI
2321 2365 2489 2444 [Alias
2519 2370 2701 2445 exe].
2735 2381 2765 2411 ιι
2796 2374 2875 2431 De
2902 2376 3005 2445 [ine
3030 2377 3206 2451 Legis.

1950 2479 2099 2535 Finis
2148 2480 2281 2551 legis
2332 2480 2576 2540 Christus
2619 2494 2739 2553 est,
2791 2486 2843 2541 in
2870 2503 2977 2559 quo
3004 2489 3093 2546 lex
3120 2490 3343 2560 justitlz
3372 2508 3481 2550 non

1877 2572 2240 2640 consumitur,
2270 2572 2369 2629 sed
2398 2574 2671 2644 impletur.
2702 2575 2891 2634 Grauis
2932 2581 3079 2634 enim
3126 2582 3382 2651 perfectio
3424 2584 3478 2640 in

1878 2664 1996 2735 ipso
2024 2673 2129 2735 est,
2159 2666 2301 2723 ultra
2323 2682 2481 2737 quem
2510 2685 2615 2725 non
2643 2680 2728 2727 est
2750 2688 2858 2742 quo
2884 2686 2943 2727 se
2969 2688 3097 2744 spes
3124 2676 3246 2731 itdei
3270 2685 3325 2733 et
3349 2679 3485 2735 cha-

1880 2757 2053 2814 ritatis
2081 2758 2336 2815 extendat
2359 2760 2518 2831 (Aug.
2550 2777 2697 2819 estur.
2724 2762 2777 2816 in
2804 2780 2885 2834 ps.
2916 2780 3041 2831 xu,
3075 2783 3129 2820 η.
3162 2766 3236 2837 1).

1934 2867 2119 2926 CXCII
2151 2869 2322 2943 [Alias
2347 2869 2549 2943 CXCI].
2584 2871 2663 2928 De
2689 2875 2842 2929 male
2866 2878 3192 2933 conscientia
3218 2888 3242 2915 °
3268 2897 3437 2952 paena.

1954 2961 2129 3017 Nulla:
2157 2977 2332 3033 pana:
2355 2965 2631 3035 graviores
2661 2978 2787 3021 sttnt
2813 2983 2974 3038 quam
3012 2970 3167 3027 mala:
3198 2977 3481 3030 conscien-

1883 3056 2009 3111 tiae:
2044 3055 2097 3110 in
2125 3071 2226 3126 qua
2253 3066 2281 3106 ι’
2304 3072 2425 3111 cum
2458 3057 2601 3113 Deus
2628 3074 2734 3113 non
2764 3059 3009 3126 habetur,
3041 3064 3339 3120 consolatio
3376 3080 3487 3124 non

1885 3146 2156 3203 invenitur
2180 3164 2195 3202 :
2224 3158 2278 3204 et
2302 3148 2423 3204 ideo
2450 3149 2779 3207 invocandus
2807 3162 2890 3208 est
2918 3154 3204 3223 liberator,
3238 3167 3296 3213 ut
3321 3174 3484 3231 quem

1887 3240 2163 3297 tribulatio
2189 3243 2429 3298 exercuit
2460 3243 2525 3299 ad
2566 3245 2962 3303 confessionem
2987 3292 3002 3318 ,
3050 3250 3321 3309 confessio
3363 3268 3491 3325 per-

1888 3335 2053 3392 ducat
2078 3335 2145 3391 ad
2175 3338 2382 3392 veniam
2414 3336 2569 3411 (Aug.
2597 3339 2747 3411 ibid,
2782 3358 2835 3394 η.
2863 3340 2942 3414 2).

1889 3446 2099 3507 CXCIII
2132 3448 2300 3522 (Alias
2330 3449 2559 3522 CXCII].
2606 3453 2743 3535 {De
2794 3472 2912 3510 vero
2956 3468 3277 3530 peccatorum
3317 3463 3496 3520 remis-

2612 3541 2772 3579 stone.

1962 3628 1985 3658 ῖ
2015 3618 2170 3685 Quod
2191 3619 2408 3689 gravius
2433 3629 2711 3689 peccatum
2736 3623 2886 3693 aegri,
2917 3637 3074 3693 quam
3104 3625 3300 3682 medici
3330 3628 3494 3686 inter-

1890 3709 2089 3766 fectio?
2120 3709 2225 3767 Sed
2246 3725 2367 3766 cum
2397 3710 2450 3764 in
2477 3710 2743 3781 baptismo
2770 3714 2875 3769 hoc
2898 3714 3205 3788 dimittitur,
3230 3721 3359 3791 quid
3385 3737 3493 3781 non

1892 3801 2180 3859 dimittitur
2208 3802 2365 3874 (Aug.
2398 3803 2551 3869 ibid.,
2581 3820 2635 3857 ιι.
2661 3804 2721 3875 ι)
2740 3802 2767 3857 ἵ

1929 3914 2134 3972 CXCIV
2161 3914 2326 3989 [Alias
2353 3913 2599 3987 CXCIII].
2635 3923 2657 3953 ⁸
2690 3916 2769 3973 De
2794 3920 3083 3978 ruminante
3108 3924 3312 3980 verbum
3341 3925 3458 3986 Dei.

1965 4007 2194 4062 Auditor
2228 4008 2247 4045 ⁸
2280 4008 2429 4063 verbi
2454 4008 2644 4064 similis
2675 4010 2833 4068 debet
2858 4028 2979 4070 esse
3004 4014 3349 4086 animalibus,
3375 4036 3495 4091 qua

1898 4100 1969 4155 ob
2013 4102 2121 4154 hoc
2163 4101 2288 4169 quia
2337 4100 2637 4170 ruminant,
2686 4104 2885 4161 munda
2913 4114 2941 4144 ιι
2969 4122 3090 4165 esse
3116 4108 3403 4168 dicuntur:
3438 4124 3499 4169 ut

1901 4204 2007 4247 non
2038 4190 2109 4246 sit
2142 4192 2291 4262 piger
2317 4191 2386 4249 de
2414 4193 2495 4250 bis
2524 4194 2760 4267 cogitare
2790 4213 2911 4270 quae
2958 4199 3011 4255 in
3047 4200 3171 4258 alvo
3194 4204 3373 4261 cordis
3403 4221 3495 4263 ac-

1901 4285 2083 4355 cepit:
2116 4294 2171 4341 et
2198 4299 2320 4341 cum
2346 4286 2530 4356 audit,
2582 4290 2652 4347 sit
2696 4291 2889 4348 similis
2934 4294 3150 4364 edenti;
3197 4312 3322 4355 cum
3370 4315 3501 4358 vero

1850 4452 1880 4477 δ
1913 4400 2048 4477 10L,
2064 4403 2315 4477 _Qualiter
2342 4408 2513 4463 accedi
2539 4407 2715 4463 debeat
2742 4411 2809 4463 ad
2835 4409 3017 4465 altare.

266 4460 295 4502 δ
326 4463 456 4538 Mss.
490 4463 700 4538 Remig.
732 4460 787 4519 et
813 4465 943 4538 λοι,
970 4466 1244 4538 studuerit.
1268 4466 1392 4538 Alii
1431 4468 1651 4521 codices
1684 4460 1795 4523 itu-
1826 4460 1880 4538 ﬁ

1975 4483 2004 4512 ⁸³
2029 4474 2130 4555 με.
2158 4475 2430 4555 Joltensis,
2456 4477 2534 4531 De
2554 4496 2671 4534 vero
2693 4487 2741 4531 ct
2761 4481 2990 4555 perfecto
3010 4482 3130 4555 ﬁne.
3158 4483 3265 4541 Alii
3288 4502 3493 4555 omnes,

1907 4545 1986 4629 De
2016 4544 2173 4628 Lege.
2207 4547 2422 4629 Plenior
2449 4563 2639 4629 sensus
2669 4544 2881 4629 evadet,
2922 4554 2969 4608 si
3006 4544 3245 4626 legatur,
3289 4554 3366 4613 De
3400 4544 3505 4629 ﬁne

1908 4614 2182 4688 Legisfex
2216 4619 2404 4687 primis
2434 4620 2613 4674 verbis
2638 4614 2941 4677 sementim.

1982 4686 2006 4721 (⁵
2037 4686 2234 4743 Vocem
2269 4687 2406 4743 hanc
2432 4706 2577 4759 pana
2602 4692 2865 4748 sumimus
2888 4709 2955 4751 ex
2985 4710 3087 4751 ms.
3118 4697 3360 4755 Joliensi.
3398 4702 3501 4756 Alii

1911 4757 2190 4841 habebant.
2210 4757 2442 4825 tantum,
2476 4759 2555 4816 De
2579 4762 2716 4817 ntala
2744 4767 3072 4824 conscientia.
3111 4767 3208 4824 Is.
3241 4770 3380 4837 101.,
3424 4770 3502 4825 De

1910 4838 2237 4884 conscientia
2267 4846 2436 4899 pana.

1910 4900 2401 5027 ωὲοΜὲοΒειυὶεη
2441 4903 2499 4957 in
2541 4920 2643 4975 qua
2687 4904 2830 4964 Deus
2874 4926 2978 4967 non
3023 4910 3268 4977 habetur,
3319 4928 3501 4968 conso-

2040 5012 2056 5032 ο
2083 4980 2189 5028 ειο.

1982 5052 2009 5092 q
2043 5040 2117 5096 lta
2148 5057 2249 5123 ms_.
2282 5044 2532 5123 Joliensis
2557 5091 2571 5115 ,
2610 5058 2666 5106 et
2713 5053 2927 5123 quidem
2976 5050 3171 5123 melius
3211 5059 3265 5106 et
3306 5053 3504 5109 clarius

1910 5129 2068 5183 quatn
2096 5114 2241 5184 quod
2269 5118 2452 5173 caeteri
2485 5114 2784 5183 omnes.l)e
2802 5137 2958 5184 agro.
2990 5121 3182 5177 Colon.
3210 5132 3313 5179 vet.
3356 5126 3503 5181 solus

1913 5184 2096 5262 habet,
2121 5185 2199 5262 De
2223 5203 2360 5262 (egro
2387 5192 2719 5262 interﬁcientis
2745 5184 3016 5246 medicum.

1988 5266 2008 5293 τ
2161 5256 2356 5337 legitur
2389 5261 2443 5315 in
2473 5256 2603 5337 "iss.
2633 5263 2884 5337 Corb._et
2905 5262 3147 5337 Joliensi,
3175 5272 3231 5337 et
3275 5267 3499 5337 August.

1915 5336 2045 5404 tom.
2074 5328 2217 5404 lV‘et
2248 5332 2299 5404 in
2341 5342 2468 5385 tom.
2503 5332 2570 5398 Χ,
2603 5332 2829 5402 append.
2869 5332 2921 5387 in
2957 5328 3325 5404 Prosperianis
3357 5328 3506 5395 codi-

1913 5398 2085 5473 cibus,
2116 5400 2256 5473 Quid
2282 5405 2488 5471 gravius
2516 5398 2721 5469 peccato
2742 5405 2887 5473 agri,
2915 5421 3085 5473 quam.

1985 5477 2008 5504 "
2040 5469 2136 5525 Ms.
2159 5469 2435 5539 Joliensis,
2465 5473 2696 5539 Qualiter
2724 5469 2936 5529 verbum"
2954 5476 3129 5529 debeat
3154 5480 3348 5533 audiri.

1988 5541 2141 5622 ‘HMS.
2175 5542 2448 5622 Ioliensis,
2470 5544 2615 5622 Verbi
2638 5544 2799 5599 Dei...
2823 5549 3145 5602 animalium.
3171 5549 3269 5622 Ms.
3296 5551 3504 5622 Remig.

1913 5612 2102 5689 scribit
2127 5615 2288 5689 etiam
2320 5617 2644 5689 animalium,
2676 5626 2726 5670 et
2755 5626 2962 5686 pbstea,
2995 5636 3109 5689 qua:
3135 5620 3197 5674 ub
3226 5623 3339 5675 hoc.

1985 5691 2013 5720 ιι
2045 5683 2139 5738 Ms.
2168 5684 2298 5759 Jol_.,
2333 5689 2525 5739 mutila
2553 5683 2858 5742 dicuntur...
2889 5683 3143 5759 qute'aluo
3180 5694 3369 5747 cordis.
3401 5692 3511 5753 Co-

1917 5754 2031 5813 lon.
2062 5763 2169 5813 vet.
2200 5756 2331 5815 edit.
2340 5796 2357 5825 ,
2387 5765 2435 5813 et
2458 5773 2563 5815 non
2586 5762 2759 5831 pigeat
2783 5754 3011 5834 cogitare
3031 5764 3099 5819 de
3119 5763 3220 5819 his.
