4006 6356
562 284 673 349 853

564 496 724 571 (Aug.
755 511 897 551 enar.
929 496 983 549 in
1012 513 1090 566 ps.
1117 511 1262 567 xui,
1292 514 1344 550 η.
1377 494 1452 567 1).

706 587 885 643 CXCV
917 586 1086 662 [Alias
1113 586 1360 659 CXCIV].
1384 596 1410 625 ι
1440 585 1521 642 De
1545 588 1759 659 imperio
1788 588 1994 645 anima'.

634 680 792 753 571
826 680 1122 736 Rationalis
1147 681 1322 735 anima
1368 680 1583 735 domina
1629 692 1712 737 est
1751 680 1992 750 corporis
2030 679 2149 745 sui;

563 788 682 844 quae
714 774 949 830 interiori
980 790 1086 830 non
1113 774 1250 831 bene
1277 775 1595 845 imperabit,
1642 776 1745 831 nisi
1786 774 2050 846 superiori
2094 788 2155 831 se

564 866 676 922 Deo
706 874 815 923 tota
835 866 1110 924 charitatis
1132 866 1461 937 subiectione
1488 865 1515 905 δ
1537 867 1785 924 servierit
1811 866 1968 940 (Aug.
1998 864 2151 932 ibid.,

564 975 619 1013 n.
652 957 767 1031 ιο).

706 1053 912 1111 CXCVI
942 1054 1108 1128 [Alias
1134 1056 1393 1130 CXCV].°
1409 1055 1487 1113 De
1518 1056 1868 1113 misericordia
1896 1056 2009 1111 Dei.

635 1146 783 1202 .Sicut
808 1155 952 1203 terra
984 1148 1050 1204 de
1088 1150 1225 1206 ctelo
1264 1159 1541 1221 exspectat
1598 1149 1832 1220 pluviam
1868 1158 1923 1204 et
1960 1150 2155 1218 lucem,

563 1237 643 1299 sic
672 1238 835 1295 homo
863 1255 932 1296 ex
963 1242 1073 1298 Deo
1098 1242 1260 1299 debet
1301 1252 1614 1313 exspectare
1650 1241 2076 1299 misericordiam
2104 1252 2159 1299 et

564 1334 843 1389 veritatem
874 1335 1029 1407 (Aug.
1059 1335 1212 1404 ibid.,
1246 1354 1297 1389 n.
1338 1335 1453 1407 I5).

636 1446 867 1503 CXCVII
893 1446 1060 1519 [Alias
1084 1446 1370 1522 CXCVI].¢Vl
1392 1448 1471 1504 De
1502 1448 1806 1506 discretione
1838 1450 2088 1506 bonorum

1188 1531 1233 1574 et
1259 1521 1531 1575 malorum.

638 1611 991 1668 Gaudendum
1021 1622 1107 1669 est
1134 1614 1288 1669 bonis
1319 1613 1572 1670 Ecclesia:
1601 1616 1746 1685 ﬁliis,
1790 1616 1936 1687 quod
1968 1616 2019 1671 in
2052 1614 2162 1672 dis-

567 1708 807 1763 cretione
834 1708 1032 1780 ﬁcorum
1068 1723 1172 1762 non
1216 1707 1413 1762 fallitur
1443 1708 1624 1763 divina
1653 1709 1882 1779 justitia.
1916 1710 2022 1765 Sed
2055 1726 2160 1766 non

568 1808 771 1857 temere
799 1800 1038 1857 dividant
1062 1810 1411 1872 congregatos
1435 1820 1449 1858 :
1481 1804 1605 1874 quia
1636 1804 1875 1875 ipsorum
1907 1814 1991 1861 est
2020 1808 2159 1862 velle
2189 1798 2238 1860 B
2333 1823 2415 1879 Ad
2442 1824 2547 1882 hoc
2575 1833 2599 1864 s
2626 1798 2969 1898 Exagiumur
2983 1798 3240 1886 Ῑιοωῑηές

567 1893 840 1965 colligere,
873 1894 1085 1950 Domini
1123 1909 1374 1965 separare
1416 1895 1569 1970 (Aug.
1612 1914 1758 1953 enar.
1791 1899 1846 1953 in
1878 1916 1957 1969 ps.
1992 1915 2156 1967 ssvn,

566 2002 624 2042 n.
655 1987 768 2059 II).

677 2078 930 2136 CXCVIII
959 2079 1123 2153 [Alias
1151 2080 1426 2155 CXCVII].
1447 2093 1469 2122 ⁸
1496 2081 1574 2139 De
1605 2092 1804 2140 terreno
1832 2101 2025 2141 amore.

642 2174 903 2230 Dominus
929 2184 1014 2232 est
1044 2192 1224 2232 rerum
1251 2193 1384 2250 quas
1413 2179 1596 2246 habet,
1627 2181 1720 2253 qui
1763 2182 1906 2237 nulla
1950 2182 2159 2253 cupidi-

570 2274 678 2322 tate
711 2264 731 2304 ί
763 2266 1023 2324 irretitur.
1052 2269 1183 2325 Nam
1215 2271 1305 2341 qui
1338 2282 1672 2365 terrenorqm
1704 2289 1890 2330 amore
1929 2276 2163 2332 obstrin-

568 2361 730 2431 gitur,
759 2377 867 2417 non
896 2363 1154 2434 possidet,
1187 2364 1282 2421 sed
1315 2361 1622 2437 possidetur
1644 2367 1802 2440 (Aug.
1834 2385 1977 2424 enar.
2001 2371 2052 2425 in
2078 2388 2155 2443 ps.

568 2470 754 2522 xcvm,
783 2472 886 2511 ser.
920 2458 969 2523 I,
995 2474 1050 2512 n.
1081 2458 1162 2529 2).

637 2547 847 2605 CXCIX
876 2548 1041 2623 [Alias
1065 2548 1367 2624 CXCVIII].
1399 2552 1476 2608 De
1503 2555 1795 2611 hereditate
1823 2566 1848 2605 ε
1875 2566 2087 2613 caterua.

637 2640 955 2711 Haereditas,
988 2643 1040 2697 in
1070 2659 1174 2714 qua
1204 2643 1519 2701 cohaeredes
1545 2647 1744 2704 Christi
1786 2663 1970 2705 sumus
1990 2693 2005 2717 ,
2054 2664 2160 2705 non

568 2734 826 2789 minuitur
866 2735 1208 2792 multitudine
1250 2736 1507 2803 ﬁliorum,
1540 2755 1640 2795 nec
1672 2741 1730 2795 Iit
1758 2743 2034 2812 angustior
2065 2758 2163 2797 nu-

566 2827 878 2883 merositate
902 2828 1245 2884 cohaeredum
1271 2847 1285 2883 :
1314 2830 1409 2886 sed
1438 2840 1581 2886 tanta
1608 2841 1690 2887 est
1717 2833 1930 2899 multis,
1962 2844 2161 2905 quanta

565 2918 787 2987 paucis;
818 2927 964 2974 tanta
985 2921 1233 2991 singulis,
1256 2930 1453 2992 quanta
1475 2922 1728 2981 omnibus
1748 2923 1909 2998 (Aug.
1936 2942 2079 2980 enar.
2109 2927 2163 2981 in

565 3029 644 3083 ps.
679 3028 826 3084 ms,
859 3030 913 3069 η.
942 3013 1019 3084 2).

852 3103 937 3161 cc
964 3105 1133 3181 [Alias
1160 3105 1413 3182 CXCIX].
1445 3106 1476 3146 ιι
1503 3109 1577 3164 De
1608 3111 1873 3183 felicitate.

1792 286 1851 347 s.
1893 284 2234 345 puosreat
2274 287 2601 359 scurram
3705 306 3790 371 ιω

564 404 745 461 audita
785 402 841 459 in
879 400 1191 460 memoriam
1239 409 1489 469 revocat,
1534 401 1606 457 sit
1631 400 1823 458 similis
1853 404 2146 460 ruminanti
2173 407 2230 467 Α

2409 404 2562 462 CCIII
2591 406 2756 481 [Alias
2791 403 2963 483 CCII].
2997 418 3028 449 ιι
3054 406 3134 466 De
3160 410 3381 470 inimicis
3406 410 3657 478 bonorum.

2325 496 2486 570 572
2529 498 2711 555 Nullus
2752 499 3018 558 bonorum
3052 504 3327 561 inimicum
3362 505 3553 577 habet,
3586 515 3676 575 nisi
3703 533 3795 578 ma.

2254 589 2363 644 lum
2390 607 2402 643 :
2434 598 2458 628 ο
2492 592 2582 661 qui
2609 591 2729 649 ideo
2756 607 2878 650 esse
2904 598 3253 667 permittitur,
3285 608 3352 655 nt-
3382 610 3475 655 aut
3512 607 3790 681 corrigatur,

2253 693 2346 739 aut
2371 698 2467 755 per
2495 685 2669 755 ipsum
2704 686 2875 744 bonus
2903 700 3251 747 exerceatur.
3290 690 3557 755 Orandutn
3591 708 3664 755 est
3692 718 3796 775 ergo

2254 791 2352 849 pro
2379 777 2630 847 inimicis,
2662 791 2720 836 ut
2747 790 2840 837 aut
2862 781 3169 841 obtineatur
3196 800 3387 843 eorum
3416 794 3701 862 conversio,
3724 809 3796 853 aut

2255 873 2311 928 in
2356 873 2513 929 nobis
2556 874 2751 932 divinae
2798 876 3052 934 bonitatis
3093 879 3398 937 inveniatur
3424 883 3792 963 imitatiojAug.

2257 980 2402 1022 enar.
2433 967 2489 1020 in
2516 985 2596 1039 ps.
2630 984 2739 1037 uv,
2769 986 2825 1023 n.
2853 971 2911 1037 4,
2940 978 2990 1026 et
3016 969 3274 1029 Caelestin.
3308 973 3351 1042 l,
3382 992 3465 1046 ep.
3497 976 3570 1049 I).

2328 1056 2483 1113 CCIV
2512 1058 2679 1132 [Alias
2708 1059 2910 1135 CCIII].
2941 1073 2970 1113 Ρ
2999 1061 3079 1119 De
3103 1067 3277 1139 uigore
3302 1068 3428 1138 ﬁdei
3456 1067 3745 1132 Christiana.

2329 1150 2495 1221 Vigor
2532 1152 2655 1209 ﬁdei
2694 1153 3012 1212 Christiana:
3056 1158 3229 1214 tribus
3255 1162 3587 1231 temporibus
3612 1175 3639 1218 ιι
3664 1168 3805 1227 initia-

2260 1251 2370 1310 tur,
2399 1258 2649 1316 vespere,
2677 1261 2855 1313 mane,
2888 1256 2942 1303 et
2967 1249 3213 1307 meridie.
3242 1252 3479 1324 Vespere
3499 1257 3631 1314 enim
3658 1259 3806 1319 Domi-

2261 1351 2363 1393 nus
2392 1337 2447 1393 in
2483 1353 2649 1395 cruce
2671 1383 2689 1410 ,
2738 1355 2897 1396 mane
2938 1341 2993 1397 in
3039 1346 3438 1403 resurrectione
3462 1390 3477 1413 ,
3529 1352 3727 1408 meridie
3760 1353 3804 1412 in

2260 1431 2598 1487 ascensione.
2652 1432 2833 1505 Unum
2874 1434 2940 1489 ad
2992 1437 3305 1505 patientiam
3355 1442 3558 1513 occisi,
3604 1445 3730 1502 aliud
3752 1446 3803 1503 ad

2262 1527 2428 1580 vitam
2459 1526 2782 1592 cesuscitati,
2818 1529 3036 1584 tertium
3063 1531 3129 1585 ad
3157 1532 3380 1602 gloriam
3420 1536 3646 1605 pertinet
3674 1540 3808 1610 maje-

2265 1618 2419 1672 statis
2440 1618 2492 1672 in
2517 1617 2688 1674 Patris
2707 1618 2927 1676 dextera
2945 1623 3292 1680 consedeutis
3312 1626 3469 1698 (Aug.
3490 1628 3633 1697 ibid,
3651 1649 3698 1686 η.
3714 1632 3803 1706 18).

2464 1729 2595 1788 CCV
2625 1731 2793 1806 [Alias
2822 1732 3027 1809 CCIV].
3055 1746 3075 1774 ι’
3101 1735 3181 1792 De
3205 1740 3494 1812 purgandis
3524 1743 3695 1800 electis.

3283 1832 3727 1905 tribulationibus,
3761 1849 3806 1896 ut

2262 1933 2391 1976 vasa
2421 1918 2701 1975 electionis
2736 1931 3067 1978 evacuentur
3106 1926 3342 1995 nequitia
3366 1967 3382 1993 ,
3430 1938 3488 1984 et
3531 1929 3808 2002 impleantur

2262 2012 2435 2083 gratia
2464 2011 2623 2085 (Aug.
2655 2030 2799 2068 euar.
2831 2014 2883 2069 in
2912 2032 2993 2088 ps.
3025 2032 3118 2085 ιν,
3143 2035 3199 2074 n.
3232 2019 3345 2093 13).

2264 2129 2419 2186 CCVI
2438 2129 2605 2202 [Alias
2634 2129 2837 2204 CCV].t
2856 2130 2935 2187 De
2957 2132 3102 2189 bonis
3119 2152 3235 2208 qua:
3258 2153 3407 2193 nemo
3431 2141 3618 2195 amittit
3642 2141 3809 2200 invitus.

2334 2222 2523 2279 Potest
2560 2224 2724 2279 homo
2769 2225 2967 2282 invitus
3011 2228 3259 2285 amittere
3310 2232 3622 2305 temporalia
3668 2235 3811 2302 bona;

2264 2328 2557 2385 numquam
2606 2330 2766 2387 vero,
2815 2318 2920 2374 nisi
2956 2319 3170 2389 volens,
3203 2330 3232 2359 ιι
3264 2324 3443 2394 perdit
3468 2335 3663 2384 aeterna
3686 2327 3811 2400 (Aug.

2262 2404 2415 2477 sua,
2445 2425 2499 2462 η.
2531 2408 2644 2482 to).

2479 2501 2656 2558 CCVII
2689 2502 2852 2576 [Alias
2878 2503 3074 2581 CCVI].
3102 2518 3130 2549 τ
3157 2508 3237 2565 De
3263 2512 3365 2582 ﬁne
3390 2512 3641 2583 ﬁdelium.

2336 2594 2485 2653 Finis
2515 2597 2755 2653 ﬁdelium
2781 2597 3026 2658 Christus
3052 2610 3173 2658 est:
3204 2604 3273 2659 ad
3310 2620 3473 2677 quem
3515 2622 3631 2664 cum
3665 2622 3816 2679 perve-

2264 2688 2405 2745 nerit
2432 2692 2701 2748 currentis
2729 2693 2977 2761 intentio,
3013 2712 3120 2753 non
3151 2696 3313 2756 habet
3337 2703 3483 2771 quod
3527 2703 3689 2775 possit
3724 2718 3817 2759 am-

2265 2780 2409 2852 plius
2456 2782 2718 2853 invenire,
2752 2784 2850 2842 sed
2878 2787 3044 2845 habet
3072 2789 3125 2846 in
3156 2805 3264 2863 quo
3312 2793 3513 2851 debeat
3548 2810 3817 2868 permanere

2264 2874 2420 2947 (Aug.
2455 2893 2596 2933 enar.
2624 2880 2680 2934 in
2705 2896 2785 2950 ps.
2820 2896 2927 2950 va,
2959 2900 3013 2937 η.
3042 2881 3123 2955 2).

2564 2990 2765 3050 CCVIII
2793 2991 2959 3068 [Alias
2986 2996 3210 3072 CCVII].
3243 3000 3323 3056 De
3351 3003 3583 3060 tristitia.

2338 3084 2527 3141 Melior
2552 3095 2636 3142 est
2662 3088 2877 3144 tristitia
2918 3090 3097 3162 Iniqua
3141 3095 3428 3164 patientis,
3472 3113 3632 3170 quam
3672 3094 3821 3155 laititia

637 3194 936 3270 Numquam
961 3176 1120 3256 debet
1146 3213 1332 3256 secura
1358 3176 1479 3258 esse
1502 3202 1762 3271 felicitas;
1793 3204 1915 3275 quia
1948 3205 2155 3276 pericu-

2266 3176 2442 3249 iniqua
2472 3178 2717 3237 facientis
2747 3182 2903 3255 (Aug.
2934 3201 3081 3242 enar.
3112 3188 3167 3242 in
3193 3205 3272 3258 ps.
3302 3206 3410 3262 ινι,
3443 3210 3501 3249 n.
3537 3193 3645 3266 14).

567 3285 765 3347 Iosiora
795 3298 919 3346 sunt
946 3292 1127 3346 animo
1151 3292 1409 3359 secunda,
1441 3310 1601 3364 quam
1626 3296 1841 3366 corpori
1888 3296 2115 3355 adversa
2141 3314 2155 3364 ;

566 3380 715 3453 prius
760 3382 902 3438 enim
944 3394 1293 3454 corrumpunt
1342 3398 1635 3455 prospera,
1678 3396 1735 3441 ut
1764 3387 2039 3443 inveniant
2064 3390 2160 3444 ad-

567 3487 723 3530 versa
757 3473 773 3512 ί
808 3474 950 3546 quod
980 3475 1226 3547 frangant
1254 3476 1415 3548 (Aug.
1446 3494 1590 3532 enar.
1620 3479 1672 3532 in
1698 3496 1777 3551 ps.
1804 3497 1857 3549 ι,
1890 3498 1942 3535 n.
1967 3480 2047 3553 4).

785 3566 892 3622 CCI
918 3567 1087 3642 [Alias
1108 3565 1239 3641 CC].
1273 3565 1352 3622 De
1378 3572 1615 3625 remediis
1645 3573 1973 3642 paenitentia.

634 3658 809 3716 Prima
845 3661 991 3716 salus
1026 3668 1147 3732 est,
1196 3660 1469 3718 declinare
1511 3662 1524 3713 i
1566 3674 1878 3735 peccatum;
1922 3669 2159 3731 secunda

565 3762 667 3822 est,
696 3769 802 3810 non
829 3754 1114 3827 deSperare
1141 3758 1208 3811 de
1232 3757 1411 3811 venia.
1442 3756 1574 3811 Nam
1598 3758 1711 3828 ipse
1739 3775 1797 3815 se
1819 3761 1870 3814 iu
1897 3772 2158 3818 aeternum

564 3852 797 3920 perimit,
828 3850 922 3920 qui
950 3852 1088 3921 apud
1138 3852 1541 3909 misericordem
1585 3854 1821 3925 judicem
1872 3858 1939 3913 ad
1986 3860 2160 3929 peni-

564 3942 742 3997 tentiae
772 3942 1011 3999 remedia
1040 3959 1148 3999 non
1178 3947 1408 4000 recurrit
1439 3947 1595 4017 (Aug.
1628 3948 1783 4016 ibid.,
1816 3967 1868 4004 η.
1901 3950 1983 4021 5).

648 4034 777 4090 CCII
806 4033 973 4108 [Alias
1003 4035 1154 4107 CCI].
1188 4034 1213 4073 ι
1246 4036 1325 4092 De
1344 4038 1491 4092 bonis
1524 4042 1732 4095 occultis
1758 4053 2068 4100 sanctorum.

632 4125 765 4181 Boni
798 4126 984 4193 latent,
1013 4127 1134 4197 quia
1186 4128 1385 4183 bonum
1427 4131 1666 4201 ipsorum
1698 4133 1750 4186 in
1781 4137 1993 4192 occulto
2030 4148 2149 4206 est;

568 4213 586 4254 ι
620 4233 716 4273 nec
733 4217 944 4273 visibile
970 4217 1113 4273 enim
1136 4227 1238 4285 est,
1258 4236 1358 4275 nec
1377 4222 1658 4290 corporale
1682 4226 1823 4293 quod
1869 4228 2105 4301 diligunt
2133 4276 2148 4301 ,

564 4318 615 4366 et
637 4320 744 4365 tam
771 4309 963 4365 merita
986 4325 1172 4366 eorum
1202 4320 1327 4366 sunt
1348 4311 1385 4331 "‘
1410 4313 1462 4366 in
1494 4314 1810 4371 abscondito
1838 4325 2146 4393 constituta,

563 4418 719 4475 quam
750 4403 969 4475 praemia
1000 4402 1159 4477 (Aug.
1192 4421 1335 4463 enar.
1368 4408 1421 4460 in
1449 4425 1527 4478 ps.
1557 4424 1667 4479 cur,
1700 4428 1754 4465 η.
1789 4412 1863 4485 5).

634 4525 662 4554 ι
690 4517 789 4600 bis.
822 4516 955 4586 101.,
981 4516 1060 4571 De
1088 4518 1299 4591 imperio
1327 4521 1531 4575 animae.
1567 4522 1691 4591 Alii,
1732 4524 1807 4581 De
1848 4530 2021 4586 anima
2061 4552 2152 4590 ra-
2181 4539 2233 4600 D

563 4589 766 4643 tianali.

633 4658 660 4697 δ
689 4661 786 4716 Ms.
816 4659 948 4729 101.,
975 4660 1276 4716 subdiderit.

636 4741 657 4769 ε
692 4731 789 4817 bis.
819 4731 951 4799 Jol.,
985 4732 1081 4817 De,
1096 4733 1444 4817 misericordia
1474 4744 1523 4817 et
1558 4739 1782 4817 veritate.
1834 4742 1995 4801 Forte
2039 4748 2156 4817 ple-

562 4802 681 4858 nius
712 4803 1000 4874 legeretur,
1035 4801 1181 4858 Unde
1211 4806 1406 4874 homini
1434 4808 1781 4865 misericordia
1807 4822 1853 4866 et
1878 4801 2081 4874 veritas.

630 4873 656 4910 ἀ
678 4873 896 4953 1131118..
926 4874 1030 4953 Jol.
1061 4875 1187 4953 Alii,
1219 4873 1298 4928 De
1328 4877 1742 4953 bonisEcclesia:
1772 4884 1917 4953 ﬁliis.

632 4953 655 5019 ς
678 4944 779 5019 Ms.
802 4946 932 5019 101..
958 4946 1189 5019 Qualiter
1207 4949 1518 5019 possidenda
1541 4954 1604 5005 sit
1626 4944 1822 5015 terrena
1844 4959 2141 5019 substantia.

633 5013 652 5051 ί
686 5017 786 5071 Ms.
820 5017 1052 5087 Remig.,
1080 5013 1338 5072 illuditur.

628 5095 654 5155 β
681 5087 779 5142 Ms.
803 5088 933 5155 .Iol.,
964 5100 1173 5143 interna.
1208 5090 1333 5150 Alii.
1364 5089 1575 5146 Christi.

627 5154 656 5236 ξι
686 5159 784 5236 bis.
815 5154 947 5224 Jol.,
982 5158 1059 5213 De
1080 5161 1417 5236 prosperitate
1442 5172 1487 5217 et
1518 5164 1816 5224 adversitate
1843 5181 2063 5236 terrena.

634 5228 650 5305 ξ
687 5231 877 5305 Colon.
908 5240 1015 5305 vet.
1048 5228 1347 5305 edit.,_qua:
1377 5236 1636 5305 frangant.

630 5302 644 5374 l
684 5299 784 5374 bis.
811 5301 1051 5374 _Remig.,
1084 5299 1404 5374 declinat-ea
1433 5299 1661 5374 pe'ccato.

628 5366 651 5439 'f
681 5369 777 5424 Ms.
802 5366 1080 5438 Joliensis,
1116 5372 1192 5425 De
1221 5366 1551 5429 occulta'uita
1576 5389 1891 5439 sanctorum.

634 5436 664 5525 ξ
687 5440 1041 5525 ξὶξῆι.“(]0100.
1066 5436 1175 5525 vet.
1190 5460 1309 5525 .nec
1331 5446 1525 5501 uisibile
1541 5459 1635 5518 est,
1658 5469 1747 5505 nec
1768 5436 2035 5525 corporale
2051 5469 2145 5514 est.

627 5518 665 5545 ω
690 5510 794 5583 ΜΒ.
826 5511 1061 5583 Bemig.,
1087 5514 1141 5567 in
1170 5515 1363 5570 abdito.

626 5589 653 5616 ιι
683 5580 781 5655 με.
812 5580 1047 5655 ξῖθηιὶέ..
1085 5584 1316 5651 Qualiter
1344 5593 1551 5646 amandi
1576 5604 1693 5649 sunt
1718 5598 1935 5655 inimici.

627 5661 651 5688 °
684 5652 783 5708 Ms.
813 5652 945 5719 λοι..
971 5652 1109 5719 quod
1136 5657 1269 5712 ideo.

624 5733 653 5773 ιι
685 5725 784 5781 Ms.
816 5724 946 5791 10L.
972 5724 1051 5781 De
1074 5731 1462 5791 resurrectione.

625 5804 653 5847 ‘I
679 5795 779 5854 ηε.
804 5797 938 5870 101.,
963 5799 1227 5856 incitatur.

2386 3290 2545 3349 CCIX
2578 3293 2744 3367 [Alias
2768 3294 3014 3371 CCVIII].
3050 3306 3078 3336 ι
3105 3297 3186 3355 De
3214 3305 3435 3374 peccatis
3461 3306 3740 3377 praeteritis.

2334 3382 2688 3442 Revocandus
2737 3396 2820 3444 est
2863 3391 3073 3447 animus
3099 3402 3129 3443 γ
3155 3408 3184 3448 a
3209 3395 3562 3463 recordandis
3587 3412 3701 3454 cum
3720 3410 3825 3467 φιλο

2260 3474 2383 3531 dam
2413 3475 2764 3535 delectatione
2792 3484 3098 3553 praeteritis,
3131 3501 3220 3553 ne,
3250 3488 3582 3559 subrepente
3609 3488 3825 3559 concupi-

2258 3571 2484 3638 scentia,
2516 3572 2800 3629 redeamus
2826 3576 2991 3634 corde
3018 3578 3072 3635 in
3100 3578 3388 3653 Egyptum
3427 3583 3589 3657 (Aug.
3616 3599 3749 3639 enar.
3780 3582 3825 3637 in

2266 3678 2345 3732 ps.
2377 3679 2505 3732 LVII,
2537 3682 2593 3720 η.
2624 3667 2734 3738 10).

2547 3756 2682 3814 CCX
2709 3761 2874 3835 [Alias
2904 3761 3106 3838 CCIX].
3139 3775 3163 3805 ³
3192 3767 3271 3824 De
3298 3772 3530 3830 ueritate.

2335 3847 2539 3905 Bonum
2569 3862 2651 3907 est
2676 3870 2704 3907 a
2738 3856 2968 3913 veritate
3010 3856 3171 3916 viuci.
3228 3870 3283 3901 ι·
3330 3864 3413 3920 Ad
3458 3868 3829 3938 correptionem

2263 3950 2480 4010 superet
2506 3945 2705 3999 veritas
2746 3944 2806 3985 δι’
2852 3949 3154 4021 volentem;
3205 3970 3328 4010 nam
3370 3969 3427 4013 et
3472 3960 3694 4017 invitum
3736 3961 3829 4031 ipsa

2262 4034 2537 4105 superabit
2568 4036 2725 4110 (Aug.
2758 4039 2909 4109 ibid.,
2938 4059 2990 4098 η.
3020 4042 3133 4115 20).

2330 4148 2489 4240 CCXI
2516 4148 2681 4223 [Alias
2711 4150 2888 4227 CCX].
2920 4166 2975 4196 οε
3006 4156 3082 4213 De
3104 4159 3408 4233 impunitate
3434 4178 3771 4240 peccatorum.

2330 4239 2558 4296 Peccata
2586 4243 2701 4298 sive
2740 4260 2901 4314 parva
2926 4289 2939 4313 ,
2986 4249 3099 4305 sive
3144 4268 3332 4322 inagna
3358 4296 3373 4323 ,
3425 4258 3683 4330 impunita
3730 4272 3831 4314 esse

2258 4331 2418 4404 573
2449 4348 2553 4387 non
2582 4347 2828 4405 possunt,
2856 4339 2979 4409 quia
3010 4350 3102 4396 aut
3136 4342 3355 4402 Imnine
3394 4352 3690 4418 paenitente
3710 4390 3725 4419 ,
3758 4356 3834 4403 aut

2254 4421 2314 4463 δά
2344 4427 2454 4481 Deo
2483 4427 2789 4487 vindicante
2820 4434 3145 4504 plectuntur.
3178 4437 3368 4496 Cessat
3396 4453 3582 4500 autem
3626 4444 3835 4500 vindicta

2334 4548 2354 4621 ξ
2388 4538 2645 4621 bis.de
2676 4541 2761 4621 De
2782 4546 3081 4621 probatione
3096 4552 3381 4621 justorum.

2259 4682 2297 4733 Γ
2332 4609 2529 4734 οξόίῑ.
2568 4623 2677 4668 vet.
2722 4609 2939 4685 colum,
2979 4609 3332 4692 excoguuntur
3357 4626 3600 4699 homines
3648 4628 3838 4687 tribula-

2280 4698 2382 4734 ιοηι
2421 4699 2497 4734 ιη.

2280 4698 2497 4735 ιοηιοιη.

2335 4754 2352 4788 ί
2389 4754 2487 4808 Ms.
2516 4753 2647 4819 Jol.,
2682 4754 2760 4812 De
2782 4759 2937 4816 libero
2967 4763 3199 4825 arbitrio.

2330 4833 2357 4899 ff
2514 4826 2757 4899 Bemig.,
2789 4834 2983 4893 perdet.

2327 4897 2355 4979 ξ
2382 4895 2479 4979 lii-3.
2512 4895 2752 4979 Remig,
2774 4900 2859 4979 De
2879 4904 2980 4979 ﬁne
3000 4908 3363 4979 perfectorum.

2331 4968 2355 5053 ξ
2385 4968 2512 5053 9.15:,
2548 4971 2663 5035 Qua
2691 4968 2893 5053 cautela
2917 4968 3017 5053 sint
3048 4968 3376 5048 récogitanda
3404 4998 3639 5053 peccata.

2324 5048 2352 5086 γ
2382 5039 2498 5125 Col.
2551 5053 2660 5094 vet.
2701 5043 2852 5125 edin,
2885 5050 2957 5125 ad
2977 5039 3352 5125 recordantium
3395 5039 3642 5125 {inﬂa}
3683 5075 3838 5115 recor-

2256 5109 2456 5195 dando)
2488 5128 2603 5195 cum
2627 5109 2849 5195 qugdani
2869 5116 3208 5195 delectatione
3231 5126 3294 5178 de
3315 5109 3611 5195 pi'teteritis.

2326 5189 2347 5216 ι
2514 5182 2645 5257 19L,
2682 5186 2970 5257 Amandum
3002 5202 3052 5242 ut
3080 5209 3113 5245 a
3142 5182 3345 5251 veritate
3372 5182 3662 5257 vincantur.

2323 5260 2379 5336 ξς
2543 5253 2775 5336 Remig.,
2803 5258 2872 5336 ad
2900 5264 3264 5336 correctionem
3290 5251 3592 5336 δίψει-01710.

2320 5319 2383 5405 Ni
2410 5322 2556 5415 Edit.
2583 5319 2941 5415 vet.'CoIon.,
2959 5319 3248 5415 nolentem.
3268 5319 3748 5415 si;
3774 5354 3841 5391 ιέο

2251 5394 2715 5518 ritasbnolentem;
2755 5415 2873 5452 nam
2922 5394 2967 5455 et
3014 5406 3262 5462 volentem
3301 5419 3346 5463 et
3379 5394 3744 5485 invitunsripsa
3768 5425 3847 5465 su-

2254 5480 2376 5518 pera
2414 5475 2470 5518 ιι.

2252 5475 2470 5536 peracri.

2329 5546 2390 5624 εἰ
2416 5535 2513 5624 bis:
2545 5536 2676 5624 Jol.,
2712 5539 2837 5624 Non
2863 5559 3017 5624 posse
3034 5546 3289 5624 impunita
3316 5568 3423 5607 esse
3451 5565 3686 5624 peccata.

2334 5602 2550 5696 ῥέξει.
2569 5619 2677 5696 vet.
2710 5602 3044 5696 edjtioaddit
3091 5602 3195 5686 Iiic,
3222 5602 3287 5676 .3.
3319 5602 3690 5696 ἶιὶξίίὲἱᾶἶῑὶὲζ
3717 5623 3843 5687 ιυι..

2250 5677 2370 5804 Deol
2385 5677 2675 5805 υἱὲιίιῖἐῖωέεε
2695 5700 2715 5749 ;
2744 5683 2856 5753 alii,
2872 5688 3142 5757 judicante
3154 5677 3369 5763 {priori
3388 5677 3528 5757 Iavth
3541 5677 3845 5756 locine“;

2250 5765 2345 5805 aus
2380 5788 2393 5804 .
2562 5766 2593 5805 n
2630 5789 2645 5805 .

2249 5765 2393 5821 guSL.
2428 5765 2645 5807 citatus.
