4006 6356
217 344 311 405 687

667 338 872 399 LIBER
906 335 1444 397 SENTENTIARUII
1482 331 1577 391 EX
1616 331 1955 391 OPERIBUS
1993 330 2052 388 S.
2096 329 2466 389 AUGUSTINI
2508 326 3019 386 DLLIBATARUM.

3369 331 3475 389 458

214 460 406 527 divina,
436 454 485 514 si
513 456 796 512 convenio
822 460 1117 525 praecurrat
1154 451 1406 507 humana.
1450 448 1611 503 Amat
1644 447 1790 502 enim
1820 448 1868 506 Α
1900 444 2039 499 Deus
2067 445 2158 499 dat
2190 459 2380 514 panem
2398 457 2579 509 suum,
2607 442 2659 498 id
2688 452 2792 509 est,
2829 443 3054 497 verbum
3080 441 3340 507 veritatis,
3367 453 3396 493 ιι
3417 453 3473 501 οι

215 553 353 609 Deus
390 548 774 606 conﬁtentibus
820 560 1071 617 parcere;
1122 551 1178 601 et
1218 558 1310 599 eos
1359 541 1449 613 qui
1476 538 1796 609 semetipsos

211 643 476 714 iudicant,
529 654 638 697 non
681 638 923 711 judicare
971 638 1136 709 (Aug.
1161 636 1215 690 in
1245 651 1325 705 ps.
1360 647 1493 690 LVIII
1550 646 1706 687 serm.
1741 630 1794 697 1,

212 751 261 789 ιι.
290 732 404 803 ιδ).

212 823 386 883 CCXII
412 823 579 898 [Alias
600 819 806 893 CCXI].
838 829 864 859 ι
886 818 966 875 De
985 826 1244 892 praecata
1271 815 1647 872 misericordia
1674 811 1792 868 Dei.

275 915 470 972 Nullus
500 913 671 970 miser
696 913 764 969 de
791 921 1225 984 quantacumque
1267 908 1485 963 miseria
1512 906 1796 972 liberatur,

215 1009 310 1067 nisi
339 1008 431 1080 qui
448 1007 549 1064 Dei
576 1005 944 1063 misericordia
968 1003 1295 1075 praevenitur
1316 1000 1544 1073 (Aug.in
1572 1015 1650 1069 ps.
1676 1010 1800 1053 cvm

217 1116 362 1155 serat.
388 1098 445 1167 2,
479 1116 534 1152 ιι.
568 1098 668 1163 11;
698 1112 817 1151 can.
854 1095 920 1151 ιι
948 1110 1097 1150 conc.
1130 1094 1370 1147 Arausic.
1405 1090 1487 1161 ιι).

277 1189 489 1246 CCXIII
513 1187 681 1261 [Alias
700 1184 932 1258 CCXII].
958 1185 987 1226 δ
1005 1184 1083 1241 De
1106 1183 1293 1252 electu
1312 1183 1728 1255 supplicationis.
1792 1230 1795 1235 ,

279 1282 549 1338 Fidelitsr
570 1279 884 1351 supplicans
909 1277 1023 1333 Deo
1046 1291 1145 1347 pro
1183 1276 1600 1336 necessitatibus
1630 1286 1653 1313 ε
1696 1275 1799 1329 Ιιιι-

215 1375 292 1441 ius
329 1372 482 1439 vitae,
520 1380 577 1427 et
602 1368 1029 1427 misericorditer
1056 1367 1297 1433 auditur,
1345 1377 1401 1423 et
1439 1364 1804 1422 misericordi-

219 1481 290 1523 ter
333 1482 444 1522 non
474 1464 709 1521 auditur.
739 1462 878 1531 Quid
906 1462 1051 1518 enim
1081 1459 1295 1517 inﬁrmo
1332 1460 1404 1514 sit
1435 1458 1593 1525 utile,
1634 1458 1805 1529 magis

217 1562 359 1615 novit
406 1556 651 1613 medicus
679 1568 843 1628 quam
881 1562 1141 1625 aegrotus.
1181 1552 1237 1608 Si
1268 1559 1448 1606 autem
1477 1550 1531 1605 id
1577 1550 1807 1620 postulat

218 1650 355 1723 quod
386 1648 536 1706 Deus
564 1646 672 1705 det
712 1646 958 1717 pmipit
1001 1653 1057 1701 et
1098 1642 1386 1716 promittit,
1440 1641 1534 1699 ﬁet
1586 1643 1807 1698 omnino

219 1741 355 1811 quod
389 1741 600 1812 poscit;
644 1738 772 1811 quia
802 1747 827 1776 ο
852 1735 1050 1807 accipit
1090 1735 1328 1791 cbaritas
1358 1734 1500 1805 quod
1538 1742 1689 1805 parat
1718 1749 1809 1789 ve-

221 1836 340 1889 ritas
376 1833 543 1907 (Aug.
575 1847 719 1888 enar.
748 1831 801 1885 in
827 1846 906 1902 ps.
937 1844 1049 1895 us,
1082 1845 1135 1883 ιι.
1168 1827 1247 1899 7).

223 1944 418 2003 CCXIV
446 1943 636 2017 [Alias
666 1940 937 2013 CCXIII].
991 1939 1066 2022 De
1112 1947 1348 2011 provectu
1377 1936 1395 1976 ί
1430 1939 1676 1994 bonorum
1719 1954 1808 2009 per

846 2020 1180 2063 tentatsones.

846 2022 1180 2067 tentatsoncs.

292 2108 593 2164 Provectus
620 2104 861 2162 ﬁdelium
892 2103 1011 2159 sine
1040 2102 1338 2160 tentatione
1367 2115 1476 2158 non
1520 2097 1805 2170 provenit;

229 2215 319 2257 nec
345 2200 452 2257 sibi
478 2202 766 2271 quisquam
815 2196 1131 2260 innotescit,
1174 2194 1278 2250 nisi
1308 2193 1645 2266 probationis
1684 2207 1812 2248 exa»

229 2296 401 2361 mine;
437 2309 539 2351 nec
568 2291 935 2357 coronabitur,
979 2299 1003 2337 ι
1030 2289 1131 2345 nisi
1168 2289 1263 2359 qui
1287 2288 1504 2355 vicerit;
1554 2302 1652 2343 nec
1693 2286 1810 2342 vin-

232 2395 331 2454 cet,
360 2385 469 2443 nisi
492 2385 583 2457 qui
611 2379 1119 2449 certaverit."Quis
1149 2390 1330 2436 autem
1360 2390 1551 2448 certat,
1582 2379 1687 2435 nisi
1713 2379 1814 2433 ini-

234 2478 426 2535 micum
450 2476 679 2545 habens,
712 2483 769 2532 et
796 2474 1083 2531 tentationi
1112 2471 1376 2529 resistens
1403 2472 1562 2545 (Aug.
1592 2488 1736 2528 τηαν.
1762 2473 1815 2525 in

232 2587 303 2641 ps.
324 2585 449 2641 vus,
480 2586 537 2624 ιι.
566 2566 660 2639 2)?

281 2661 462 2720 CCXV
494 2661 661 2735 [Alias
692 2660 944 2733 CCXIV].
980 2659 1100 2715 iDe
1129 2658 1411 2732 prophetiis
1450 2658 1742 2729 implendis.

302 2756 510 2814 Stultus
535 2765 621 2812 est
658 2755 750 2827 qui
797 2770 905 2811 non
945 2753 1120 2810 credit
1145 2752 1646 2809 denuntiationibus
1686 2766 1816 2823 pro-

242 2851 516 2921 plietarum
563 2848 618 2904 in
658 2845 848 2920 paucis
886 2862 1006 2918 qua
1052 2853 1290 2911 restant;
1338 2859 1461 2898 cum
1506 2843 1683 2898 videat
1708 2850 1817 2898 tam

239 2943 406 3007 multa
429 2942 721 3012 completa,
755 2955 875 3011 qua:
900 2948 1026 2994 tunc
1055 2952 1162 2993 non
1191 2946 1370 3002 erant,
1392 2934 1608 3007 quando
1638 2934 1651 2984 i
1690 2950 1821 3005 prte-

238 3033 552 3092 dicebantur
577 3030 851 3103 implenda
872 3030 1035 3102 (Aug.
1058 3045 1201 3085 enar.
1230 3029 1283 3083 in
1312 3045 1393 3100 ps.
1419 3042 1552 3096 uti,
1584 3044 1639 3082 η.
1669 3027 1745 3098 1).

515 3125 726 3185 CCXVI
752 3124 918 3198 [Alias
940 3121 1168 3196 CCXV].
1196 3121 1221 3159 “
1246 3120 1326 3177 De
1349 3121 1524 3176 idolis.

1900 537 2048 593 carni
2087 538 2391 593 necessaria
2438 537 2579 592 Deus
2605 536 2832 605 praebet,
2874 535 3001 604 quia
3050 546 3276 605 utraque
3307 534 3475 605 sipse

1902 632 2093 702 pascit,
2123 630 2212 701 qui
2241 639 2471 700 utraque
2497 629 2625 685 fecit
2655 628 2839 699 (Aug.,
2871 627 3022 691 ibid.,
3056 644 3114 681 ιι.
3145 627 3223 696 7).

1902 740 2109 797 CCXIX
2140 740 2306 811 [Alias
2336 738 2687 821 CCXVIII].r
2716 738 2791 821 De
2821 738 3150 793 meditatione
3172 738 3401 809 ﬁdelium
3422 743 3476 797 in

2477 820 2581 864 οιιο
2607 820 2653 863 et
2676 820 2893 864 αειιοιιε.

1972 904 2075 971 Qui
2105 902 2312 957 otiosus
2357 911 2410 956 et
2456 902 2667 970 quietus
2708 916 2815 956 non
2860 901 3063 971 cogitat
3103 902 3305 969 Deum,
3334 919 3475 973 quo-

1905 994 2066 1051 modo
2098 995 2242 1050 inter
2279 1003 2436 1048 actus
2482 996 2703 1055 multos.
2750 1003 2804 1046 et
2844 992 3114 1048 laboriosa
3157 997 3369 1065 negotia
3412 997 3481 1053 do

1905 1087 1997 1143 illo
2044 1086 2241 1156 poterit
2283 1084 2558 1155 cogitare?
2600 1084 2885 1139 Meditetur
2917 1100 3048 1154 ergo
3079 1102 3199 1156 qua:
3232 1090 3325 1143 Dei
3353 1101 3481 1146 sunt

1907 1179 2099 1244 fidelis,
2136 1186 2157 1214 ³
2185 1191 2309 1233 cum
2339 1184 2512 1243 vacat,
2556 1183 2611 1232 et
2642 1175 2775 1231 bene
2815 1176 3077 1244 operandi
3121 1178 3482 1236 subStantiant

1904 1276 2132 1341 quaerat,
2150 1282 2220 1323 ne
2247 1268 2300 1321 in
2337 1266 2554 1321 actione
2583 1264 2804 1319 deficiat
2827 1264 2988 1334 (Aug.
3016 1266 3165 1332 ibid.,
3194 1284 3248 1321 ιι.
3275 1269 3389 1337 I5).

1997 1359 2191 1417 CCXX
2215 1360 2383 1431 [Alias
2412 1356 2664 1427 CCXIX].
2704 1358 2720 1392 ι
2754 1354 2832 1409 De
2862 1358 3205 1413 simulationis
3232 1362 3388 1417 mala.

1977 1451 2242 1509 Simulata
2266 1450 2592 1513 innocentia,
2622 1463 2728 1502 non
2756 1456 2841 1502 est
2871 1447 3213 1515 innocentia;
3237 1453 3485 1512 simulata

1909 1544 2156 1614 aequitas,
2183 1557 2290 1595 non
2322 1550 2404 1595 est
2433 1540 2697 1609 :cquitas;
2725 1537 2821 1591 sed
2851 1537 3161 1609 duplicatur
3186 1556 3484 1609 peccatum,

1910 1634 1962 1690 in
1999 1648 2106 1703 quo
2145 1639 2227 1687 cst
2253 1639 2310 1686 et
2339 1629 2618 1700 iniquitas,
2661 1637 2715 1684 et
2753 1628 3029 1685 simulatio
3075 1629 3233 1700 (Aug.
3263 1648 3409 1687 cnar.
3438 1635 3488 1687 in

1911 1742 1991 1796 ps.
2024 1738 2174 1790 unt,
2206 1741 2260 1777 ιι.
2290 1722 2397 1792 Il).

1840 1817 1888 1881 Β
1913 1842 2123 1901 CCXXI
2158 1841 2324 1914 [Alias
2352 1836 2583 1907 CCXX].
2614 1845 2641 1873 ιι
2668 1835 2826 1914 Poena
2863 1837 3050 1891 animae
3065 1838 3326 1907 justitiam
3351 1839 3492 1893 dese.

2620 1919 2795 1961 rentts.

1985 2003 2175 2059 Anima
2222 2000 2485 2057 recedens
2539 2012 2570 2051 a
2627 1997 2748 2053 lucc
2773 1996 3015 2067 justiti-ae,
3064 2005 3265 2067 quanto
3324 1999 3496 2068 magis

1914 2095 2106 2167 qumrit
2138 2103 2163 2132 ν
2199 2091 2341 2163 quod
2388 2090 2627 2145 inveniat
2668 2088 3161 2157 contrajustitiam,
3198 2098 3345 2143 tanto
3377 2090 3495 2157 plus

1917 2184 2197 2256 repellitur
2218 2198 2249 2237 a
2277 2181 2477 2237 lumine
2505 2178 2766 2248 veritatis,
2802 2189 2855 2233 ct
2884 2179 2939 2233 in
2963 2178 3257 2234 tenebrosa
3282 2180 3494 2235 demer-

1915 2280 2056 2350 gitur
2086 2276 2244 2349 (Aug.
2275 2272 2449 2345 ibid.).

2016 2368 2252 2426 CCXXII
2284 2366 2449 2440 [Alias
2483 2364 2734 2436 CCXXI].
2764 2363 2843 2418 De
2869 2365 3068 2419 duabus
3091 2366 3399 2420 civitatibus.

1992 2464 2136 2519 Duas
2162 2464 2215 2518 in
2247 2470 2360 2517 toto
2390 2460 2589 2518 mundo
2619 2458 2868 2515 civitates
2897 2458 3099 2512 faciunt
3123 2460 3229 2514 duo
3250 2474 3496 2517 amores:

1921 2556 2225 2615 Jerusalem
2257 2554 2387 2610 facit
2432 2567 2584 2608 amor
2627 2551 2755 2615 Dei;
2801 2551 3172 2621 Babyloniam,
3218 2567 3373 2607 amor
3409 2568 3500 2606 sue-

1920 2651 2050 2707 cuIi.
2079 2649 2381 2719 Interroget
2407 2660 2535 2715 ergo
2564 2658 2623 2699 se
2650 2642 2877 2714 quisque
2908 2641 3036 2711 quid
3068 2651 3230 2707 amet,
3262 2652 3316 2697 et
3349 2643 3502 2697 inve-

1922 2744 2036 2800 niet
2060 2739 2205 2797 unde
2227 2738 2299 2796 sit
2327 2736 2460 2793 civis
2488 2737 2643 2809 (Aug.
2669 2751 2810 2789 enar.
2843 2734 2896 2788 in
2919 2751 2995 2805 ps.
3029 2749 3169 2797 Lstv,
3200 2750 3255 2788 n.
3284 2734 3365 2803 2).

1922 2852 2182 2913 CCXXIII
2208 2850 2375 2926 [Alitis
2393 2846 2664 2926 CCXXII].
2681 2855 2708 2883 ι
2748 2846 2897 2926 Quod
2933 2854 3243 2916 pi'teceptum
3271 2844 3369 2901 Dei
3397 2848 3503 2902 leue

2558 2920 2625 2973 sit
2649 2918 2865 2971 amanti.

1997 3020 2171 3076 Omne
2215 3020 2546 3085 praeceptum
2603 3008 2700 3065 Dei
2736 3008 2853 3063 leve
2893 3018 2979 3063 est
3017 3008 3217 3062 amanti
3250 3026 3262 3063 :
3295 3022 3395 3064 nec
3437 3008 3505 3065 ob

1924 3111 2070 3169 aliud
2100 3104 2415 3175 intelligitur
2435 3102 2662 3163 dictum,
2692 3096 2833 3152 Onus
2862 3112 3031 3151 meum
3062 3096 3164 3163 leve
3194 3104 3265 3148 est
3285 3091 3496 3163 (Matth,

304 3222 401 3280 Sic
427 3229 557 3277 sunt
586 3218 677 3290 qui
703 3185 893 3274 colunt
921 3215 1085 3284 idola,
1110 3185 1386 3287 quomodo
1414 3214 1507 3285 qui
1531 3212 1585 3268 in
1612 3210 1822 3270 somnis
1846 3190 1895 3256 C
1932 3218 2007 3266 st,
2038 3198 2155 3270 '50),
2188 3190 2458 3290 nisi-quia
2487 3188 2581 3290 dat
2623 3185 2888 3290 Spiritum
2928 3192 3208 3290 sanctum;
3228 3198 3322 3252 per
3351 3198 3509 3290 quem

242 3316 426 3373 vident
464 3329 625 3370 vana.
668 3312 725 3370 Si
769 3320 949 3367 autem
980 3310 1197 3381 evigilet
1238 3306 1417 3363 anima
1448 3306 1708 3377 ipsorum,
1743 3303 1829 3361 in-

241 3409 433 3480 telligit
457 3422 487 3462 a
513 3421 621 3478 quo
648 3405 790 3461 facta
820 3403 913 3472 sit,
959 3409 1015 3459 et
1048 3398 1067 3438 ι
1103 3414 1214 3457 non
1262 3398 1399 3456 colit
1423 3398 1564 3471 quod
1595 3398 1708 3468 ipsa
1741 3395 1825 3452 te—

241 3503 310 3557 cit
342 3500 505 3573 (Aug.
538 3497 692 3565 ibid.,
732 3514 784 3553 ιι.
819 3494 902 3568 4).

274 3589 509 3649 CCXVII
548 3588 715 3662 [Alias
738 3584 989 3657 CCXVI].
1020 3595 1062 3623 ιιι
1093 3582 1172 3640 De
1198 3581 1497 3655 corporibus
1534 3580 1791 3635 humanis.

313 3684 515 3742 Omnia
555 3681 802 3753 corporis
848 3678 1038 3747 nostri,
1076 3691 1197 3749 qum
1226 3685 1254 3714 ιι
1283 3675 1577 3744 discerpta,
1618 3671 1704 3728 vel
1733 3685 1837 3740 pu-

244 3776 495 3845 trefacta,
523 3774 611 3831 vel
646 3772 811 3830 etiam
853 3778 1219 3835 concremata,
1260 3767 1314 3823 in
1345 3765 1604 3838 quasdam
1642 3762 1833 3819 dissol-

245 3881 445 3927 vuntur
468 3866 707 3934 favillas,
736 3866 847 3922 Deo
867 3863 1048 3937 perire
1074 3875 1180 3918 non
1204 3868 1458 3933 possunt.
1484 3857 1546 3914 In
1571 3855 1663 3913 illa
1686 3855 1830 3912 enim

246 3965 517 4021 elementa
546 3959 735 4018 mundi
761 3966 915 4025 euut,
948 3956 1091 4013 unde
1124 3962 1340 4025 sumpta
1376 3959 1505 4009 sunt
1531 3950 1621 4007 illa
1675 3962 1838 4004 manu

247 4070 373 4128 qum
401 4060 549 4110 tenet
578 4050 757 4107 omnia
789 4049 946 4123 (Aug.
973 4047 1129 4114 ibid.,
1164 4063 1217 4100 ιι.
1246 4044 1327 4115 6).

424 4140 681 4202 CCXVIII
705 4140 871 4214 [Alias
908 4136 1187 4209 CCXVII].
1218 4144 1242 4173 ο
1267 4135 1348 4190 De
1387 4134 1474 4189 siti
1499 4134 1656 4188 bona.

315 4239 425 4309 Qui
454 4239 568 4295 Deo
596 4236 807 4302 sitiunt,
840 4241 953 4289 tota
989 4245 1086 4287 sua
1114 4229 1315 4285 debent
1341 4228 1493 4283 sitire
1517 4222 1679 4298 574
1705 4222 1835 4280 sub-

251 4332 472 4399 stantia,
513 4330 569 4386 id
613 4338 719 4395 est,
751 4334 808 4383 et
845 4324 1025 4381 anima
1066 4330 1122 4378 et
1158 4334 1349 4387 carne,
1389 4319 1513 4389 quia
1555 4327 1610 4374 et
1645 4316 1841 4372 anima:

324 4510 355 4539 ⁸
375 4498 467 4555 Sic
491 4496 591 4553 Ms.
622 4494 753 4557 .Iol.,
784 4505 907 4547 cum
933 4489 1024 4545 alii
1047 4487 1281 4543 habeant
1310 4482 1393 4557 pe
1417 4484 1625 4557 misero.

323 4570 354 4610 ιι
377 4552 461 4625 iis
482 4552 580 4623 its.
611 4552 887 4621 Joliensis.
930 4560 1035 4616 Alii
1063 4572 1274 4624 omnes,
1299 4555 1375 4611 De
1405 4554 1644 4610 remediis
1678 4552 1842 4606 tribu-

255 4643 524 4698 lationum.
1703 4650 1710 4658 ·

332 4724 355 4751 ⁸
381 4712 481 4767 Iis.
517 4708 731 4778 Remig.
759 4712 815 4760 et
832 4702 966 4772 10L,
986 4701 1146 4778 istius
1175 4699 1311 4778 vitm.

326 4780 353 4819 δ
383 4783 485 4838 Ms.
512 4769 746 4848 Remi§.,
770 4769 1018 4848 pracepit
1040 4781 1085 4848 et
1116 4769 1371 4842 promisit.

333 4864 357 4892 ⁸
383 4853 485 4908 Ms.
510 4852 646 4919 101.,
670 4843 883 4919 accipiet
911 4843 1158 4919 maritas.

333 4922 353 4961 ί
380 4903 484 4978 ἦέ.
504 4903 646 4986 Iul:
664 4918 739 4973 De
760 4903 995 4986 provectu
1013 4911 1245 4983 ﬁdelium
1264 4925 1354 4982 per
1375 4907 1702 4965 tentationes.
1732 4903 1838 4959 Alii

260 5006 491 5057 tantum,
526 4991 603 5063 De
631 4998 869 5063 provectu
895 4986 1161 5063 bonorum.

337 5047 490 5120 slis:
515 5047 647 5125 ιοι.ζ
670 5061 781 5115 sine
804 5056 1116 5129 probationis
1137 5053 1406 5129 examine;
1437 5059 1491 5107 et
1512 5047 1672 5121 paulo
1698 5052 1842 5117 post,

264 5137 365 5193 IIS.
398 5134 505 5191 Jol.
536 5123 643 5188 nisi
655 5123 922 5185 vicerit...
954 5127 1051 5181 nisi
1072 5123 1364 5180 certaverit.

334 5188 363 5244 ii
393 5188 570 5261 Cditio
622 5212 731 5260 vet.
773 5199 990 5270 Colon.,
1017 5195 1129 5253 Nec
1158 5193 1391 5260 certabit,
1437 5192 1539 5247 nisi
1579 5188 1846 5244 inimicum

266 5279 491 5429 “ita:
521 5345 655 5429 1.91.,
677 5341 765 5428 _D_e
792 5339 1304 5429 prmnuntiatioqibus
1331 5334 1718 5408 prophetarum.

352 5421 366 5470 i
400 5418 499 5474 Ms.
539 5410 908 5487 Ilemigianus,
941 5410 1378 5487 praedicabantur.

348 5489 377 5571 ξ
400 5488 501 5571 bis.
532 5479 764 5571 εξςιιιὶξη
792 5483 867 5571 De
893 5479 1033 5571 cultu
1061 5479 1342 5571 idolorum.

355 5538 770 5646 ιίἐξίξίξῇἷέί
801 5564 868 5640 .et
901 5538 1048 5623 IJol.,
1089 5568 1191 5607 non
1237 5550 1406 5615 colet;
1445 5554 1502 5603 et
1547 5552 1708 5601 lutea
1736 5538 1851 5613 μοι.

273 5648 405 5697 ms.,
442 5631 504 5687 Si
528 5630 699 5704 ngam
725 5630 920 5683 anima.

351 5702 517 5782 “Ps:
547 5692 1516 5782 ’0'»-D‘.£“'§T'“‘?°l“i‘lif§‘ﬁ‘fz_
1551 5744 1783 5782 --_.-_-..

351 5782 381 5811 ι
400 5773 594 5829 Colon.
616 5762 726 5827 vet.
745 5768 875 5826 edit.
895 5769 1144 5833 discreta;
1163 5772 1219 5821 et
1234 5765 1335 5822 sub
1359 5762 1521 5821 tinem
1548 5762 1856 5825 sentcntiae,

274 5861 401 5923 qua
415 5843 575 5905 donat
603 5842 793 5900 omnia.

689 5942 960 6005 Panos.
1009 5937 1107 5999 LI.

1869 4483 1921 4545 D

1935 3290 2254 3353 dill'unditur
2274 3284 2513 3347 cliaritas
2542 3281 2592 3336 in
2625 3277 2881 3336 cordibus
2909 3277 3109 3332 nostris
3136 3273 3314 3346 (Rom.
3343 3289 3395 3339 v,
3429 3274 3513 3343 5),

1938 3400 1997 3445 ut
2066 3380 2340 3454 diligendo
2392 3376 2694 3447 liberaliter
2736 3370 3070 3437 iaciamus,r
3126 3368 3269 3437 quod
3318 3369 3405 3437 qui
3450 3367 3516 3421 ti-

1938 3477 2139 3538 mendo
2171 3472 2319 3537 facit,
2349 3466 2618 3525 serviliter
2659 3462 2821 3519 facit:
2857 3476 2955 3517 nec
3001 3469 3085 3516 est
3128 3460 3333 3515 amicus
3359 3461 3515 3524 recti,

1939 3566 2156 3641 quando
2186 3562 2390 3625 mallet,
2433 3556 2480 3613 si
2520 3554 2635 3611 ﬁeri
2679 3560 2885 3623 posset,
2932 3551 2984 3605 id
3013 3550 3155 3621 quod
3198 3559 3405 3606 rectum
3436 3561 3520 3605 cst

1942 3638 2050 3719 non
2073 3654 2255 3727 iuberi
2289 3651 2445 3722 (Aug.
2476 3660 2622 3701 enar.
2653 3646 2706 3698 in
2732 3661 2815 3711 ps.
2848 3657 3010 3709 vatt,
3038 3658 3091 3694 ιι.
3122 3638 3235 3709 I8).

2116 3741 2374 3803 CCXXIV
2408 3738 2573 3811 [Alias
2622 3732 2925 3803 CCXXIII].
2958 3732 3034 3786 De
3071 3730 3339 3784 clmritate.

2010 3836 2294 3897 Plenitudo
2332 3832 2467 3902 legis
2498 3826 2739 3884 cbaritas
2759 3834 2880 3879 est:
2920 3822 3045 3893 quia
3074 3837 3171 3891 per
3202 3821 3521 3876 cliaritatem

1938 3937 2030 3993 lex
2072 3928 2349 4000 impletur,
2398 3936 2510 3978 non
2541 3933 2636 3990 per
2676 3917 2929 3971 timorem
2962 3913 3138 3983 (Rom.
3172 3928 3289 3979 xm,
3324 3912 3437 3983 10).
3466 3913 3524 3969 In

1945 4035 2154 4089 tantum
2211 4022 2355 4078 enim
2404 4018 2537 4073 liunt
2583 4012 2830 4068 mandata
2881 4009 3123 4080 iustitiae,
3167 4009 3218 4062 in
3262 4018 3522 4078 quantum

1947 4120 2166 4191 adjuvat
2189 4114 2412 4186 spiritus
2436 4107 2621 4181 gratia:
2652 4104 2807 4177 (Aug.
2834 4100 2987 4167 ibid.,
3026 4118 3079 4154 ιι.
3118 4098 3235 4170 24).

2095 4205 2325 4267 CCXXV
2348 4203 2512 4277 [Alias
2532 4194 2831 4267 CCXXIV].
2860 4193 2937 4249 De
2959 4194 3192 4264 aperibus
3216 4194 3380 4247 bonis.

2024 4306 2140 4364 Non
2164 4309 2286 4360 sunt
2314 4298 2453 4353 bona
2487 4308 2670 4365 opera,
2703 4288 2810 4346 nisi
2837 4300 2957 4358 qua:
3000 4301 3093 4356 per
3120 4283 3279 4340 Iidem
3311 4295 3365 4340 et
3393 4284 3530 4340 dile-

2021 4484 2044 4509 ο
2075 4471 2174 4526 Ms.
2200 4464 2330 4527 10L,
2365 4458 2599 4527 Qualiter
2618 4450 2893 4527 sitiendum
2916 4447 2981 4500 sit
3010 4447 3136 4500 Deo.

2022 4556 2050 4594 ιι
2075 4520 2175 4597 bis.
2208 4520 2339 4597 101.,
2368 4520 2414 4584 ἆ
2438 4528 2609 4583 carnis
2633 4520 2941 4597 necessaria.

2022 4584 2049 4664 ἓι
2074 4584 2359 4666 ﬁii'réé’éi
2390 4599 2547 4655 editis
2573 4603 2627 4650 et
2649 4607 2751 4647 ms.
2772 4590 2990 4666 Co_lon.,
3018 4586 3126 4666 ipse
3151 4585 3299 4666 [acia
3329 4584 3525 4639 Emen-

1947 4656 2256 4743 dam-ashes.
2294 4656 2396 4727 ins.
2451 4667 2662 4743 Remig.
2699 4660 2882 4743 e_t.lol.
2934 4656 3345 4743 et.edit.Colon.
3390 4666 3524 4718 vet.,

1948 4724 2248 4825 Κῖὲιῖὲιὶᾢ
2277 4724 2490 4825 δξίῖθηιε
2531 4724 2649 4791 locis
2688 4735 2873 4797 citato,
2924 4728 3010 4799 qui
3038 4727 3158 4796 fecit
3206 4724 3380 4777 ambas
3424 4740 3526 4791 res,

1948 4812 2063 4899 ἐξ)έῖ
2080 4819 2239 4891 pascit
2264 4812 2439 4892 anibas
2467 4826 2584 4888 res:
2830 4874 2841 4885 .
3136 4866 3147 4877 ,
3254 4865 3264 4875 ,
3295 4862 3307 4875 ,

2024 4909 2044 4935 r
2074 4894 2198 4949 (Luc
2228 4886 2388 4941 verba
2420 4899 2473 4935 ιη
2513 4890 2617 4933 otto
2644 4883 2711 4949 Aet
2741 4883 2973 4949 agnoui:1
2998 4862 3533 4949 n0n_lnll}lllll¢f._ad°

1950 4932 2039 5024 dit
2058 4932 2392 5021 ὀὶὶῑίῖηζῖὶὲέζ
2423 4932 2610 5008 editio.
2642 4947 2745 5003 Ms.
2772 4944 2901 5010 ιρι..
2934 4941 3047 5008 Quo
3076 4935 3243 5024 studio
3272 4932 3533 4988 meditan-

1952 5021 2076 5094 dum
2103 5035 2167 5088 sit
2198 5030 2259 5082 de
2286 5027 2411 5081 Deo.
3164 5021 3174 5031 '

2026 5096 2491 5163 IMs.Jol.,dum
2527 5098 2714 5163 pacata
2791 5158 2802 5163 _
2948 5152 2958 5163 ,
3205 5144 3242 5163 η

2029 5181 2049 5215 τ
2371 5144 2827 5221 Densintulationis
2856 5152 3011 5208 malo.
3040 5148 3167 5213 Alii,
3194 5144 3273 5199 De
3296 5146 3540 5201 simulata

1953 5254 2266 5306 innocentia.
2736 5299 2746 5309 _
3000 5291 3011 5303 .
3342 5285 3354 5297 .

2030 5330 2055 5359 ιι
2083 5319 2159 5373 Ita
2192 5311 2354 5369 habet
2380 5322 2482 5363 ms.
2514 5304 2618 5360 Jol.
2649 5300 2748 5373 Alit
2780 5292 3104 5373 generaltus,
3127 5285 3440 5373 Delumtne.

2377 5356 2809 5466 quid'invenist'f
2849 5374 2903 5420 ct
2939 5372 3058 5432 post
3086 5356 3281 5431 pauca,
3309 5372 3414 5412 nis.
3445 5356 3550 5415 Re.-

1963 5449 2598 5587 m'£§:§‘.i’§.‘i’£i’f’iin,
2626 5511 2704 5565 De
2732 5512 2984 5587 praecepto
3016 5502 3163 5587 Dei.”

2036 5570 2629 5658 rEdiero—lonJveti,
2658 5570 2791 5658 quia
2814 5570 2951 5643 quod
2978 5575 3091 5658 quis
3125 5570 3351 5658 timendo
3403 5570 3551 5658 facit,

1964 5638 2551 5740 ser‘oillai‘lerfaci-t-{nec
2590 5638 2682 5708 est'
2705 5638 2906 5705 animus
2946 5638 3134 5711 rectus,
3175 5639 3382 5712 quando
3419 5638 3556 5693 mat.

1968 5752 2056 5820 let,
2090 5755 2193 5806 etc.

3048 5878 3112 5937 I3
