4006 6356
1725 302 1783 361 S.
1823 295 2159 358 PROSPERI
2189 292 2526 365 ΔρυιτΑΜ

3653 282 3750 345 ωε

508 428 745 488 ctionem
775 426 934 491 ﬁunt,
970 421 1096 495 quia
1123 420 1354 477 alterum
1406 416 1526 474 sine
1562 414 1725 489 575
1753 413 1926 470 altero
1963 411 2085 467 nul-
2112 413 2167 474 Α
2189 409 2351 466 etiam
2380 408 2571 465 volens
2592 418 2658 463 ea
2684 404 2994 473 defendere,
3021 400 3201 475 perdit
3227 399 3445 457 aditum
3469 397 3747 458 confessio.

505 518 616 578 lius
640 518 855 573 virtutis
879 516 1111 570 fructum
1149 510 1292 583 parit
1313 510 1477 582 (Aug.
1506 506 1662 575 ibid.,
1704 522 1761 560 n.
1786 503 1893 569 ﬂ;
1920 510 1967 560 et
1997 501 2090 557 lib.

510 609 577 668 de
594 609 775 666 Gratia
797 607 1006 673 Christi,
1037 622 1086 661 ε.
1113 603 1232 678 26).

511 721 769 781 DCXXVI
793 720 961 795 [Alias
980 714 1262 795 CCXXV].
1281 725 1315 795 ξ
1432 716 1579 786 lapsu
1602 714 1790 777 Adam,
1810 719 1862 766 et
1885 724 2095 767 conver-

1100 787 1242 845 sione
1267 787 1519 857 ﬁdelium.

585 893 669 949 Ab
694 906 759 947 eo
783 889 925 961 quod
953 887 1203 943 formavit
1233 887 1375 942 Deus
1404 889 1641 937 mutatus
1670 889 1751 935 est
1783 876 1978 944 Adam,
1996 874 2093 931 sed

513 987 569 1043 in
587 986 739 1056 pejus
758 992 883 1053 ,per
910 982 1247 1052 iniquitatem
1279 990 1432 1034 suam
1458 990 1480 1029 :
1509 974 1580 1028 ab
1605 987 1672 1028 eo
1701 969 1846 1042 quod
1874 977 2096 1040 operata

516 1089 601 1136 est
636 1078 913 1148 iniquitas,
953 1082 1232 1129 mutantur
1272 1069 1484 1137 ﬁdeles,
1524 1064 1622 1121 sed
1666 1065 1719 1119 in
1752 1062 1967 1127 melius,
2001 1074 2098 1130 per

513 1173 742 1243 gratiam
788 1169 907 1224 Dei.
942 1164 1033 1221 Ilta
1083 1179 1215 1235 ergo
1261 1158 1628 1229 mutstiotuit
1665 1150 2098 1227 praevaricatoris

514 1264 700 1338 primi,
731 1264 847 1317 haec
873 1258 1097 1315 mutatio
1125 1258 1368 1312 dexterae
1392 1261 1476 1307 est
1496 1248 1721 1339 Escelsi
1747 1245 1907 1318 (Aug.
1931 1247 1989 1298 in
2015 1258 2096 1314 ps.

514 1336 681 1417 axvm
709 1370 861 1410 smn.
895 1354 944 1419 1,
978 1368 1028 1404 n.
1063 1350 1128 1412 ‘2;
1163 1357 1211 1403 et
1237 1363 1355 1401 can.
1388 1340 1457 1400 15
1480 1338 1626 1396 conc.
1655 1340 1844 1395 Araus.
1867 1336 1952 1408 ιι).

514 1466 795 1529 CCXXVII
818 1465 988 1541 [Alias
1008 1458 1311 1532 CCXXVI].
1335 1458 1413 1543 De
1434 1455 1802 1527 temporalibus
1828 1448 2027 1505 deliciis
2052 1458 2099 1503 et

1255 1548 1401 1587 ωηιε.

585 1634 645 1689 In
671 1630 923 1704 praesenti
948 1628 1056 1684 vita
1081 1633 1138 1682 et
1156 1551 1367 1680 deficias
1390 1616 1717 1687 temporales
1738 1613 1927 1669 dulces
1946 1618 2095 1680 sunt,

515 1737 569 1788 et
611 1724 989 1781 tribulationes
1035 1716 1363 1788 temporales
1401 1727 1600 1767 amara:
1643 1717 1771 1764 sunt
1804 1726 1815 1761 :
1847 1706 1946 1763 sed
1978 1704 2101 1776 quis

2194 502 2279 559 nis
2299 501 2461 575 (Aug.
2489 502 2542 555 in
2570 516 2649 573 ps.
2678 514 2849 557 uvut
2874 514 3027 554 serm.
3048 497 3107 564 2,
3136 513 3194 553 n.
3227 495 3303 567 Ι).

2195 611 2477 673 ccxxx"
2514 611 2684 684 {Alias
2725 606 3032 684 ccxxxt].
3068 606 3083 684 ξ
3113 605 3269 684 Quod
3310 604 3449 661 Deus
3486 606 3749 665 misericors

2679 684 2745 736 sit
2773 683 2827 736 in
2849 678 3286 735 tribulationibus.

2266 775 2407 832 Cum
2452 773 2596 831 Deus
2652 775 2912 845 permittit
2958 782 3051 827 aut
3100 770 3235 826 facit
3288 777 3349 825 ut
3387 767 3565 840 aliqua
3608 768 3750 843 576

2196 869 2547 927 tribulatione
2592 882 2871 937 vexemur,
2913 865 3075 922 etiam
3124 872 3253 918 tunc
3293 863 3600 918 misericors
3639 871 3750 917 est:

2197 964 2321 1033 quia
2351 964 2596 1019 excitans
2633 960 2815 1025 ﬁdem,
2866 969 2923 1016 et
2950 956 3210 1013 differens
3251 970 3434 1025 opem,
3473 968 3582 1010 non
3616 955 3749 1009 ausi-

2200 1053 2330 1109 lium
2363 1061 2547 1123 negat,
2578 1050 2718 1107 sedi
2751 1049 3079 1106 desiderium
3111 1057 3292 1103 movet
3319 1044 3477 1116 (Aug.
3506 1044 3671 1113 ibist).

2199 1163 2512 1225 CCXXXIII
2560 1164 2746 1238 {Alias
2790 1157 3196 1245 OCXXXlilJ
3227 1157 3303 1214 De
3338 1155 3578 1211 divitibus
3616 1154 3755 1212 (νηί.

2895 1242 3097 1288 stianis.

2274 1330 2482 1386 Divites
2508 1327 2826 1394 Christiani,
2856 1326 2904 1381 si
2929 1325 3041 1382 veri
3067 1322 3360 1383 Christiani
3389 1330 3540 1389 sunt,
3562 1333 3759 1391 prorsus

2200 1439 2467 1496 pauperes
2492 1433 2649 1488 sunt;
2681 1431 2736 1478 et
2762 1423 2817 1477 in
2852 1418 3260 1490 comparatione
3286 1416 3588 1474 cmlestium
3609 1414 3758 1469 bono-

2201 1531 2325 1573 rum
2351 1531 2471 1586 quas
2492 1524 2733 1585 sperant,
2761 1528 2922 1569 omne
2947 1526 3137 1567 aurum
3171 1526 3329 1567 suum
3357 1524 3582 1566 arenam
3608 1508 3759 1576 depu-

2202 1616 2341 1673 tant,
2364 1607 2489 1678 quia
2517 1606 2591 1661 ibi
2617 1606 2844 1676 quisque
2891 1604 3054 1659 habet
3081 1603 3298 1659 divitias
3337 1614 3484 1668 suas,
3518 1598 3611 1655 ubi
3633 1600 3761 1655 dele-

2204 1700 2498 1756 ctationem
2529 1697 2688 1769 (Aug.
2717 1695 2874 1763 ibid.,
2904 1712 2959 1750 n.
2992 1696 3105 1765 lt).

515 1836 624 1880 non
673 1820 826 1874 bibat
874 1814 1240 1872 tribulationis
1289 1809 1562 1881 poculum,
1615 1814 1866 1867 metuens
1911 1803 2089 1873 ignem

2284 1811 2590 1869 CCXXXIV
2621 1809 2792 1885 [Alias
2816 1808 3170 1883 CCXXXIII].
3202 1808 3277 1863 De
3306 1808 3411 1879 ﬁde
3437 1806 3673 1863 Abrahae.

516 1909 930 1985 gehennarum?
977 1918 1030 1963 et
1075 1908 1195 1976 quis
1239 1918 1347 1959 non
1397 1908 1711 1958 contemnat
1754 1895 2097 1952 dulcedinem

517 2006 725 2073 saeculi,
761 2004 980 2059 inhians
1003 2000 1157 2056 bonis
1179 2006 1397 2054 aeterna:
1420 1996 1545 2051 vita:
1568 1994 1731 2067 (Aug.
1752 1993 1808 2046 in
1832 2008 1911 2064 ps.
1936 2003 2100 2044 vatn

517 2115 667 2159 scrin.
702 2097 728 2149 1
762 2114 816 2149 n.
846 2097 937 2165 3)?

656 2187 963 2248 ccxxvm
982 2185 1146 2259 [Alias
1168 2179 1496 2253 ccxxvn].
1528 2178 1558 2219 ι»
1581 2177 1658 2233 De
1687 2176 1954 2232 Trinitate.

586 2286 645 2340 ln
673 2283 938 2338 Trinitate
979 2278 1165 2334 divina
1198 2284 1345 2331 tanta
1376 2282 1461 2330 est
1504 2270 1822 2327 substantia:
1843 2279 1865 2307 ο
1896 2268 2099 2331 unitas,

518 2385 579 2435 ut
637 2374 997 2446 mqualitatem
1052 2374 1257 2435 teneat,
1309 2365 1673 2438 pluralitatem
1728 2376 1835 2417 non
1878 2358 2104 2429 recipiat

516 2468 675 2544 (Aug.
703 2465 851 2531 ibid.,
880 2481 935 2518 η.
966 2460 1043 2533 5).

518 2579 773 2643 CCXXIX
805 2579 969 2652 [Alias
998 2569 1349 2643 CCXXVIII].
1374 2568 1403 2609 ἀ
1446 2570 1665 2625 Nullam
1700 2568 1826 2623 mali
1872 2582 1979 2624 esse
2009 2580 2103 2622 na-

1210 2654 1398 2698 turam.

499 2739 515 2771 ⁸
586 2746 776 2802 Omnia
806 2759 904 2814 per
939 2739 1169 2795 Verbum
1191 2736 1328 2791 facta
1351 2743 1499 2803 sunt,
1530 2742 1584 2789 et
1611 2733 1730 2787 sine
1753 2732 1872 2801 ipso
1898 2729 2103 2785 factum

514 2848 601 2899 ut
626 2837 761 2894 nihil
789 2834 969 2908 (Joan.
1000 2847 1042 2897 ι,
1075 2833 1153 2900 5).
1184 2828 1319 2883 Cum
1354 2836 1376 2864 ⁸
1404 2829 1586 2895 itaque
1630 2824 1896 2880 universis
1944 2830 2097 2877 natu-

518 2947 592 2992 ra:
622 2946 719 3001 per
748 2927 983 2983 Verbum
1014 2924 1111 2978 Dei
1142 2922 1298 2976 facta:
1326 2928 1474 2985 sunt,
1514 2916 1771 2989 iniquitas
1801 2931 1898 2986 per
1928 2915 2101 2985 ipsum

517 3022 658 3081 facta
681 3037 787 3077 non
816 3027 919 3085 est,
953 3017 1078 3087 quia
1105 3015 1362 3085 iniquitas
1391 3011 1539 3067 nulla
1563 3010 1869 3066 substantia
1897 3015 2024 3065 est:
2050 3017 2105 3064 et

520 3118 798 3188 peccatum
829 3125 933 3165 non
962 3118 1152 3162 natura
1177 3116 1283 3169 est,
1316 3104 1411 3161 sed
1443 3104 1632 3158 vitium
1665 3111 1894 3167 naturae,
1928 3100 2103 3171 idap-

521 3206 759 3279 petentis
785 3200 929 3274 quod
955 3214 1062 3255 non
1092 3205 1176 3253 est
1206 3196 1409 3252 ordinis
1438 3194 1522 3250 sui
1546 3194 1705 3266 (Aug.
1727 3191 1905 3265 ibid.).

497 3352 499 3355 .
587 3314 825 3375 ccxxx
865 3312 1041 3387 [Alias
1070 3306 1439 3434 0οξἒὶξῶ¹
1476 3306 1616 3422 Quid
1654 3306 1915 3362 sublatum
1964 3294 2029 3362 sit

1211 3395 1400 3433 laDOIO.
1571 3411 1585 3422 ο

586 3478 865 3537 Sublatum
904 3484 990 3530 est
1017 3473 1235 3529 diabolo
1260 3471 1553 3541 iniquitate
1583 3483 1677 3525 sua
1702 3479 1728 3519 ε
1758 3472 1964 3540 vincto,
1989 3485 2098 3528 non

523 3572 661 3646 quod
688 3568 921 3626 habebat
941 3566 1244 3637 proprium,
1273 3564 1367 3620 sed
1391 3562 1533 3635 quod
1556 3573 1810 3634 rapuerat
1836 3563 2097 3621 alienum.

523 3660 830 3723 Aufer-endo
866 3657 1010 3715 enim
1038 3656 1287 3712 Christus
1316 3670 1437 3726 qua!
1480 3654 1548 3710 de
1579 3670 1767 3726 magna
1797 3656 1914 3726 ejus
1938 3656 2101 3712 domo

521 3759 823 3835 perierant,
884 3766 990 3808 non
1037 3749 1239 3805 furtum
1291 3749 1457 3815 fecit,
1500 3749 1597 3805 sed
1646 3746 1848 3804 furtum
1896 3747 2108 3820 recepit

521 3849 679 3921 (Aug.
700 3846 851 3912 ibid.,
878 3861 932 3898 η.
957 3840 1036 3914 9).

521 3937 780 3997 CCXXXI
812 3936 982 4007 (Alias
1009 3928 1291 4002 CCXXX].
1318 3929 1395 3986 De
1420 3931 1777 4002 profunditate
1800 3931 2104 4001 iniquitatis.

593 4033 746 4087 Tunc
762 4027 1035 4082 hominem
1064 4022 1340 4079 concludit
1361 4018 1389 4058 δ
1415 4021 1753 4092 profunditas
1783 4023 2106 4095 iniquitatis,

523 4121 739 4193 quando
782 4133 892 4174 non
942 4116 1119 4171 solum
1164 4114 1451 4169 immersus
1502 4112 1740 4185 peccatis
1772 4113 1957 4185 jacet;
2009 4118 2105 4174 sed

595 4255 743 4310 ﬂMs.
772 4251 905 4317 Iol.,
937 4250 1011 4305 De
1053 4249 1337 4304 mutatione
1366 4250 1555 4303 Adam.
1602 4248 1790 4305 Melius
1833 4249 1994 4317 forte,
2032 4253 2106 4308 De

523 4325 891 4383 mutationibus
920 4320 1306 4394 apposuistAd
1349 4322 1562 4390 plenam
1594 4320 1885 4394 sententire
1917 4323 2102 4394 subje-

523 4409 624 4455 cta:
662 4392 1065 4462 intelligentiam
1095 4389 1368 4469 addimus,
1409 4402 1454 4447 et
1486 4393 1815 4447 conversione
1850 4389 2101 4461 ﬁdelium,

524 4461 850 4523 auctoritate
875 4473 1052 4518 textus
1079 4461 1269 4516 uestri.

598 4538 625 4578 δ
651 4536 750 4592 Ms.
774 4533 908 4597 Jol.,
932 4530 1011 4587 De
1038 4536 1230 4586 unitate
1262 4528 1550 4589 Trinitatis.

601 4618 623 4647 ε
651 4607 749 4661 Ms.
783 4603 1023 4674 Remig..
1056 4602 1338 4674 substantia
1370 4615 1416 4657 et
1446 4606 1636 4659 unitas.

597 4675 625 4717 τι
650 4677 750 4733 Ms.
782 4668 1057 4738 Jolieu'sis,
1084 4671 1304 4725 Nullam
1335 4674 1461 4729 mali
1486 4691 1594 4729 esse
1623 4686 1884 4730 naturam.
1908 4676 2102 4733 Colon.
2135 4668 2187 4729 D

528 4758 636 4806 vet.
670 4748 827 4812 edit.,
860 4745 1011 4813 Quod
1034 4744 1170 4797 mala
1195 4744 1296 4795 sint
1322 4755 1512 4798 creata.
1544 4745 1661 4799 Non
1686 4748 1846 4815 bene,
1878 4759 1936 4803 ut
1960 4748 2109 4805 vide-

530 4835 636 4887 tur,
668 4821 770 4875 nisi
804 4819 950 4887 legas
978 4830 1099 4887 cum
1134 4826 1366 4883 negante
1394 4817 1678 4887 particula.

601 4882 631 4929 θ’
648 4891 745 4945 Ms.
790 4882 1022 4959 Re'mig.,
1053 4882 1184 4940 Cum
1214 4882 1425 4959 usque;
1451 4886 1551 4959 Ms:
1584 4886 1689 4943 Jol.
1726 4897 1849 4958 post
1876 4902 2046 4959 pauca
2078 4905 2109 4946 a

527 4962 698 5035 prima
712 4954 1060 5028 mauu,fa’ctte
1087 4959 1188 5011 sint
1212 4971 1230 5021 ;
1258 4954 1322 5011 et
1340 4955 1479 5011 infra
1508 4954 1698 5013 Colon.
1729 4954 1841 5014 'vet.
1872 4954 2031 5029 edit.,
2054 4961 2110 5016 id

528 5042 792 5106 appetens.

603 5104 625 5143 ί
651 5104 861 5179 ltams.
891 5097 1163 5179 Joliensis.
1201 5097 1324 5179 Alii.
1354 5095 1725 5179 Deiniguitate
1750 5101 1962 5179 diaboli.

603 5184 630 5221 ς
656 5172 844 5228 Colon.
890 5179 998 5224 vet.
1031 5168 1183 5233 edit.,
1230 5169 1380 5221 vieto.
1422 5167 1633 5228 Melius.
1677 5172 1864 5225 uineta.
1902 5172 2109 5227 Alludit

530 5246 675 5302 enim
724 5243 789 5297 ad
821 5242 1018 5304 locum,
1069 5238 1255 5292 Matth.
1294 5251 1391 5302 xu,
1441 5238 1512 5293 29
1555 5257 1565 5293 :
1603 5238 1771 5294 Nemo
1808 5243 1861 5295 in
1904 5244 2108 5297 domum

531 5318 681 5388 fortis
706 5314 883 5388 int_r_at,
917 5318 965 5363 et
992 5324 1111 5361 vasa
1143 5310 1253 5378 ejus
1285 5308 1484 5388 diripit,
1519 5310 1781 5388 nisi‘pr‘ius
1821 5313 2107 5383 alligaverit

531 5380 737 5457 'fortem.
767 5381 912 5457 Idem
951 5389 1156 5457 postea,
1182 5393 1283 5431 non
1311 5380 1447 5457 quod
1476 5394 1585 5457 non
1617 5380 1790 5457 {tabuit
1818 5380 2102 5457 mgprium,

530 5447 621 5509 sed
645 5451 777 5519 quod
820 5458 1057 5519 rapuerat
1087 5447 1330 5501 alienum.
1377 5450 1673 5519 Auferendo
1703 5447 1837 5505 enim
1874 5447 2107 5509 Christus

530 5518 801 5595 dentagna
820 5518 980 5595 domo
1002 5518 1111 5595 ejus
1140 5535 1254 5589 qua:
1281 5518 1569 5595 perierant,
1612 5535 1714 5574 non
1741 5524 1937 5595 furtum
1966 5527 2101 5595 fecit.

468 5600 471 5605 '
528 5586 791 5669 Aliorum.
820 5586 1029 5642 lectioni
1064 5586 1210 5669 favet
1248 5586 1492 5669 qitodait
1526 5586 1753 5669 August:
1782 5592 1904 5649 luco
1940 5586 2106 5651 citato

530 5666 589 5723 in
627 5661 885 5735 margine,
938 5660 1223 5735 respondet
1259 5661 1347 5713 tibi
1399 5660 1713 5735 (Dominus)
1750 5674 1872 5718 uasa
1904 5665 2005 5720 ista
2043 5669 2107 5720 de

529 5750 728 5880 arma:
748 5730 914 5874 itaut;
955 5744 1068 5784 mea
1116 5730 1420 5800 perierant,“
1452 5748 1557 5789 non
1607 5730 1807 5805 furtum
1847 5736 1970 5806 feci,
2016 5738 2108 5795 sed

594 5818 728 5862 riunt
748 5815 934 5874 recept.

2126 3190 2177 3261 C

2272 1927 2433 1984 Fides
2469 1925 2726 1991 Abrahae,
2775 1939 2964 1982 semen
2992 1935 3076 1981 est
3123 1922 3379 1979 Abralm.
3432 1921 3665 1978 Proinde
3690 1920 3767 1991 qui

2206 2021 2481 2091 pertinent
2528 2020 2595 2075 ad
2642 2018 2981 2076 credulitatis
3024 2016 3454 2081 similitudinem,
3489 2015 3591 2086 ipsi
3625 2015 3770 2084 perti-

2206 2123 2336 2171 nent
2364 2115 2427 2169 ad
2456 2112 2733 2170 baeredum
2765 2112 3182 2183 promissionem
3211 2108 3371 2181 (Aug.
3394 2107 3544 2175 ibid.,
3583 2123 3633 2162 n.
3662 2105 3767 2177 2i).

2203 2221 2489 2285 CCXXXV
2521 2226 2697 2302 [Alias
2738 2220 3100 2302 CCXXXIV].
3137 2218 3158 2261 ι
3186 2220 3263 2277 De
3311 2220 3688 2293 perseverantia
3724 2219 3769 2273 in

2920 2297 3077 2350 bona.

2274 2389 2443 2447 Nemo
2473 2387 2731 2453 fidelium,
2758 2386 3005 2459 quamvis
3029 2385 3253 2441 multum
3278 2382 3601 2454 profecerit,
3625 2380 3769 2447 dicat,

2200 2480 2417 2542 Sufﬁcit
2452 2480 2606 2536 mihi.
2638 2480 2741 2547 Qui
2782 2480 2925 2535 enim
2952 2477 3188 2543 dixerit,
3231 2476 3515 2540 remansit,
3542 2483 3603 2531 et
3638 2474 3773 2528 haesit

2205 2575 2261 2632 in
2296 2576 2384 2632 via
2414 2583 2539 2630 ante
2566 2573 2760 2638 tinem;
2792 2572 2883 2641 qui
2911 2585 3019 2627 non
3048 2580 3089 2608 ω
3121 2567 3492 2641 perseverabit
3527 2580 3699 2639 usque
3726 2564 3773 2620 in

2204 2669 2369 2726 ﬁnem
2400 2667 2563 2741 (Aug.
2594 2680 2739 2721 enar.
2762 2665 2816 2719 in
2838 2681 2917 2735 ps.
2946 2676 3096 2730 uix,
3125 2678 3183 2719 n.
3214 2660 3300 2733 8).

2204 2764 2513 2839 chxxw
2555 2779 2723 2854 [Alias
2754 2773 3132 2902 εοχιξέξνέίῖ
3161 2771 3317 2843 Quod
3357 2772 3525 2827 omnis
3556 2772 3696 2826 locus
3728 2768 3776 2822 in

2274 2942 2465 3000 Nullus
2487 2949 2513 2980 °
2534 2943 2590 2998 iu
2619 2942 2733 2997 Deo
2753 2939 2907 2996 locus
2935 2936 3040 3003 est,
3070 2948 3171 2993 nec
3195 2944 3281 2991 est
3319 2947 3430 3005 quo
3458 2932 3696 3004 iuﬁiatur
3717 2929 3776 2985 ab

2205 3037 2346 3107 ipso,
2376 3034 2479 3089 nisi
2510 3034 2577 3089 ad
2605 3035 2805 3103 ipsum.
2835 3028 2938 3098 Qui
2961 3028 3075 3085 vult
3092 3027 3323 3084 evadere
3348 3023 3640 3089 offensum,
3662 3035 3777 3079 con-

2202 3127 2373 3201 fugiat
2401 3126 2469 3183 ad
2506 3126 2772 3197 placatum
2812 3122 2970 3197 (Aug.
3001 3122 3055 3177 in
3084 3138 3163 3191 ps.
3193 3135 3297 3176 us
3342 3122 3495 3175 seriis.
3527 3119 3586 3185 1,
3616 3135 3671 3171 n.
3699 3115 3771 3187 5).

2277 3258 2610 3319 CCXXXVII
2642 3259 2810 3333 [Alias
2829 3252 3183 3325 CCXXXVI].
3207 3264 3234 3304 P
3257 3252 3334 3308 De
3356 3250 3557 3307 duabus
3586 3251 3715 3305 uitis.

2280 3376 2411 3432 Date
2449 3375 2575 3432 vita
2618 3382 2767 3442 sunt,
2796 3386 2903 3428 una
2938 3379 3023 3426 est
3063 3368 3327 3441 corporis,
3352 3366 3535 3423 altera
3580 3364 3779 3421 anima.

2211 3470 2364 3528 Sicut
2384 3471 2495 3525 vita
2525 3468 2773 3538 corporis
2809 3466 2988 3521 anima
3008 3506 3023 3531 ,
3053 3464 3133 3521 sic
3159 3461 3265 3517 vita
3294 3458 3491 3515 animae
3521 3458 3663 3514 Deus
3690 3474 3703 3509 :
3736 3464 3785 3512 et

2209 3562 2484 3634 quomodo
2531 3564 2581 3617 si
2630 3560 2811 3616 anima
2846 3557 3105 3621 deserat,
3151 3552 3385 3611 moritur
3433 3564 3667 3620 corpus;
3711 3545 3784 3602 sic

2208 3657 2391 3712 anima
2434 3654 2687 3719 moritur,
2724 3662 2753 3702 ιι
2786 3650 2835 3707 si
2856 3652 3078 3707 deserat
3113 3646 3255 3705 Deus
3284 3644 3449 3717 (Aug.
3480 3643 3533 3698 in
3557 3658 3639 3715 ps.
3669 3652 3783 3705 us,

2204 3759 2367 3805 ssrnt.
2401 3748 2437 3802 ε
2464 3762 2520 3801 ιι.
2546 3744 2626 3816 δ).

2280 3837 2638 3900 ccxxxvm
2668 3837 2834 3913 [Alias
2857 3833 3235 3906 CCXXXVII].
3264 3842 3288 3872 τ
3311 3832 3357 3888 A
3380 3846 3484 3904 φιο
3513 3830 3639 3886 bene
3662 3827 3726 3883 sit

2899 3927 3113 3983 homini.

2285 4030 2328 4085 A
2358 4041 2465 4100 quo
2492 4026 2656 4083 habet
2698 4025 2862 4081 homo
2892 4028 2951 4079 ut
2997 4024 3089 4090 sit,
3122 4028 3143 4058 ³
3170 4018 3317 4093 apud
3361 4018 3513 4074 illum
3546 4013 3712 4072 habet
3736 4018 3789 4068 ut

2211 4122 2263 4181 ei
2293 4122 2433 4179 bene
2461 4120 2532 4177 sit
2557 4120 2717 4194 (Aug.
2746 4120 2899 4187 ibid.,
2927 4134 2982 4173 n.
3016 4116 3094 4188 6).

2283 4253 2524 4315 hColon.
2550 4267 2659 4311 vet.
2707 4254 2861 4320 edit.,
2897 4250 3267 4324 profunditatis
3300 4246 3580 4324 iniquitas;
3620 4253 3673 4297 et
3702 4255 3791 4295 es-

2211 4327 2337 4384 dem
2359 4331 2501 4383 circa
2533 4327 2716 4392 linem,
2743 4316 2910 4395 perdit
2940 4316 3412 4395 ca'nfess-ianem,__et
3448 4316 3646 4395 aditum
3672 4326 3789 4395 eon-

2209 4400 2465 4524 ﬁasaianis.
2498 4399 2645 4467 Haec,
2674 4384 3065 4467 confessionem,
3111 4403 3155 4446 et
3183 4393 3235 4446 in
3269 4389 3419 4445 nullo
3456 4390 3560 4442 alio
3602 4384 3791 4440 codice

2255 4485 2282 4524 a
2324 4482 2503 4524 eutur.

2255 4482 2503 4524 auentur.

2288 4539 2303 4577 ί
2335 4540 2410 4595 Ita
2440 4552 2543 4594 ms.
2570 4536 2850 4593 .loliensis.
2878 4537 2936 4591 In
2967 4536 3106 4597 aliis,
3135 4532 3213 4588 De
3238 4531 3437 4587 auxilio
3463 4527 3580 4585 Dei.

2288 4612 2301 4660 ἱ
2336 4611 2436 4665 Ms.
2461 4609 2717 4665 .Ioliensis
2741 4607 2995 4662 desideria
3023 4613 3207 4659 movet.

2241 4679 2436 4806 ibisbis.
2466 4679 2724 4738 Joliensis
2764 4690 2916 4735 recte
2954 4675 3164 4732 addidit
3206 4687 3396 4729 vocem
3434 4673 3619 4738 istam,
3660 4667 3793 4722 divi-

2211 4760 2365 4806 tibus.

2292 4820 2433 4877 ‘Ms.
2465 4821 2741 4886 Joliensis,
2773 4817 2852 4875 De
2874 4815 3387 4891 profectuﬁdelium.

2284 4901 2327 4929 ιι
2348 4894 2446 4947 Ms.
2469 4893 2577 4949 Jol.
2606 4902 2666 4948 et
2690 4881 2886 4947 C'olunl
2917 4881 3031 4945 vet.
3056 4881 3214 4953 edit.,
3240 4881 3655 4955 perseveraverit.

2286 4970 2315 5000 ιι
2336 4963 2412 5040 l_ta
2565 4947 2841 5040 .loliensis.
2873 4961 2972 5040 Alii
3001 4947 3543 5040 mpes'g'enwatim,.
3559 4947 3793 5040 ‘Dea.

2286 5040 2314 5070 ο
2339 5036 2689 5099 Suspicamur
2712 5033 3025 5104 legendum,
3076 5023 3259 5085 Omnis
3291 5028 3344 5080 in
3376 5025 3492 5104 Deo.
3526 5023 3669 5078 locus
3700 5027 3795 5104 est,

2216 5113 2310 5177 aut
2340 5088 2677 5177 ivi/iunias
2698 5088 2807 5177 De;
2834 5088 3111 5177 locusest;
3138 5110 3247 5177 tum
3277 5111 3343 5153 ex
3377 5096 3536 5177 titulo
3571 5106 3674 5175 ius.
3706 5088 3799 5177 {of

2212 5160 2419 5239 liensis,
2469 5160 2580 5231 tum
2621 5184 2686 5232 ex
2729 5173 2847 5242 ipso
2892 5173 3174 5242 Augustini
3219 5178 3371 5224 textu
3405 5186 3417 5219 :
3456 5164 3624 5242 Ερρή
3671 5160 3801 5242 πιἱῷ

2212 5248 2372 5301 alium
2403 5234 2570 5301 locum
2592 5234 2809 5317 elegero,
2827 5234 3007 5317 salvus
3018 5258 3124 5297 esse
3144 5257 3245 5317 nan
3266 5248 3460 5317 potero.
3486 5234 3631 5305 Elige
3670 5239 3801 5317 certe

2212 5316 2385 5382 homo,
2429 5320 2475 5372 si
2503 5303 2776 5380 inveneris,
2796 5303 3155 5369 munitiorem.
3189 5303 3314 5365 Non
3346 5315 3422 5363 est
3444 5303 3690 5382 ergaun
3710 5303 3799 5369 III-

2210 5373 2384 5458 giatur
2424 5389 2636 5455 abillo,
2670 5373 2774 5441 nni
2813 5388 2881 5440 ad
2917 5386 3090 5440 illum.
3133 5383 3196 5439 si“
3228 5382 3303 5437 eis
3341 5373 3554 5433 evadere
3570 5373 3801 5436 iratum.

2212 5460 2335 5529 fuge
2354 5459 2423 5513 ad
2454 5459 2735 5529 placatum.

2285 5521 2429 5583 His.
2454 5521 2736 5590 iloliensis.
2770 5528 2925 5595 Quod
2956 5526 3075 5581 duc
3098 5525 3216 5579 vite
3249 5521 3370 5595 sint.

2287 5610 2315 5649 ει
2332 5600 2431 5655 Ms.
2454 5600 2646 5656 Colon.
2672 5590 2963 5661 vetfedit”
2992 5598 3038 5651 si
3067 5598 3265 5651 deserat
3296 5590 3545 5646 Christus.

2288 5680 2310 5708 ι’
2339 5673 2431 5728 Sic
2454 5685 2557 5726 ms.
2588 5670 2871 5727 Joﬁemis.
2901 5666 3029 5733 Alii,
3060 5665 3141 5721 De
3167 5664 3394 5733 homine.

2287 5746 2311 5779 ι
2334 5716 2431 5799 ἦὶῖ
2454 5716 3175 5808 Σὶῖίξῶἧξίῖῖῖιῖ’ίῐιᾙὶαῐὶιέ
3188 5716 3263 5793 tn
3294 5716 3620 5805 Augustino,
3650 5716 3807 5797 apud

2214 5811 2384 5885 Illum,
2417 5827 2475 5873 ut
2499 5816 2553 5872 in
2572 5814 2693 5872 aliis
2716 5810 3018 5870 codicibus.
