4006 6356
269 304 377 365 ιιι

386 416 699 476 CCXXXIX
723 418 889 491 [Alias
909 415 1314 487 CCXXXVIII].
1337 414 1414 469 De
1443 415 1750 469 obedientia.

343 510 592 569 Perfecte
636 510 776 566 Deus
815 510 1204 578 evidenterque
1246 508 1559 563 monstravit
1597 517 1856 578 quantum

267 606 347 666 sit
393 605 600 662 bonum
646 603 975 670 obedientia,
1014 619 1134 659 curn
1177 603 1452 658 hominem
1509 602 1564 658 in
1607 603 1859 674 paradiso

273 703 510 772 positum
538 710 566 738 ι
597 701 666 756 ab
693 714 757 755 es
804 715 867 756 re
895 697 1186 770 prohibuit,
1217 713 1339 768 qua
1387 713 1497 754 non
1540 708 1660 753 erat
1691 697 1852 753 mala.

272 792 399 849 Sola
431 792 460 832 ιι
487 793 562 848 ibi
605 791 911 848 obedientia
956 791 1133 860 potuit
1191 799 1375 847 tenere
1430 790 1694 860 palmam,
1741 790 1856 846 sola

271 885 637 942 inubedientia
670 895 694 924 ο
723 884 914 940 incidit
945 883 1002 939 in
1033 897 1246 953 panem
1283 882 1444 954 (Aug.
1479 882 1630 947 ibid.,
1661 899 1714 938 η.
1738 880 1814 952 Ἰ).

269 997 448 1056 CCXL
494 999 663 1073 [Alias
689 992 1219 1120 CCXXXI::];R‘:‘2¢
1272 994 1558 1050 eruditione
1613 995 1857 1049 bonorum

916 1084 1006 1137 per
1033 1083 1217 1122 malos.

337 1161 501 1233 577
529 1161 806 1216 Interdum
832 1159 990 1232 .Deus
1019 1174 1114 1228 per
1144 1157 1314 1213 malos
1342 1156 1522 1212 erudit
1548 1155 1740 1221 bonos,
1795 1165 1854 1213 et

268 1267 366 1323 per
414 1253 768 1320 temporalem
814 1251 1112 1321 potentiam
1157 1249 1588 1304 damnandorum
1632 1259 1857 1305 exercet

266 1343 606 1412 disciplinam
645 1342 1043 1400 liberandorum
1082 1341 1242 1414 (Aug.
1271 1357 1417 1397 enar.
1446 1341 1502 1396 in
1546 1358 1628 1413 ps.
1658 1356 1852 1405 ustu,

266 1453 320 1490 η.
353 1435 433 1505 8).
503 1501 708 1560 CCXLI
738 1477 1158 1578 [Alias’CCXL].
1185 1499 1264 1558 De
1289 1505 1628 1574 confessione.

339 1595 495 1666 Apud
519 1594 948 1651 misericordiam
982 1595 1074 1651 Dei
1099 1595 1384 1666 plurimum
1416 1596 1556 1649 valet
1579 1593 1854 1652 confeSsio

265 1689 595 1760 paenitentis,
637 1703 793 1758 quem
842 1687 970 1742 facit
1019 1695 1269 1757 peccator
1310 1685 1616 1741 conﬁtendo
1665 1687 1851 1757 propi-

730 305 936 362 LIBER
976 300 1518 362 SENTENTIARUM
1560 301 1651 359 EX
1687 301 2026 362 OPERIBUS
2065 304 2124 362 S.
2165 303 2542 364 AUGUSTINI
2576 307 3088 369 DELIBATARUM.

1887 419 1934 479 Α
1998 413 2270 475 CCXLVII
2301 419 2466 491 [Alias
2497 419 2795 504 CCXLVI].
2821 422 2862 504 ιι.
2891 423 2967 479 De
3010 426 3360 486 benevolentia
3379 430 3516 504 justi

3440 316 3551 380 se

2589 510 2710 565 erga
2738 495 2940 567 impios.

2035 600 2111 657 De
2140 602 2514 661 benevolentia
2545 615 2649 674 est,
2683 621 2789 662 non
2817 607 2886 663 de
2917 609 3141 678 malitia,
3169 625 3292 669 cum
3336 613 3549 675 laatatur

1957 689 2134 761 justus
2177 693 2231 747 in
2273 692 2472 764 impios
2522 697 2850 766 processisse
2896 697 3209 768 vindictam,
3261 704 3385 774 quia
3437 722 3545 764 non

1960 787 2262 854 peccatoris
2291 787 2511 843 exitium
2543 789 2739 859 placet,
2785 805 2949 861 quem
2977 792 3147 848 voluit
3175 798 3411 868 corrigi;
3447 801 3542 856 sed

1953 875 2159 945 justitia
2190 877 2305 943 Dei,
2355 893 2464 949 qua
2509 880 2613 936 scit
2659 881 2858 938 multos
2905 897 3067 954 posse
3109 891 3349 944 converti
3383 892 3540 962 (Aug.

1957 981 2102 1020 enar.
2133 968 2187 1021 in
2216 983 2294 1036 ps.
2320 983 2542 1036 uxvnt,
2575 987 2630 1024 n.
2661 969 2770 1042 14).

1954 1076 2250 1135 CCXLVIII
2289 1078 2453 1151 [Alias
2493 1078 2813 1162 CCXLVII].
2842 1080 2867 1162 _1
2903 1082 2983 1139 De
3029 1086 3358 1146 simulatione
3401 1095 3543 1162 pacis

2566 1168 2680 1205 cum
2708 1154 2934 1208 inimico.

2026 1241 2142 1298 Non
2175 1242 2338 1298 vincit
2359 1244 2412 1299 in
2439 1244 2584 1300 bono
2611 1246 2830 1312 malum,
2856 1248 2946 1318 qui
2973 1251 3026 1304 in
3056 1251 3340 1321 superﬁcie
3362 1254 3538 1312 bonus

1956 1343 2058 1404 est,
2091 1343 2144 1390 et
2189 1335 2242 1390 in
2272 1336 2383 1391 alto
2416 1337 2612 1405 malus,
2663 1352 2826 1408 opere
2875 1353 3116 1408 parcens,
3168 1341 3332 1418 578
3373 1348 3540 1404 corde

1955 1429 2399 1497 saviensgmanu
2422 1431 2588 1497 mitis,
2617 1432 2892 1488 voluntate
2919 1434 3154 1492 crudelis
3179 1440 3341 1510 (Aug.
3361 1441 3536 1514 ibid.).

1991 1522 2244 1579 CCXLIX
2278 1524 2446 1596 [Alias
2468 1522 2809 1597 CCXLVIII].
2843 1534 2881 1562 ω
2917 1525 2989 1581 De
3016 1544 3193 1583 amore
3220 1541 3267 1585 et
3295 1533 3498 1589 timore.

2025 1614 2107 1671 Ad
2139 1629 2298 1670 omne
2341 1629 2478 1683 opus
2506 1615 2706 1671 bonum
2749 1630 2900 1672 amor
2925 1618 3094 1686 ducit,
3125 1630 3180 1676 et
3219 1621 3379 1679 timor
3408 1626 3536 1696 Dei;

1954 1705 2022 1762 ad
2052 1721 2212 1763 omne
2250 1715 2526 1776 peccatum
2572 1721 2723 1763 amor
2746 1708 2914 1775 ducit,
2953 1718 3010 1765 et
3038 1713 3198 1768 timor
3227 1716 3431 1771 mundi.
3467 1717 3537 1775 Ut

267 1782 421 1846 tium,
451 1795 610 1850 quem
639 1781 882 1850 negando
920 1795 1026 1836 non
1060 1778 1187 1834 facit
1213 1779 1457 1835 nescium
1504 1777 1666 1850 (Aug.
1703 1795 1841 1833 enar.

1971 1813 2084 1869 ergo
2132 1797 2569 1868 apprehendatur
2616 1799 2838 1868 bonum,
2888 1809 2943 1856 et
2972 1801 3270 1860 declinetur
3314 1807 3534 1878 malum,

264 1875 317 1928 in
340 1890 422 1944 ps.
453 1888 633 1937 Lutv,
663 1889 715 1926 n.
745 1870 824 1942 5).

263 1959 494 2022 CCXLI!
538 1963 700 2037 [Alias
729 1961 977 2089 CCXLI};
992 1973 1044 2088 8°C
1049 1962 1228 2089 59:12):
1261 1979 1365 2018 non
1413 1964 1479 2018 sit
1524 1961 1854 2035 gloriandum

337 2125 630 2182 Romilium
693 2127 865 2182 virtus
915 2133 1001 2181 est
1051 2124 1118 2181 de
1163 2125 1385 2181 scientia
1432 2139 1538 2180 non
1593 2123 1850 2193 gloriari:

265 2219 388 2290 Qui:
437 2218 743 2274 communis
774 2227 857 2272 est
898 2218 1187 2282 omnibus;
1214 2214 1397 2272 sicutf
1429 2231 1558 2272 usus
1590 2217 1744 2283 lucis,
1781 2216 1851 2270 ita

269 2310 607 2382 participatio
626 2311 864 2365 veritatis
895 2310 1052 2381 (Aug.
1079 2327 1223 2365 enar.
1257 2311 1310 2363 in
1340 2326 1420 2380 ps.
1453 2325 1620 2378 uxv,
1649 2327 1702 2366 η.
1736 2308 1846 2377 17).

261 2415 510 2480 CCXLI"
541 2421 711 2497 [Alias
739 2421 1005 2495 CCXLIIJ.
1052 2424 1285 2492 Qualiter
1329 2433 1578 2495 regantur
1613 2439 1848 2493 corpora.

333 2519 358 2565 tr
388 2516 504 2571 Non
537 2523 686 2572 caret
718 2517 865 2586 regia
910 2527 1198 2587 potestate,
1231 2516 1324 2587 qui
1355 2516 1570 2585 corpori
1615 2531 1713 2570 suo
1751 2531 1849 2571 no-

265 2607 396 2664 verit
449 2608 843 2663 rationabiliter
885 2609 1172 2679 imperare.
1228 2609 1367 2663 Vere
1415 2607 1719 2664 dominator
1769 2587 1852 2663 est

266 2711 423 2758 terra:
473 2702 565 2772 qui
622 2716 841 2756 carnem
892 2713 1042 2758 suam
1097 2701 1239 2773 regit
1285 2700 1496 2770 legibus
1550 2700 1850 2771 disciplinae

267 2794 423 2865 (Aug.
450 2792 604 2857 ibid.,
631 2809 684 2846 η.
712 2792 827 2864 t8).

327 2905 566 2963 CCXLIV
600 2907 766 2978 [Alias
796 2903 1087 2977 CCXLIII].
1116 2907 1144 2945 ιι
1177 2906 1254 2960 De
1283 2909 1485 2961 timente
1513 2925 1712 2979 poenam
1743 2918 1790 2962 et

810 2993 1012 3032 amante
1029 2979 1310 3049 justitiam.

327 3078 596 3146 Quantum
622 3077 688 3133 ad
711 3092 874 3148 opera
895 3076 1091 3133 attinet
1110 3093 1228 3148 qua:
1257 3077 1560 3134 forinsecus
1590 3083 1840 3149 aguntur,

1955 1889 2370 1946 discernendum
2415 1891 2654 1960 estquid
2702 1903 2756 1947 et
2794 1892 2942 1963 diligi
2995 1893 3210 1961 debeat,
3257 1907 3310 1953 et
3359 1900 3538 1958 timeri

1955 1982 2112 2055 (Aug.
2143 2000 2286 2038 enar.
2318 1987 2371 2038 in
2403 2002 2481 2055 ps.
2518 2001 2712 2051 usu,
2745 2002 2797 2040 n.
2829 1987 2941 2056 15).

1953 2073 2082 2132 CCL
2110 2075 2274 2148 [Alias
2305 2075 2598 2150 CCXLIX].
2633 2087 2661 2115 ³³
2689 2078 2854 2146 Quem
2870 2097 2970 2134 non
3003 2083 3210 2154 frangat
3236 2086 3535 2158 infelicitas.

2026 2166 2181 2222 Nulla
2208 2165 2496 2224 infelicitas
2524 2169 2738 2240 frangit,
2769 2187 2927 2240 quem
2961 2172 3192 2231 felicitas
3224 2179 3372 2235 nulla
3414 2197 3536 2238 cor-

1955 2259 2155 2329 rumpit
2184 2261 2340 2330 (Aug.
2369 2278 2514 2315 enar.
2547 2262 2599 2314 in
2624 2279 2701 2334 ps.
2734 2278 2963 2329 Lxxmt,
2997 2282 3049 2320 η.
3075 2267 3152 2338 5).

1988 2351 2139 2406 CCLI
2172 2351 2339 2423 [Alias
2368 2351 2540 2424 CCL].
2576 2362 2599 2388 ο
2635 2353 2865 2416 Qualiter
2889 2357 3029 2412 dives
3060 2375 3259 2431 pauper
3283 2371 3356 2417 est
3379 2363 3499 2420 Dei.

2024 2441 2183 2495 Dives
2208 2442 2297 2512 qui
2331 2442 2451 2497 talis
2480 2453 2586 2507 est,
2619 2457 2675 2498 ut
2715 2456 3024 2503 contemnat
3055 2449 3108 2503 in
3139 2465 3198 2505 se
3225 2462 3252 2501 ρ
3279 2454 3534 2526 quidquid

1951 2533 2080 2624 illud
2112 2544 2194 2590 est
2224 2534 2364 2590 unde
2392 2535 2567 2591 inﬂari
2609 2537 2861 2606 superbia
2889 2540 3051 2609 solet,
3084 2557 3290 2614 pauper
3314 2554 3398 2600 est
3435 2547 3533 2604 Dei

1951 2625 2111 2698 (Aug.
2143 2642 2288 2680 enar.
2314 2627 2365 2679 in
2397 2645 2476 2698 ps.
2508 2644 2705 2696 Lxxxv,
2739 2647 2792 2682 η.
2823 2631 2901 2699 5).

2087 2719 2264 2774 CCLII
2295 2718 2464 2793 [Alias
2493 2720 2691 2793 CCLI].
2725 2733 2752 2772 ει
2781 2722 2856 2777 De
2880 2726 3124 2796 gradibus
3154 2730 3382 2798 pietatis.

2020 2814 2412 2869 Ascensionum
2439 2814 2504 2868 ad
2541 2814 2711 2870 Deum
2743 2818 2940 2886 gradus
2964 2829 3110 2887 sunt,
3156 2821 3376 2893 pietatis
3402 2825 3529 2882 alle-

1949 2918 2086 2966 ctus.
2125 2910 2228 2965 Iter
2260 2920 2404 2964 tuum
2443 2911 2692 2966 voluntas
2737 2921 2821 2966 tua
2863 2921 2976 2979 est;
3018 2917 3250 2972 amando
3294 2920 3528 2989 accedis,

1951 3013 1972 3041 ν
1996 3001 2310 3073 negligendo
2333 3002 2572 3069 recedis;
2603 3005 2930 3060 constitutus
2960 3005 3012 3061 in
3045 3014 3189 3063 terra
3211 3007 3322 3064 Deo
3334 3009 3530 3082 junge-

1948 3097 2042 3162 ris,
2070 3101 2092 3130 ³
2112 3096 2156 3148 si
2181 3109 2300 3166 qua:
2321 3093 2433 3149 Deo
2462 3093 2626 3150 chara
2655 3103 2782 3150 sunt
2806 3096 2987 3167 diligis
3013 3099 3173 3172 (Aug.
3202 3101 3352 3168 ibid.,
3379 3102 3527 3174 n.6).

259 3186 309 3231 et
339 3178 428 3245 qui
461 3175 614 3230 timet
641 3189 851 3244 pmnam
881 3182 936 3228 et
960 3172 1052 3243 qui
1092 3185 1237 3228 amat
1266 3173 1550 3243 justitiam,
1581 3191 1686 3229 nun
1718 3174 1841 3230 facit

1971 3187 2145 3244 ICLIII
2177 3185 2344 3260 [Alias
2370 3186 2591 3259 CCLll].
2627 3186 2704 3244 De
2733 3167 3063 3260 petitionibus
3092 3167 3368 3252 contrariis
3399 3167 3527 3253 Deo.

257 3278 444 3324 contra
473 3266 816 3332 mandatum;
841 3274 895 3321 et
925 3264 1044 3320 ideo
1075 3279 1233 3336 pares
1259 3266 1473 3336 quidem
1502 3275 1630 3320 sunt
1655 3282 1837 3332 manu,

256 3363 352 3419 sed
373 3363 617 3432 dispares
639 3360 830 3426 corde;
856 3359 1062 3415 similes
1085 3361 1318 3426 actione,
1343 3359 1633 3416 dissimiles
1659 3361 1842 3416 volun-

256 3464 366 3512 tate
391 3453 554 3528 (Aug.
587 3469 731 3508 enar.
762 3453 816 3506 in
835 3469 915 3523 ps.
950 3467 1153 3519 tum,
1188 3469 1243 3506 η.
1268 3451 1382 3522 II).

429 3565 658 3623 (ξολιν
689 3566 856 3640 [Alias
881 3561 1181 3634 coxam.
1216 3562 1232 3600 ι
1269 3562 1411 3631 Quid
1441 3565 1658 3618 colatur.

325 3661 439 3719 Hoc
475 3661 549 3718 ab
591 3659 814 3716 homine
838 3657 1058 3724 colitur,
1106 3655 1249 3726 quod
1293 3655 1489 3727 diligit.
1525 3655 1678 3712 Unde
1714 3656 1836 3726 quia

249 3756 394 3813 Deus
415 3755 668 3811 omnibus
697 3753 860 3809 rebus
883 3751 1137 3832 majoroet
1183 3750 1374 3805 melior
1403 3749 1695 3816 invenitur,
1722 3748 1840 3817 plus

253 3851 503 3908 omnibus
529 3846 831 3918 diligendus
849 3855 955 3912 est,
975 3855 1032 3900 ut
1051 3844 1264 3901 colatur
1285 3842 1445 3915 (Aug.
1473 3843 1599 3896 ibid.
1613 3887 1626 3907 ,
1648 3860 1700 3897 n.
1718 3842 1836 3912 20).

401 3939 661 3998 CCXLVI
691 3939 856 4012 [Alias
880 3935 1156 4008 CCXLV}.
1191 3936 1204 3988 i
1246 3933 1325 3991 De
1352 3936 1508 3992 corde
1535 3945 1692 3990 recto.

321 4037 552 4092 Rectum
576 4048 668 4088 cor
695 4047 816 4087 cum
848 4031 960 4086 Deo
1001 4039 1104 4100 est,
1143 4029 1360 4101 quando
1399 4038 1623 4100 propter
1663 4028 1833 4085 Deum

253 4129 514 4198 queritur
541 4126 679 4180 Deus
706 4126 862 4196 (Aug.
883 4124 1038 4189 ibid.,
1063 4141 1116 4178 η.
1147 4121 1261 4194 21).

320 4275 345 4304 ι
369 4263 501 4320 Mss.
539 4261 746 4331 Remig.
768 4270 823 4317 et
845 4261 1118 4325 .loliensis,
1151 4261 1214 4314 ob
1243 4260 1424 4314 arbore
1451 4259 1730 4330 prohibuit.

317 4334 345 4375 δ
365 4335 469 4391 Ms.
496 4333 732 4402 Remig.,
764 4331 876 4387 sola
901 4332 998 4386 sibi
1025 4331 1330 4386 obedientia.

319 4417 342 4446 ε
363 4406 469 4461 Ms.
496 4399 710 4475 Renii'g.
733 4413 787 4458 et
824 4403 1009 4475 Colon.
1046 4409 1153 4455 vet.
1195 4403 1324 4475 edit.
1353 4415 1474 4475 cum
1496 4399 1831 4475 recentiori-

249 4479 345 4534 bus
369 4469 684 4541 nonnullis:
701 4475 881 4528 incidit
923 4473 978 4526 in
1011 4487 1234 4542 plenam.
1261 4473 1387 4527 Mss.
1427 4470 1535 4526 .lol.
1581 4480 1637 4527 et
1673 4469 1824 4542 Golb.

247 4562 366 4604 cum
395 4547 535 4602 edit.
571 4547 770 4616 Lugd,
812 4541 1045 4611 LovanJ,
1082 4545 1247 4599 Duae.
1293 4553 1350 4616 et
1373 4543 1592 4616 Cu_lnn_.,
1621 4551 1676 4616 et
1717 4541 1830 4616 Ap-

2016 3281 2324 3344 Deus.cum
2341 3282 2540 3353 aliquid
2567 3283 2587 3319 ι
2615 3283 2755 3338 male
2777 3285 3038 3354 poscitur,
3063 3285 3238 3343 dando
3261 3289 3528 3361 irascitur,

1945 3389 2052 3432 non
2083 3374 2262 3430 dando
2291 3375 2579 3430 miseretur
2609 3375 2768 3448 (Aug.
2800 3375 2952 3442 ibid.,
2985 3393 3039 3430 n.
3067 3377 3100 3433 8
3128 3387 3174 3432 et
3201 3379 3277 3450 9).

2192 3465 2393 3522 CCLIV
2426 3467 2591 3539 [Alias
2614 3464 2853 3538 CCLIII].
2885 3467 2964 3522 De
2991 3469 3278 3526 mendacio.

2015 3559 2334 3616 Incredibile
2358 3569 2464 3628 est,
2484 3573 2590 3614 non
2621 3560 2837 3615 mentiri
2869 3560 3142 3616 hominem
3165 3577 3232 3617 ne
3263 3564 3527 3633 capiatur,

1943 3652 2035 3724 qui
2067 3654 2324 3708 mentitur
2353 3660 2412 3706 ut
2440 3651 2617 3723 capiat
2663 3653 2819 3724 (Aug.
2853 3653 2945 3707 lib.
2977 3662 3156 3710 contra
3198 3653 3526 3714 Mendacium

1943 3762 1991 3801 c.
2019 3743 2097 3816 4).

2123 3837 2299 3894 CCLV
2329 3837 2496 3911 [Alias
2523 3833 2762 3908 CCLIV].
2797 3833 2932 3891 Item
2961 3838 3025 3891 de
3053 3839 3339 3896 mendacio.

2013 3933 2272 4002 Quamvis
2306 3930 2483 3986 omnis
2532 3930 2625 4001 qui
2663 3930 2943 3995 mentitur,
2975 3931 3107 3986 velit
3150 3932 3332 3988 celare
3380 3935 3524 4003 quod

1941 4039 2131 4082 verum
2157 4032 2262 4088 est,
2293 4036 2400 4077 non
2433 4029 2611 4078 tamen
2641 4019 2820 4076 omnis
2847 4021 2938 4092 qui
2961 4021 3076 4077 vult
3099 4022 3282 4079 celare
3308 4039 3521 4092 verum,

1942 4119 2217 4178 mentitur.
2247 4117 2574 4187 Plerumque
2611 4115 2806 4172 enimul
2841 4129 2969 4172 vera
3009 4131 3118 4172 non
3162 4115 3398 4175 fallendo
3427 4133 3523 4175 oc-

2014 4253 2028 4305 i
2070 4253 2332 4308 Addimus
2357 4263 2544 4307 vocem
2575 4247 2736 4319 hanc,
2782 4257 2940 4304 recto.
2988 4247 3086 4304 Ms.
3121 4248 3252 4317 Jol.,
3288 4250 3363 4306 De
3383 4269 3523 4322 quar-

1937 4325 2098 4382 rendo
2131 4323 2259 4377 Deo.

2010 4394 2036 4433 ιι
2067 4393 2189 4450 Haec
2229 4389 2474 4447 addenda
2497 4390 2828 4446 credidimus
2855 4391 2920 4445 ad
2951 4391 3245 4460 pleniorem
3270 4406 3515 4449 sensum.

1939 4465 2197 4530 Ms.Jul.,
2225 4464 2302 4518 De
2333 4463 2679 4535 benevolentia
2700 4463 2852 4535 justi,
2894 4472 2939 4535 et
2969 4462 3190 4516 uindicta
3223 4464 3515 4535 impiorum.

1939 4539 2127 4592 Melius
2153 4548 2382 4604 utroque
2412 4533 2574 4604 forte,
2609 4531 2878 4596 Quomodo
2901 4533 3101 4604 (celetur
3116 4531 3304 4604 justus'
3319 4537 3382 4589 de
3402 4537 3516 4589 ein-

249 4601 408 4691 pend.
453 4619 617 4687 Aug.,
657 4601 842 4672 incidit
885 4601 1102 4685 panum.
1151 4619 1288 4685 Aug.
1341 4615 1393 4668 in
1441 4601 1609 4681 Psall,
1642 4601 1830 4668 inuenit
1865 4676 1911 4691 ἢ
1939 4609 2076 4691 dicta
2098 4601 2609 4691 impiorum.AIAnlliue
2629 4605 2910 4691 sententias
2931 4602 3030 4659 Ms.
3053 4601 3159 4666 Jol.
3185 4605 3374 4661 multos
3396 4622 3516 4661 con-

243 4703 472 4763 mem-

313 4758 339 4798 ἀ
370 4762 452 4816 Ita
479 4773 582 4813 ms.
607 4757 712 4812 101.
736 4757 862 4821 Alii,
903 4753 1172 4822 Quomodo
1205 4754 1510 4809 erudiuntur
1529 4755 1672 4808 boni.

319 4843 341 4870 ε
372 4832 479 4886 Ms.
507 4829 614 4884 101.
638 4829 787 4882 addit
812 4828 962 4892 Quod
993 4843 1095 4880 non
1123 4827 1186 4880 sit
1211 4825 1561 4897 gloriandum.

319 4901 340 4943 ί
373 4903 510 4957 Mss.
538 4899 745 4970 Remig.
773 4909 828 4954 et
859 4898 966 4954 Jul.
1001 4895 1320 4954 auctoritate
1363 4895 1613 4951 addimus
1641 4908 1831 4949 vocem

315 5054 341 5092 ε
371 5043 473 5100 Ma.
500 5042 776 5105 Joliensis,
807 5038 930 5093 Non
959 5048 1100 5093 curet
1136 5038 1335 5106 regiam
1363 5046 1684 5106 potestatem.
1721 5035 1832 5091 Nec

239 5116 408 5181 male,
451 5114 496 5168 si
557 5111 914 5182 inspiciuntur
967 5107 1309 5182 vei-barbae
1353 5108 1660 5182 Augustini,
1710 5107 1831 5182 loco

237 5178 410 5240 citate
437 5198 453 5238 :
477 5183 603 5238 Noli
625 5178 870 5236 aviditate
890 5179 1178 5249 imperandi
1202 5195 1386 5248 ponere
1409 5180 1498 5233 tibi
1519 5188 1635 5231 ante
1655 5178 1831 5232 oculos

243 5257 545 5324 provincias
575 5254 870 5314 latissimas,
893 5259 1112 5324 quatua
1135 5265 1300 5320 regna
1324 5249 1610 5324 cli/fundas,
1641 5258 1830 5324 terrain

235 5320 402 5451 ἔξω
433 5335 771 5406 portasfege,
803 5322 946 5405 unde
971 5321 1112 5376 idem
1143 5335 1248 5376 ms.
1283 5336 1384 5389 pro
1413 5320 1568 5403 titulo
1600 5320 1828 5388 praeﬁgit

337 5413 370 5451 c
395 5405 705 5451 sententiae.
737 5392 969 5451 Qualiter
996 5408 1098 5446 non
1119 5407 1356 5446 curemus
1380 5406 1577 5451 regiam
1606 5399 1822 5451 potesta-

322 5397 370 5452 ic
395 5392 709 5461 séntentiaa,
737 5392 969 5460 Qualiter
996 5408 1098 5446 non
1119 5407 1356 5446 curemus
1380 5393 1577 5463 regiam
1606 5399 1822 5461 potesta-

241 5475 366 5534 tem,
401 5474 461 5522 et
483 5467 537 5521 in
564 5479 736 5532 textu,
767 5465 905 5518 novit
935 5477 1032 5532 pro
1057 5465 1273 5517 noverit.

314 5531 476 5592 ll'ttlii
505 5531 742 5602 codices,
775 5536 838 5589 de
867 5531 1015 5606 pana
1037 5542 1082 5587 et
1105 5535 1334 5604 justitia.
1363 5532 1590 5602 Reliqua
1620 5531 1833 5603 supplet

243 5622 348 5662 ms.
373 5608 654 5664 iulieusis.

320 5677 337 5716 ⁸
373 5679 472 5733 Ms.
500 5677 785 5746 ,luliensis,
818 5675 934 5730 Hoc
961 5673 1082 5729 colit
1111 5673 1261 5746 homo
1287 5674 1427 5746 quod
1449 5673 1646 5746 diligit.
1673 5672 1834 5728 Forte

242 5743 517 5820 meliusin
547 5749 672 5804 aliis
695 5746 912 5820 legeris,
936 5745 1206 5813 Quomodo
1232 5743 1372 5800 Deus
1395 5743 1679 5815 diligatur;
1704 5758 1829 5813 non,

243 5815 389 5886 Quid
415 5819 686 5890 diligatur.

1862 4676 1913 4734 D
1939 4673 2294 4756 «(natisque
2315 4688 2452 4756 voce
2481 4673 2580 4756 h_ac
2601 4689 2768 4756 posse.

2014 4748 2032 4788 ι
2068 4749 2166 4803 Ms.
2194 4741 2466 4808 Joliensis,
2493 4741 2572 4796 De
2600 4741 2850 4798 uincendo
2879 4745 2929 4796 in
2957 4743 3088 4799 bono
3123 4745 3337 4800 malum.
3383 4747 3510 4811 Alii,

1936 4819 2017 4876 De
2045 4817 2390 4901 simulatione,
2413 4814 2646 4881 scilicet,
2677 4815 2964 4870 dilectionis
2993 4817 3207 4881 inimici,
3231 4823 3344 4880 aut,
3371 4819 3513 4886 pacis

1935 4907 2050 4945 cum
2075 4902 2303 4942 ιηιηυεο.

2007 4970 2047 4999 ιιι
2075 4961 2265 5016 Colon.
2290 4965 2398 5012 vet.
2428 4955 2585 5021 edit.,
2614 4954 2696 5010 De
2724 4971 2875 5026 opere
2896 4959 3086 5011 amoris
3113 4965 3159 5009 et
3187 4955 3404 5011 timoris.

2005 5039 2034 5068 ιι
2063 5029 2156 5086 Sic
2183 5043 2282 5083 ms.
2311 5027 2587 5084 Jnliensis.
2619 5025 2836 5092 Cmteri,
2864 5025 2942 5080 De
2964 5029 3226 5096 felicitate.

2007 5110 2032 5137 ο
2062 5101 2141 5158 Ita
2161 5114 2262 5156 ms.
2289 5098 2564 5154 Joliensis.
2599 5099 2724 5160 Alii,
2753 5097 2829 5151 De
2857 5099 3012 5152 divite
3035 5108 3278 5166 paupere.

2007 5183 2032 5223 ρ
2055 5173 2150 5227 Ms.
2186 5171 2423 5240 Remig.,
2451 5169 2700 5240 quidquid
2727 5177 2822 5222 est.
2867 5166 2942 5221 Ita
2974 5170 3107 5236 Aug.
3153 5168 3204 5220 in
3239 5166 3508 5236 psalmum

1933 5253 2565 5375 Cl‘2lng..Joliensis,De
2586 5307 2825 5381 gradibus
2849 5307 3205 5381 ascensionum
3231 5308 3300 5362 ad
3321 5307 3507 5366 Deum.

1935 5385 2128 5443 Colon.
2158 5393 2244 5438 vet
2267 5383 2420 5444 edit.,
2456 5380 2532 5433 De
2557 5376 2770 5432 uicensu
2795 5376 2862 5429 ad
2895 5377 3080 5430 Deum.

2011 5468 2032 5494 τ
2061 5456 2157 5511 Ms.
2192 5451 2465 5516 Joliensis,
2497 5448 2861 5504 contemnendo
2892 5446 3102 5500 recedis.

2009 5537 2032 5566 ο
2066 5527 2210 5589 mem
2236 5523 2544 5591 sublinem,
2576 5520 2619 5572 si
2647 5516 2932 5591 quadeeo;
2960 5517 3069 5591 alii,
3093 5521 3215 5589 quia
3241 5519 3512 5591 qua:_Deo.

2019 5601 2033 5633 t
2072 5587 2168 5649 Ms.
2189 5593 2460 5654 Joliensis,
2479 5587 2702 5652 Quando
2720 5587 2915 5652 aliquid
2941 5588 3064 5642 moli
3086 5587 3328 5657 poscitur,
3350 5589 3509 5648 Deus.

1941 5667 2010 5723 Ει
2039 5669 2090 5721 in
2119 5676 2263 5719 textu
2311 5665 2608 5724 sentctttizl‘,
2642 5657 2837 5726 aliquid
2869 5657 3014 5726 mali,
3045 5661 3134 5715 ubi
3175 5663 3262 5715 alii
3298 5661 3514 5715 codices

1942 5737 2161 5799 habent,
2196 5733 2389 5797 aliquid
2419 5729 2564 5780 male.

2009 5812 2038 5844 “
2065 5791 2164 5864 Ms;
2196 5791 2416 5862 totiens.
2452 5807 2504 5858 et
2538 5797 2669 5858 edit.
2697 5791 2887 5857 Colon.
2925 5807 3057 5868 νει,
3085 5813 3230 5868 vera;
3279 5805 3332 5857 ut
3375 5791 3512 5866 apud
