4006 6356
464 358 469 359 ,
486 296 597 361 ιθδ

1724 288 1784 347 S.
1827 281 2163 345 PROSPERI
2202 281 2534 353 AQUITANI

3636 284 3731 346 ιθι

487 415 744 481 culimus,
774 410 868 468 sed
899 407 1145 466 tacendo.
1174 405 1357 479 Neque
1388 404 1530 462 enim
1562 401 1816 459 mentitus
1843 410 1927 457 est
1959 401 2068 457 Do-
2094 402 2147 463 Α
2171 397 2227 454 in
2254 396 2416 451 altum
2433 404 2473 432 ω
2499 393 2752 467 captivam
2778 392 2929 449 duxit
2956 394 3321 466 captivitatem,
3345 394 3481 450 dedit
3510 396 3632 453 dona
3653 398 3732 456 lto-

491 508 691 574 minus,
718 505 809 560 ubi
839 504 915 558 ait
952 499 1136 573 (Joan.
1168 515 1274 565 xvi,
1308 497 1423 571 ιι),
1449 505 1476 535 ι
1523 494 1694 551 Multa
1733 494 1895 549 habeo
1937 493 2077 548 vobis

492 601 683 666 dicere,
713 598 804 653 sed
831 612 935 653 non
960 595 1169 669 potestis
1196 593 1294 650 illa
1318 600 1526 665 portare
1556 591 1706 647 modo
1734 591 1891 663 (Aug.
1923 589 2075 657 ibid.,

491 710 541 747 c.
572 692 686 761 10).

492 782 692 840 CCLV]
721 781 890 854 [Alias
914 777 1136 851 CCLV].
1164 778 1193 819 ι’
1222 776 1302 835 De
1337 779 1502 851 primo
1530 786 1577 833 et
1604 776 1829 831 secundo
1854 774 2079 829 homine.

560 874 619 929 In
652 874 827 944 primo
855 872 1075 927 homine
1104 871 1296 943 patuit,
1326 880 1348 908 ο
1373 869 1503 942 quid
1534 868 1772 924 hominis
1793 865 2079 921 arbitrium

490 965 699 1021 valeret
728 964 793 1019 ad
824 974 1053 1020 mortem
1081 983 1095 1019 :
1125 963 1179 1019 in
1208 961 1445 1019 secundo
1471 970 1673 1023 autem,
1705 959 1830 1031 quid
1857 957 1952 1014 Dei
1982 956 2080 1012 ad-

489 1058 748 1128 iutorium
773 1055 979 1113 valeret
1006 1056 1074 1112 ad
1103 1055 1285 1113 vitam.
1342 1053 1554 1109 Primus
1581 1053 1725 1108 enim
1753 1050 1939 1116 homo,
1973 1061 2081 1105 non

491 1150 597 1207 nisi
649 1150 813 1205 homo
860 1167 876 1204 :
924 1147 1197 1205 secundus
1245 1160 1373 1202 vero
1415 1147 1599 1211 homo,
1644 1145 1785 1199 Deus
1812 1151 1868 1199 et
1897 1142 2079 1197 homo.

492 1239 776 1297 Peccatum
808 1241 971 1313 579
998 1255 1129 1310 ergo
1150 1238 1347 1293 factum
1369 1246 1473 1305 est,
1504 1237 1694 1292 relicto
1720 1236 1851 1299 Deo;
1876 1234 2082 1305 justitia

490 1348 602 1388 non
626 1333 685 1389 fit
707 1336 825 1389 sine
860 1335 969 1387 Deo
997 1332 1156 1402 (Aug.
1185 1347 1271 1399 ep.
1296 1330 1363 1384 ad
1387 1328 1715 1395 Dardanum,
1738 1344 1785 1380 c.
1808 1327 1863 1392 9,
1888 1343 1940 1381 η.
1965 1322 2080 1397 '50).

664 1423 887 1482 CCLVII
918 1424 1083 1497 [Alias
1110 1419 1359 1491 CCLVI].
1388 1422 1415 1457 ά
1447 1419 1527 1474 De
1556 1421 1682 1491 legis
1714 1420 1935 1473 littera..

566 1520 722 1589 Legis
766 1519 943 1574 littera
973 1532 1095 1587 quae
1125 1515 1286 1571 docet
1324 1530 1430 1569 non
1478 1528 1601 1569 esse
1650 1511 2006 1582 peccandum,
2037 1509 2084 1565 si

494 1614 730 1683 Spiritus
754 1610 1055 1665 vivificator
1074 1608 1239 1672 desit,
1269 1606 1488 1662 occidit.
1508 1615 1531 1643 ο
1548 1604 1700 1661 Scire
1727 1604 1870 1659 enim
1894 1617 2083 1674 pecca-

496 1712 609 1758 tum
640 1702 818 1772 potius
847 1699 974 1756 facit
1001 1713 1163 1771 quam
1213 1712 1440 1763 cavere;
1465 1706 1521 1753 et
1550 1696 1673 1753 ideo
1702 1696 1873 1767 magis
1902 1693 2086 1766 augeri

499 1809 662 1864 quam
693 1794 898 1849 minui:
926 1790 1052 1863 quia
1084 1790 1240 1846 malae
1274 1789 1729 1860 concupiscentiae
1769 1790 1929 1843 etiam
1951 1802 2092 1858 praz-
2117 1793 2167 1856 Β

497 1886 762 1942 varicatio
784 1884 915 1955 legis
938 1882 1142 1940 accedit
1172 1883 1334 1955 (Aug.
1368 1881 1456 1936 lib.
1484 1881 1546 1936 de
1566 1880 1772 1953 Spiritu
1800 1890 1844 1935 et
1868 1880 2084 1946 Littera,

498 1997 547 2034 c.
582 1978 661 2047 5).

497 2069 746 2127 CCLVIII
776 2070 943 2143 [Alias
972 2068 1241 2141 CCLVII].
1272 2068 1349 2124 De
1378 2070 1626 2124 mandato
1664 2067 1762 2124 Dei
1802 2077 1849 2122 et
1887 2070 2087 2124 timore.

570 2161 878 2217 Mandatum
929 2160 1027 2216 Dei
1072 2161 1119 2217 si
1154 2161 1349 2217 timore
1392 2160 1453 2215 fit
1500 2175 1693 2231 poenae,
1755 2174 1862 2215 non
1906 2173 2092 2216 amore

496 2254 743 2325 iustitim,
775 2253 1048 2309 serviliter
1096 2252 1177 2320 iit,
1230 2267 1337 2309 non
1368 2252 1696 2320 liberaliter;
1731 2262 1786 2308 et
1832 2252 1953 2308 ideo
1992 2266 2093 2308 nec

497 2344 578 2401 ﬁt.
610 2346 725 2401 Non
751 2347 893 2401 enim
919 2345 1094 2401 bonus
1127 2346 1332 2403 fructus
1361 2354 1445 2403 est
1498 2346 1590 2418 qui
1619 2362 1727 2402 non
1759 2343 1779 2383 τ
1814 2345 1883 2403 de
1912 2344 2091 2402 chari-

496 2438 627 2492 tatis
650 2437 831 2493 radice
861 2437 1104 2508 procedit
1128 2438 1288 2510 (Aug.
1318 2439 1470 2510 ibid.,
1496 2455 1543 2494 c.
1570 2439 1682 2510 ii).

536 2530 740 2592 CCLIX
769 2532 935 2604 [Alias
961 2530 1257 2601 CCLVIII].
1290 2541 1315 2580 8
1350 2532 1503 2601 Quod
1534 2534 1617 2589 lea:
1650 2532 1750 2590 Dei
1774 2534 2057 2590 secundum

652 2658 657 2661 τ
1114 2634 1353 2678 naturam
1382 2625 1472 2680 sit.

570 2715 680 2771 Lex
709 2715 804 2773 Dei
833 2714 1131 2771 secundum
1162 2724 1409 2770 naturam
1446 2724 1551 2781 est,
1582 2727 1638 2773 et
1684 2732 1811 2774 cum
1841 2716 2096 2773 homines

501 2824 619 2880 qurc
655 2809 791 2879 legis
828 2819 954 2865 sunt
976 2807 1199 2875 iaciunt,
1230 2808 1259 2844 ιι
1298 2809 1621 2867 naturaliter
1658 2811 1884 2877 faciunt,
1935 2826 2096 2881 supe-

499 2908 622 2955 rato
648 2901 799 2969 vitio,
826 2899 970 2971 quod
994 2916 1093 2958 nec
1124 2901 1436 2972 praesidium
1464 2903 1600 2973 legis
1625 2904 1942 2969 abstulerat.
1962 2902 2095 2959 Cum

500 2994 686 3063 itaque
721 3008 817 3063 per
859 2996 1084 3063 gratiam
1125 2996 1210 3050 lex
1256 2994 1354 3050 Dei
1392 2995 1448 3049 in
1502 2995 1758 3051 cordibus
1792 2995 1808 3033 ί
1845 2996 2097 3052 scribitur

505 3084 682 3154 (Rom.
713 3099 770 3153 ιι,
803 3084 913 3155 Id),
946 3100 1067 3156 qua:
1101 3087 1232 3158 legis
1272 3097 1400 3142 sunt
1424 3086 1744 3143 naturaliter
1772 3089 1937 3153 fiunt;
1983 3103 2093 3144 non

2181 490 2406 545 minibus
2455 487 2576 562 (Ps.
2634 503 2808 555 uvn,
2860 486 2972 561 19).
3026 487 3160 545 Inde
3204 486 3398 554 habet,
3439 488 3734 563 quicumque

2180 580 2363 639 habet.
2390 579 2644 652 Quisquis
2670 590 2847 637 autem
2872 580 2996 636 inde
3018 580 3225 637 habere
3250 594 3311 637 se
3339 591 3517 653 negat,
3539 594 3621 637 aut
3641 599 3734 642 non

2181 670 2361 738 habet,
2391 680 2485 727 aut
2512 671 2563 726 id
2588 671 2727 742 quod
2752 670 2915 726 habet
2940 669 3217 727 auferetur
3242 670 3313 729 ab
3337 686 3405 727 eo
3430 672 3581 746 (Aug.
3604 673 3733 745 εδει..

2181 781 2229 822 c.
2264 763 2365 829 29;
2398 781 2515 819 can.
2545 764 2613 821 16
2642 782 2785 820 conc.
2817 766 3003 821 Araus.
3028 764 3111 836 ιι).

2252 856 2456 917 CCLXI
2487 856 2657 931 [Alias
2698 855 2923 927 CCLX].
2955 866 2984 895 ιι
3016 858 3156 925 Quid
3187 875 3278 931 per
3304 859 3680 917 inobedientiam

2315 1006 2323 1016 ,
2764 950 2992 1021 perdidit
3020 949 3194 1007 homo.

2256 1042 2428 1100 Homo
2456 1042 2631 1099 factus
2661 1051 2778 1099 erat
2807 1043 3153 1112 immortalis,
3204 1042 3350 1100 Deus
3401 1058 3521 1101 esse
3557 1046 3739 1105 voluit:

2185 1150 2293 1192 non
2316 1134 2705 1206 perdiditquod
2719 1134 2884 1193 homo
2914 1145 3054 1202 erat,
3073 1142 3099 1171 ο
3119 1134 3215 1191 sed
3243 1134 3483 1207 perdidit
3501 1137 3633 1207 quod
3660 1138 3745 1193 im-

2184 1227 2431 1284 mortalis
2467 1236 2615 1294 erat;
2663 1236 2719 1283 et
2743 1236 2771 1277 P
2804 1227 2871 1284 de
2921 1227 3299 1285 inobedientire
3334 1228 3589 1300 superbia
3632 1244 3744 1287 con-

2186 1330 2354 1378 tracta
2386 1331 2468 1377 est
2489 1335 2649 1393 paena
2676 1330 2905 1378 naturae.

2221 1410 2449 1469 CCLXII
2480 1412 2649 1485 [Alias
2676 1411 2928 1484 CCLXI].
2964 1412 3040 1468 De
3062 1414 3265 1470 laudet!
3292 1423 3341 1469 et
3364 1414 3573 1486 prmio
3591 1415 3717 1485 ﬁdei.

2258 1504 2399 1561 Laus
2445 1504 2571 1561 fidei
2594 1515 2679 1562 est
2704 1521 2813 1563 non
2843 1506 2960 1562 visa
2991 1506 3218 1564 credere
3250 1525 3262 1561 :
3294 1507 3575 1578 praemium
3613 1506 3751 1580 580

2187 1597 2312 1663 erit,
2346 1596 2678 1653 creditorum
2714 1598 3003 1668 adeptione
3029 1598 3286 1670 gaudere.

2258 1689 2509 1748 CCLXIII
2536 1690 2703 1763 [Alias
2724 1687 2994 1762 CCLXII].
3023 1701 3044 1728 τ
3069 1689 3175 1746 Cur
3206 1692 3486 1763 Sapientia
3506 1690 3597 1746 Dei
3620 1708 3695 1755 per

2585 1798 2798 1837 carnem
2828 1783 2897 1837 ad
2927 1783 3158 1839 homines
3182 1784 3411 1839 uenerit.

2265 1872 2420 1930 Sicut
2449 1873 2534 1930 lac
2556 1889 2665 1929 non
2693 1874 2881 1930 transit
2906 1874 3010 1931 nisi
3032 1889 3129 1945 per
3153 1890 3392 1943 carnem,
3417 1886 3478 1932 ut
3508 1877 3753 1947 parvulum

2192 1974 2379 2036 pascat
2405 1966 2498 2037 qui
2528 1981 2723 2037 panem
2748 1964 2911 2023 edere
2942 1982 3049 2024 non
3077 1976 3287 2039 potest;
3319 1968 3401 2023 sic
3426 1968 3535 2024 nisi
3559 1968 3752 2038 Sapien-

2193 2060 2265 2115 tia
2294 2058 2425 2128 Dei,
2455 2076 2576 2131 qute
2607 2060 2764 2131 panis
2812 2068 2895 2116 est
2939 2060 3276 2131 angelorum,
3310 2058 3378 2115 ad
3430 2058 3667 2117 homines
3688 2057 3756 2114 dl-

2192 2160 2450 2224 gnaretur
2469 2153 2656 2209 venire
2684 2168 2783 2224 per
2808 2166 3052 2221 carnem,
3079 2168 3241 2208 nemo
3268 2151 3337 2207 ad
3358 2150 3529 2209 Verbi
3551 2162 3757 2209 contem-

2196 2245 2450 2317 plandam
2479 2246 2817 2303 divinitatem
2849 2254 3033 2318 posset
3059 2245 3345 2303 accedere.
3370 2244 3515 2314 Quia
3540 2261 3660 2316 ergo
3684 2244 3759 2300 lux

2195 2354 2227 2396 a
2258 2340 2495 2397 tenebris
2517 2356 2624 2398 non
2650 2348 2863 2413 poterat
2892 2339 3305 2411 comprehendi,
3334 2340 3449 2410 ipsa
3472 2337 3567 2393 lus
3590 2345 3759 2393 morta-

2196 2433 2405 2490 litatem
2436 2433 2599 2490 subiit
2623 2432 2996 2503 tenebrarum,
3025 2442 3080 2490 et
3107 2448 3202 2503 per
3232 2431 3640 2488 similitudinem
3660 2444 3760 2486 car-

2199 2524 2284 2580 nis
2312 2526 2540 2596 peccati,
2571 2525 3039 2598 participationem
3066 2524 3217 2583 dedit
3245 2522 3466 2581 luminis
3496 2524 3605 2582 veri
3625 2522 3758 2594 (Aug.

2196 2622 2251 2678 in
2279 2639 2357 2694 ps.
2391 2639 2566 2679 sunt
2591 2640 2747 2678 serm.
2779 2625 2832 2689 1,
2861 2641 2914 2677 η.
2944 2622 3001 2694 6)

2349 2714 2606 2773 CCLXIV
2634 2714 2803 2788 [Alios
2831 2712 3128 2787 CCLXIII].
3164 2721 3187 2751 -
3218 2712 3296 2770 De
3324 2714 3460 2770 bona
3487 2716 3641 2786 fama.
3672 2785 3679 2790 δ

2269 2806 2415 2864 Odor
2442 2806 2621 2864 bonus
2652 2805 2795 2861 fama
2822 2806 2960 2862 bona
2985 2816 3091 2876 est,
3122 2806 3141 2841 ί
3174 2820 3336 2875 quam
3366 2804 3612 2877 quisquis
3634 2802 3765 2858 bona

2198 2899 2323 2956 vitae
2351 2898 2608 2971 operibus
2637 2898 2909 2966 habuerit,
2954 2898 3083 2954 dum
3122 2897 3324 2954 Christi
3350 2898 3577 2969 vestigia
3613 2893 3768 2965 sequi-

2199 3003 2310 3061 tur,
2337 2994 2505 3066 pedes
2532 2992 2933 3066 quodammodo
2956 2993 3074 3061 eius
3096 2992 3318 3063 pretiosi
3344 2990 3605 3062 unguenti
3625 2987 3767 3045 odora

2199 3086 2477 3159 perfundit
2504 3086 2662 3158 (Aug.
2688 3085 2726 3140 l.
2750 3100 2807 3140 ιιι
2838 3084 2904 3139 de
2934 3083 3114 3139 Doctr.
3139 3081 3331 3138 Christi
3350 3099 3397 3137 c.
3428 3082 3547 3150 12).

502 3174 629 3245 quia
662 3189 755 3245 per
786 3186 1032 3232 naturam
1059 3178 1071 3227 l
1106 3187 1380 3249 praeventa
1403 3179 1473 3234 sit
1494 3179 1687 3249 gratia,
1718 3179 1814 3236 sed
1841 3180 1965 3251 quia
1992 3196 2089 3252 per
2116 3171 2163 3243 C
2264 3173 2491 3233 CCLXV
2521 3176 2689 3250 [Alias
2713 3171 3009 3245 CCLXIV].
3043 3182 3071 3210 ιι
3109 3172 3248 3242 Quid
3286 3182 3421 3228 recte
3450 3174 3708 3245 diligatur.

508 3268 730 3338 gratiam
760 3278 1007 3336 reparata
1038 3278 1225 3325 natura
1253 3270 1408 3341 (Aug.
1442 3271 1597 3341 ibid.,
1629 3288 1677 3325 c.
1705 3271 1822 3344 27).

540 3357 721 3416 CCLX
748 3358 912 3431 [Alias
939 3355 1185 3429 CCLIX].
1210 3357 1236 3397 ιι
1268 3358 1346 3414 De
1375 3361 1543 3431 gloria
1571 3377 1673 3417 non
1698 3361 1933 3419 habenda
1960 3364 2061 3420 nisi

1190 3451 1245 3505 in
1275 3449 1404 3505 Deo.

578 3541 748 3599 Nemo
778 3541 793 3580 ι
829 3557 897 3597 ex
926 3557 992 3599 eo
1021 3541 1164 3613 quod
1187 3541 1400 3598 videtur
1423 3542 1624 3601 habere
1651 3544 1935 3616 glorietur,
1958 3556 2097 3604 tam-

508 3645 667 3705 quam
716 3649 824 3689 non
866 3632 1164 3704 acceperit;
1212 3641 1306 3688 aut
1350 3633 1474 3690 ideo
1504 3649 1564 3691 se
1600 3644 1750 3706 putet
1798 3638 2093 3709 accepisse,

509 3726 630 3794 quia
658 3725 841 3782 littera
870 3725 1211 3783 extrinsecus
1230 3727 1317 3781 vel
1342 3735 1402 3782 ut
1419 3726 1690 3798 legeretur
1716 3730 1986 3800 apparuit,
2008 3729 2100 3787 vel

510 3829 568 3873 ut
596 3819 872 3875 audiretur
898 3819 1158 3874 insonuit.
1184 3817 1318 3873 Nam
1349 3819 1392 3873 si
1424 3835 1515 3888 per
1537 3820 1695 3891 legem
1714 3821 1947 3893 justitia,
1978 3836 2099 3893 ergo

510 3907 743 3964 Christus
773 3908 931 3980 gratis
960 3918 1190 3963 mortuus
1221 3919 1292 3964 est
1324 3908 1369 3981 (I
1393 3907 1514 3963 Cor.
1538 3924 1617 3979 Iv,
1646 3910 1713 3976 7;
1746 3909 1867 3966 Gal.
1890 3926 1948 3976 ιι,
1974 3910 2095 3982 21).

507 3997 675 4055 Porro
703 4007 883 4055 autem
922 4000 967 4055 si
1006 4014 1116 4055 non
1162 4000 1330 4071 gratis
1368 4008 1610 4056 mortuus
1642 4010 1754 4068 est;
1795 4002 2094 4058 Ascendens

508 4161 647 4225 Aug.
672 4153 778 4209 Alii
806 4151 1045 4221 codices,
1076 4169 1271 4209 verum.
1297 4152 1489 4210 Colon.
1524 4162 1633 4210 vet.
1666 4155 1822 4226 edit.,
1863 4156 2097 4211 occulta-

510 4243 554 4278 ill
564 4243 644 4280 us.

584 4306 617 4369 ᾖ
642 4295 865 4369 Ιιειλροει
892 4296 1116 4369 August.
1142 4296 1194 4350 in
1218 4294 1322 4369 hoc
1346 4295 1486 4354 libro
1508 4312 1638 4355 mss.
1673 4298 1882 4369 Remig.
1906 4307 1963 4355 et
1986 4297 2094 4355 Jol.

510 4366 619 4424 Alii
645 4366 861 4421 codices
882 4367 1078 4434 nostri,
1111 4381 1226 4420 cum
1256 4367 1348 4421 ait.

580 4437 609 4476 ιι
638 4436 710 4490 Ita
735 4451 835 4489 ms.
866 4435 1140 4493 Joliensis.
1167 4436 1274 4491 Alii
1298 4452 1447 4503 vero,
1475 4436 1555 4493 De
1575 4439 1736 4494 libero
1754 4440 1985 4495 arbitrio.

588 4517 611 4582 ξ
639 4505 830 4582 Colon.
862 4515 970 4582 v_et_.
992 4506 1148 4582 edit.,
1175 4508 1338 4582 quod,
1364 4508 1450 4563 hic
1477 4519 1534 4565 et
1554 4511 1714 4580 paulo
1736 4519 1879 4582 post.

582 4575 611 4613 ἀ
637 4578 725 4650 _S_ic
754 4576 990 4650 ιιιιιμιωξ
1018 4578 1143 4650 Alii,
1161 4575 1247 4650 De
1272 4580 1379 4649 lege
1400 4588 1447 4633 et
1470 4575 1696 4650 peccato.

586 4657 610 4685 ο
638 4647 737 4721 Ms.
771 4646 1047 4721 Joliensis,
1080 4647 1217 4703 Sciri
1246 4646 1497 4704 enim"...
1528 4668 1678 4721 quam
1709 4653 1897 4719 caveri,
1930 4660 1991 4709 ut
2035 4650 2093 4707 in

514 4718 907 4787 IibroiAuguSt.
932 4719 1073 4772 unde
1102 4729 1315 4787 sumpta
1344 4731 1426 4774 est
1456 4718 1742 4776 sententia.

571 4787 609 4871 ,ί
636 4786 841 4872 Colon:
860 4797 969 4872 vet.
1000 4787 1185 4872 edit.,.
1217 4786 1282 4842 de
1310 4789 1559 4872 charitate
1585 4794 1832 4863 procedit.
1855 4793 1953 4850 Ms.
1987 4791 2094 4849 Re-

511 4860 762 4941 mig.,_de
790 4859 1039 4913 charitate
1068 4858 1243 4941 radice
1257 4861 1519 4942 procedit.
1585 4858 1595 4863 ⁷

524 4999 554 5005 _
585 4939 610 4976 ε
626 4933 731 5005 _Sic
758 4943 861 5005 ms.
887 4927 1165 4985 Joliensis.
1185 4930 1290 4984 Alit
1316 4930 1459 5001 libri,
1483 4931 1562 4987 De
1582 4932 1716 5005 lege.
1739 4935 1932 4992 Colon.
1956 4944 2092 5003 vet.,

513 4999 591 5053 De
618 4999 728 5066 lege
756 4999 809 5052 in
836 5008 1041 5054 natura.

583 5068 611 5106 ιι
642 5070 767 5124 Mss.
795 5068 1136 5139 Remigianus
1157 5079 1207 5125 et
1231 5069 1487 5127 Joliensis
1508 5073 1667 5130 aliter
1689 5077 1887 5133 habent
1914 5076 2093 5133 locum

512 5142 673 5219 istum
700 5155 716 5192 :
748 5139 955 5195 scilicet
976 5143 1449 5219 post,_itaturali_ter
1471 5144 1690 5219 faciunt,
1713 5158 1952 5219 superato
1972 5148 2095 5202 vitio

511 5212 647 5287 quod
680 5220 893 5287 naturte_
932 5212 1232 5287 prasidium
1280 5212 1405 5283 legis
1452 5212 2094 5287 abstulerat.'Augnstini

513 5278 670 5352 verba
701 5290 849 5347 sunt,
879 5278 999 5335 loco
1024 5282 1188 5352 citato
1213 5283 1265 5336 in
1296 5278 1536 5352 margine
1566 5302 1579 5338 :
1616 5285 1847 5341 Proinde
1873 5278 2095 5342 nvatura-

512 5352 626 5425 liter
652 5348 881 5425 homines
900 5366 1014 5418 quia
1042 5351 1169 5424 legis
1191 5363 1310 5425 sunt
1339 5348 1569 5423 faciunt;
1598 5359 1685 5425 qui
1705 5360 1840 5410 enim
1869 5359 1963 5411 hoc
1989 5375 2095 5414 non

510 5419 733 5491 faciunt,
775 5420 894 5472 uitio
924 5436 1015 5473 suo
1065 5419 1167 5475 n'on
1195 5419 1411 5491 faciunt.
1450 5426 1563 5490 Quo
1606 5419 1728 5480 uitio
1772 5428 1854 5481 lex
1894 5426 1989 5483 Dei
2018 5438 2097 5483 est

509 5490 678 5566 deleta
700 5488 762 5541 de
790 5491 1024 5566 cgrdibus
1048 5507 1067 5545 :
1096 5508 1157 5566 ac
1189 5488 1278 5561 per
1308 5494 1403 5548 hoc
1428 5488 1550 5549 uitio
1589 5508 1793 5566 sanato,
1837 5515 1950 5553 cum
1980 5499 2091 5554 illis

509 5558 924 5631 scribitur,_ﬁunt
941 5576 1066 5631 quas
1094 5558 1218 5631 legis
1244 5574 1363 5619 sunt
1390 5566 1711 5622 naturaliter.

584 5630 602 5669 ι
639 5628 737 5683 Ms,
769 5628 901 5692 10L,
932 5628 1242 5689 inscribilur.

581 5706 597 5776 ι
639 5698 792 5776 Apud
818 5701 1276 5776 Augu_st.,_negata
1296 5708 1362 5761 sit
1391 5712 1578 5776 gratia.

576 5768 608 5811 ι
637 5767 737 5830 Ms.
758 5767 1035 5839 Joliensis,
1063 5767 1212 5840 Quod
1232 5792 1333 5834 non
1350 5767 1628 5849 gloriemur
1649 5785 1712 5841 de
1733 5785 1940 5858 habitis,
1965 5798 2092 5847 tam-

2271 3265 2389 3323 Non
2411 3277 2494 3323 est
2521 3268 2575 3322 in
2603 3265 2841 3322 carendo
2871 3264 3183 3331 difﬁcultas,
3215 3264 3317 3319 nisi
3342 3278 3466 3320 cum
3502 3273 3583 3321 est
3610 3267 3657 3319 in
3686 3260 3769 3317 ba-

2201 3359 2381 3418 beudo
2423 3359 2690 3429 cupiditas
2732 3376 2745 3412 :
2777 3366 2831 3415 et
2860 3357 2983 3414 ideo
3013 3355 3066 3413 id
3113 3356 3288 3412 solum
3336 3367 3490 3414 recte
3530 3357 3769 3427 diligitur.

2200 3450 2348 3521 quod
2380 3464 2673 3519 numquam
2700 3449 2840 3505 bene
2869 3449 3136 3504 amittitur
3165 3447 3319 3519 (Aug.
3348 3448 3478 3502 ibid.
3512 3466 3557 3502 c.
3580 3447 3683 3516 18).

2232 3537 2485 3597 CCLXVI
2515 3537 2682 3611 [Alias
2700 3534 2974 3609 CCLXV].
3002 3546 3031 3577 τ
3055 3536 3135 3592 De
3152 3537 3415 3607 insipienti
3443 3535 3743 3608 eloquentia.

2271 3634 2375 3701 Qui
2401 3632 2574 3688 afﬂuit
2596 3642 2624 3670 ι
2653 3629 2933 3703 insipienti
2961 3630 3294 3702 eloquentia,
3324 3638 3481 3687 tanto
3512 3630 3675 3700 magis
3699 3640 3777 3681 ca-

2198 3725 2409 3783 vendus
2436 3733 2541 3794 est,
2587 3732 2790 3797 quanto
2816 3723 2987 3795 magis
3030 3723 3099 3781 ab
3122 3739 3210 3794 eo,
3244 3724 3298 3780 in
3330 3724 3415 3780 bis
3442 3739 3570 3795 quae
3610 3720 3776 3777 audire

2200 3818 2393 3877 inutile
2420 3826 2524 3886 est,
2555 3816 2856 3878 demetatur
2882 3815 3119 3885 auditor,
3166 3825 3223 3873 et
3248 3830 3371 3873 eum
3398 3831 3566 3887 quem
3606 3821 3777 3870 ornate

2202 3908 2385 3967 dicere
2416 3907 2589 3975 audit,
2620 3909 2781 3964 etiam
2811 3923 2940 3965 vere
2983 3906 3168 3966 dicere
3212 3906 3490 3965 existimat
3512 3906 3668 3980 (Aug.
3693 3902 3772 3958 tib.

2204 4016 2257 4058 tv
2288 4003 2350 4058 de
2376 4001 2525 4057 Doct.
2559 3998 2769 4072 Christi,
2801 4015 2851 4055 c.
2882 3999 2961 4073 5).

2200 4173 2356 4227 quam
2386 4172 2488 4211 non
2517 4165 2761 4224 acceptis.

2214 4302 2223 4308 _
2280 4224 2299 4266 ι
2332 4227 2433 4308 Ψ.
2460 4226 2738 4308 Joliensis.
2769 4227 2825 4280 in
2854 4241 2911 4280 eo
2940 4228 3098 4308 quod.
3154 4296 3183 4308 ,α
3280 4304 3289 4308 Δ
3326 4296 3337 4308 ⁸

2214 4302 2223 4310 ”
2274 4308 2315 4335 ω
2347 4298 2477 4353 Mss.
2508 4297 2877 4367 Remigianus,
2910 4296 3209 4367 captioauit,
3240 4304 3297 4352 et
3324 4295 3488 4363 infra,
3520 4295 3658 4351 Nam
3699 4301 3779 4347 aut

2203 4383 2311 4424 non
2339 4384 2452 4423 uere
2481 4368 2651 4423 habet.
3092 4418 3093 4421 η

2275 4448 2304 4476 ιι
2333 4439 2422 4495 Sic
2449 4452 2550 4492 ms.
2582 4437 2859 4494 Joliensis.
2880 4508 2885 4509 ί
2908 4437 3039 4509 Alii,
3080 4436 3159 4509 De
3187 4436 3391 4491 homine
3428 4451 3486 4509 et
3514 4436 3781 4509 superbia;

2203 4509 2318 4576 alii,
2361 4509 2438 4564 De
2467 4508 2971 4581 hominissuperbia.
3000 4506 3194 4565 Colon.
3224 4517 3337 4565 vet.
3374 4508 3534 4575 edit.,
3579 4505 3663 4561 'De
3703 4521 3782 4560 su-

2116 4569 2172 4631 D
2197 4569 2371 4652 perbia
2398 4578 2778 4652 inobedienticg.

2271 4660 2295 4687 ο
2327 4652 2426 4733 Ms.
2452 4650 2691 4733 Ilemigw
2722 4649 2831 4705 Sed
2869 4650 2991 4720 quia
3008 4650 3240 4705 mortalis
3268 4648 3431 4720 (forte
3460 4646 3779 4714 immortalis)

2202 4738 2311 4779 esse
2343 4722 2523 4775 voluit.

2266 4804 2296 4843 ι)
2330 4794 2430 4848 ills.
2462 4791 2715 4857 Joliens.,
2744 4800 2792 4846 et
2817 4791 3162 4846 inobedientia
3190 4792 3461 4862 superbiat.

2272 4873 2301 4913 (ι
2327 4862 2427 4939 _Ms.
2459 4862 2720 4939 gqliensis
2749 4863 2964 4931 supplet
2974 4864 3296 4939 ει-ριηεηεῑοΖ
3428 4930 3463 4939 _
3532 4930 3565 4939 _
3644 4930 3657 4939 _
3694 4882 3695 4885 η
3728 4927 3756 4939 γ’

2274 4944 2296 4972 τ
2326 4934 2422 4989 Ms.
2450 4932 2734 5008 Johaddit
2753 4930 2941 5008 v_oc_em
2961 4930 3151 4986 Dei'ad
3177 4931 3391 5008 titulum
3418 4930 3499 4985 De
3523 4930 3785 5008 Sapientia

2200 5004 2428 5061 aliorum
2456 5004 2723 5074 codicum.
2763 5002 2973 5074 Colon.)
2996 5012 3103 5057 vet.
3138 5004 3295 5065 edit.,
3339 5002 3419 5074 De
3437 5002 3702 5074 sapientia
3738 5002 3788 5050 in

2199 5072 2616 5147 contemplanda.
2646 5073 2807 5147 Forte
2836 5072 3047 5147 plenius
3067 5074 3362 5141 diceretur,
3392 5070 3787 5147 Qudre_sapiett-

2198 5148 2271 5229 tia
2296 5140 2968 5229 Dei'ad'hominespeiierit
2996 5158 3087 5214 per
3124 5159 3354 5198 caruerit.
3397 5142 3531 5210 Aut,
3560 5140 3670 5197 Cur
3704 5154 3787 5194 sa-

2200 5218 2393 5287 pientia
2422 5216 2516 5269 Dei
2540 5218 2808 5269 inearnata
2832 5216 2919 5269 sit.

2275 5296 2297 5325 ⁸
2333 5288 2433 5343 llis.
2462 5284 2593 5349 Jol.,
2624 5285 2703 5339 De
2730 5285 2886 5339 odore
2914 5285 3057 5340 bonae
3087 5285 3265 5354 fama.

2276 5361 2295 5394 ί
2324 5357 2412 5411 Sic
2440 5370 2569 5411 mss.
2602 5355 2893 5427 Ilemig.’et
2922 5355 3048 5422 10L,
3073 5351 3641 5427 conformiteritextai
3690 5351 3794 5408 Au.

2199 5428 2398 5500 guStini
2445 5428 2565 5480 loco
2606 5426 2775 5481 citato
2820 5426 2873 5480 in
2918 5427 3179 5497 margine.
3222 5427 3329 5481 Alii
3352 5426 3596 5495 codices,
3642 5435 3793 5495 quam

2199 5501 2532 5553 auisuue.....
2561 5495 2754 5553 haurit.
2784 5496 2909 5550 dum
2936 5495 3146 5553 Christi.
3176 5505 3285 5553 etc.

2198 5514 2532 5569 quisque"...
2561 5512 2754 5560 unum,
2784 5512 2909 5550 aum
2936 5512 3146 5563 Lnnsu,
3176 5512 3285 5553 etc.

2274 5580 2301 5607 υ
2329 5568 2530 5648 I_ta__ms.
2564 5567 2973 5648 Joliensis._Alii
2997 5568 3231 5648 eodices,
3263 5566 3678 5648 Decupiditatc.

2271 5652 2301 5681 τ
2332 5641 2684 5709 Alii,pra:ter
2705 5655 2809 5692 ms.
2830 5637 2961 5703 Jol.,
2992 5636 3071 5692 De
3099 5639 3387 5708 eloquentia
3409 5636 3724 5709 insipientis.

2276 5721 2303 5750 ι
2334 5712 2433 5767 Ms.
2467 5708 2701 5780 Ilemig.,
2732 5710 3041 5785 insipientia
3066 5710 3379 5780 eloquentia.
