4006 6356
314 380 413 439 ωδ

768 378 973 437 LIBER
1010 376 1549 438 SENTENTIARUM
1587 376 1685 435 EX
1723 376 2065 439 OPERIBUS
2102 380 2162 439 S.
2204 380 2581 443 AUGUSTINI
2624 380 3133 447 DELIBATARUM.

3484 393 3593 453 ιω

379 492 657 552 CCLXVII
690 494 855 568 [Alias
882 492 1180 570 CCLXVI].
1214 504 1239 531 ι
1273 493 1349 549 De
1376 493 1551 549 indole
1578 492 1827 549 bonorum
1921 497 1977 558 Δ
2001 509 2167 566 quam
2190 489 2584 553 desideratum.
2610 495 2784 553 Nemo
2805 490 2949 553 enim
2980 500 3107 570 plus
3136 499 3205 557 de
3235 500 3331 557 illo
3362 504 3597 562 :estimat

939 567 1275 638 ingeniorum.

376 680 651 737 Bonorum
684 679 1021 753 ingeniorum
1049 678 1199 736 clara
1228 689 1312 736 est
1340 678 1576 747 indoles,
1618 678 1675 735 in
1714 677 1899 735 verbis

308 772 691 829 disserentium
737 786 925 828 verum
972 786 1178 836 amare.
1229 786 1338 826 non
1372 770 1554 827 verba.
1585 769 1723 839 Quid
1751 770 1897 828 enim

306 864 526 937 prodest
550 864 718 921 clavis
746 878 932 932 aurea,
975 864 1021 920 si
1065 864 1280 935 aperire
1316 862 1457 935 quod
1504 863 1754 919 volumus
1786 879 1898 920 non

306 959 517 1027 potest?
532 966 627 1013 aut
650 955 782 1028 quid
802 956 961 1013 obest
982 956 1183 1027 lignea,
1204 954 1231 995 ι’
1250 956 1296 1012 si
1322 955 1424 1012 hoc
1446 958 1659 1027 potest?
1680 955 1898 1026 quando

302 1048 436 1105 nihil
479 1049 796 1119 quaerimus,
835 1048 937 1105 nisi
968 1054 1153 1119 patere
1177 1046 1324 1120 quod
1352 1047 1599 1104 clausum
1626 1055 1709 1104 est
1733 1048 1893 1118 (Aug.

301 1144 456 1209 ibid.,
488 1162 537 1201 ι’.
566 1145 681 1217 Η).

334 1232 636 1294 CCLXVIII
668 1233 1186 1310 [AliasCCLXVII].
1220 1246 1241 1275 ο
1271 1233 1351 1292 De
1380 1236 1648 1308 diligendo
1676 1245 1724 1293 et
1754 1252 1856 1293 non

815 1307 1081 1380 diligendo
1107 1307 1395 1380 peccatore.

368 1418 562 1476 Omnis
590 1430 863 1491 peccator,
892 1419 947 1476 in
978 1432 1236 1489 quantum
1269 1430 1519 1491 peccator
1541 1430 1646 1488 est,
1673 1437 1782 1479 non
1808 1430 1893 1479 est

292 1512 632 1584 diligendus;
686 1522 744 1569 et
784 1512 963 1569 omnis
1006 1512 1194 1581 homo,
1218 1514 1271 1569 in
1298 1523 1559 1585 quantum
1592 1514 1755 1571 homo
1783 1522 1886 1583 est,

291 1605 601 1677 diligendus
621 1612 705 1661 est
726 1614 945 1675 propter
965 1605 1157 1669 Deum.
1188 1606 1332 1661 Deus
1348 1621 1477 1662 vero
1501 1614 1722 1677 propter
1745 1608 1891 1679 seip-

291 1711 412 1752 sum
439 1713 454 1751 :
478 1710 509 1750 a
539 1709 647 1765 quo
675 1695 872 1751 habent
902 1710 1091 1751 omnes
1111 1697 1203 1767 qui
1232 1712 1353 1753 eum
1383 1698 1636 1769 diligunt,
1662 1708 1718 1755 et
1741 1700 1888 1771 quod

289 1800 440 1857 sunt,
470 1798 526 1845 et
548 1790 691 1860 quod
722 1803 847 1845 eum
876 1790 1107 1862 diligunt
1136 1790 1295 1862 (Aug.
1320 1792 1358 1846 l.
1384 1791 1487 1847 tde
1516 1790 1669 1847 Doct.
1693 1792 1887 1850 Christi

286 1902 336 1939 ε.
370 1884 489 1955 27).
807 1937 821 1957 ,

286 1974 544 2035 CCLXIX
563 1981 731 2054 [Alias
750 1977 1314 2108 CCLXXIglhfsgltod
1338 1984 1507 2054 prima
1532 1983 1779 2057 adpeum
1804 1987 1888 2040 ria

914 2054 977 2108 sit
1004 2052 1263 2109 Christus.

357 2160 520 2237 εει
539 2162 801 2220 Dominus
818 2164 916 2235 ait,
942 2164 1053 2236 Ego
1074 2181 1186 2220 sum
1206 2165 1310 2231 via,
1328 2166 1535 2234 veritas,
1566 2174 1615 2221 et
1635 2166 1757 2220 vita.
1775 2165 1887 2224 lloc

284 2263 395 2320 εει,
417 2268 508 2323 per
521 2268 608 2309 me
631 2254 869 2323 venitur,
893 2255 960 2311 ad
977 2271 1062 2312 me
1076 2257 1417 2327 pervenitur,
1438 2258 1489 2311 in
1511 2272 1596 2313 me
1611 2265 1882 2314 manetur.

286 2343 423 2398 Cum
450 2345 595 2401 enim
608 2346 674 2402 ad
694 2348 865 2419 ipsum
881 2348 1215 2419 pervenitur,
1236 2349 1401 2405 etiam
1429 2348 1497 2403 ad
1524 2347 1737 2406 Patrem
1760 2364 1885 2421 per-

294 2434 543 2501 venitur,
555 2438 678 2508 quia
694 2454 795 2510 per
808 2440 1073 2511 aqualem
1098 2440 1208 2503 ille,
1224 2440 1311 2495 cui
1324 2440 1548 2510 aequalis
1562 2448 1669 2507 est,
1684 2455 1887 2513 cogno-

283 2528 476 2597 scitur;
500 2531 776 2590 vinciente
801 2541 965 2605 atque
980 2542 1004 2571 ο
1025 2534 1397 2605 agglutinante
1415 2548 1515 2590 nos
1532 2534 1735 2605 Spiritu
1755 2549 1883 2591 san-

284 2630 396 2690 cto,
418 2634 479 2679 ut
502 2624 557 2679 in
574 2639 791 2681 summo
816 2636 983 2697 atque
1009 2625 1438 2682 incommutabili
1466 2626 1610 2683 bono
1630 2626 1751 2684 sine
1773 2625 1882 2685 ﬂne

286 2728 600 2771 maneamus
628 2716 795 2789 (Aug.
830 2717 983 2784 ibid.,
1015 2734 1063 2773 ο.
1093 2718 1211 2788 at).

289 2805 516 2864 CCLXX
536 2806 702 2880 (Alias
724 2807 1020 2881 CCLXIX].
1043 2808 1063 2883 ἰ
1086 2809 1437 2883 Ωιιοάίνηειίοιν
1455 2810 1523 2865 sit
1542 2810 1631 2882 qui
1650 2810 1876 2883 fallitur,

802 2896 955 2951 quam
980 2882 1065 2951 qui
1097 2882 1363 2937 mentitur.

356 2992 554 3048 Multos
606 2992 912 3049 invenimus
958 2993 1048 3063 qui
1084 2992 1275 3049 fallere
1310 2992 1504 3061 velint,
1553 2995 1644 3066 qui
1692 3004 1876 3052 autem

280 3084 414 3153 falli,
466 3087 766 3142 neminem.
800 3086 932 3143 Cum
972 3101 1105 3142 vero
1144 3086 1249 3141 hoc
1290 3085 1428 3142 alius
1465 3087 1647 3143 sciens
1692 3086 1874 3156 iaciat,

277 3176 417 3232 alius
447 3178 700 3234 nesciens
722 3178 954 3248 patiatur
972 3220 989 3245 ,
1016 3178 1153 3235 satis
1180 3186 1427 3250 apparet,
1448 3178 1501 3235 in
1526 3195 1634 3235 una
1658 3178 1876 3236 eadem-

2007 586 2211 657 quami
2245 603 2305 646 se
2335 589 2518 657 habet,
2550 598 2611 645 ut
2655 590 2748 645 liat
2796 590 2978 657 vilius,
3020 591 3146 662 quia
3191 604 3467 663 speratum
3510 604 3598 654 est

2010 679 2295 751 amplius:
2342 681 2438 737 sed
2485 688 2634 738 tanta
2686 688 2770 737 est
2816 682 2890 737 ibi
2933 683 3275 750 excellentia,
3322 694 3381 742 ut
3424 687 3595 745 multo

2007 773 2162 843 plus!
2200 773 2455 844 adeptura
2484 774 2555 830 sit
2584 775 2843 843 cbaritas,
2870 790 3032 846 quam
3056 776 3141 831 vel
3170 776 3306 833 ﬁdes
3337 777 3590 845 credidit,

2000 865 2084 920 vel
2115 880 2239 937 spes
2267 865 2596 922 desideravit
2629 867 2789 940 (Aug.
2818 866 2973 934 ibid.,
3004 883 3051 922 c.
3086 866 3200 940 58).

1998 978 2280 1037 CCLXXII
2318 980 2501 1052 [Alias
2547 977 2886 1107 CCL‘X'XiIILh
2911 981 2989 1036 De
3032 982 3169 1052 fame
3209 992 3254 1038 et
3291 980 3317 1023 ¹ι
3375 984 3592 1055 fastidia

2666 1061 2906 1123 spiritali.

2068 1141 2168 1211 Qui
2210 1141 2263 1197 in
2306 1140 2603 1212 Scripturis
2650 1142 2857 1197 sanctis
2886 1156 2995 1198 non
3027 1141 3354 1200 inveniunt.1
3391 1147 3592 1199 verita-

1996 1241 2106 1290 tem
2134 1248 2296 1306 quam
2333 1242 2605 1305 quaerunt,
2638 1234 2779 1289 tame
2820 1233 3104 1290 laborant:
3134 1236 3228 1307 qui
3268 1246 3448 1291 autem
3479 1250 3588 1291 non

1994 1333 2246 1396 quaarunt
2272 1325 2415 1396 quod
2450 1326 2501 1381 in
2530 1336 2780 1397 promptu
2810 1324 3035 1391 habent,
3082 1325 3285 1383 fastidii
3328 1328 3588 1399 languore

1995 1426 2373 1485 marcescunt;
2401 1425 2457 1473 et
2480 1433 2577 1489 par
2603 1427 2956 1489 utrorumque
2987 1418 3286 1489 periculum
3317 1430 3422 1488 est,
3453 1422 3586 1477 dum

1993 1499 2273 1579 sapientia:
2312 1508 2492 1564 cibum
2538 1518 2595 1565 et
2637 1509 2745 1565 illis
2802 1510 3116 1579 obcaecatio,
3170 1518 3226 1568 et
3269 1512 3354 1570 his
3409 1513 3585 1570 inedia

1990 1601 2259 1657 subtrahit
2289 1602 2446 1675 (Aug.
2480 1602 2570 1656 lib.
2602 1617 2638 1656 ιι
2667 1602 2729 1656 de
2758 1599 2908 1657 Doct.
2938 1600 3131 1658 Christ.
3164 1621 3210 1657 c.
3241 1602 3319 1676 6).

1988 1692 2290 1751 CCLXXII]
2318 1695 2496 1769 [Alias
2524 1692 2866 1767 CCLXXII].
2902 1695 2977 1750 De
3008 1696 3269 1751 laboribus
3290 1706 3330 1735 ω
3358 1699 3580 1769 piorum.

2061 1787 2185 1844 Non
2212 1798 2331 1844 sunt
2368 1790 2636 1861 condigna
2670 1791 2936 1861 passiones
2976 1790 3133 1858 huius
3164 1793 3423 1859 temporis,
3460 1802 3488 1831 ιι
3511 1794 3583 1847 ad

1910 1881 1958 1943 Β
1986 1884 2215 1952 futuram
2242 1880 2482 1952 gloriam,
2512 1897 2628 1952 qui:
2655 1881 2961 1937 revelabitur
2990 1882 3042 1936 in
3073 1883 3241 1937 nobis.
3267 1882 3430 1956 582
3469 1884 3584 1943 sm-

1991 1972 2101 2026 viat
2147 1980 2201 2029 et
2239 1974 2432 2029 tremat
2480 1973 2733 2039 mundus,
2785 1974 3028 2044 increpet
3076 1972 3294 2045 linguis,
3330 1984 3583 2034 coruscet

1988 2064 2192 2120 armis:
2227 2064 2489 2135 quidquid
2528 2064 2741 2133 fecerit,
2779 2074 2803 2101 ο
2836 2076 3097 2136 quantum
3130 2066 3261 2122 illud
3291 2066 3396 2123 erit
3416 2068 3484 2124 ad
3520 2068 3581 2124 id

1988 2155 2133 2225 quod
2162 2156 2437 2228 accepturi
2469 2171 2655 2212 sumus
2677 2158 2700 2210 l
2726 2156 2995 2228 Appendo
3018 2157 3161 2227 quod
3193 2156 3363 2227 patior
3387 2167 3579 2217 contra

1989 2246 2041 2303 id
2068 2248 2210 2319 quod
2254 2264 2450 2319 spero;
2498 2248 2602 2305 hoc
2636 2249 2854 2319 quidem
2894 2250 3088 2319 sentio,
3122 2249 3253 2306 illud
3281 2265 3480 2322 spero:
3522 2260 3580 2309 et

1987 2348 2165 2397 tamen
2243 2342 2737 2411 incomparabiliter
2776 2342 2950 2412 majus
3002 2352 3086 2400 est
3135 2343 3277 2415 quod
3329 2354 3578 2415 speratur

1985 2448 2145 2501 quam
2194 2435 2337 2505 quod
2376 2435 2679 2492 Pinl'ertur.
2736 2437 3006 2507 Quidquid
3060 2446 3147 2493 est
3198 2437 3342 2510 quod
3385 2447 3576 2495 contra

1982 2523 2184 2580 Christi
2232 2542 2431 2583 nomen
2484 2528 2660 2594 saevit,
2712 2529 2755 2582 si
2804 2538 3033 2598 potestq
3082 2529 3243 2599 vinci,
3294 2530 3577 2587 tolerabile

1982 2627 2099 2683 est;
2144 2619 2191 2673 si
2239 2633 2345 2674 non
2389 2628 2598 2691 potest,
2638 2620 2855 2689 prolicit
2903 2621 3124 2691 prmmio
3176 2620 3337 2677 citius
3383 2636 3577 2681 conse-

1981 2714 2219 2786 quendo,
2246 2724 2267 2753 ¹’
2301 2724 2357 2771 et
2402 2714 2524 2770 linis
2552 2713 2865 2784 temporalis
2908 2714 3031 2768 mali
3064 2714 3260 2770 transit
3295 2714 3348 2771 in
3387 2729 3576 2784 perce-

1982 2805 2220 2876 ptionem
2270 2805 2458 2861 interni
2518 2804 2642 2859 boni
2682 2802 2839 2877 (Aug.
2891 2820 3045 2861 serm.
3096 2805 3235 2872 279,
3285 2806 3350 2860 de
3400 2805 3573 2863 Paulo

1980 2909 2175 2969 apost.,
2198 2916 2252 2954 n.
2285 2898 2363 2967 4).
2588 2901 2596 2911 '

2123 2992 2429 3050 CCLXXIV
2466 2992 2632 3067 [Alias
2664 2990 3011 3064 CCLXXIII].
3048 2990 3126 3046 De
3154 2992 3428 3048 charitate.

2050 3088 2186 3146 Cum
2201 3089 2253 3144 in
2268 3087 2481 3143 duobus
2494 3088 2779 3157 praeceptis
2789 3084 3070 3140 charitatis
3090 3092 3200 3140 tota
3214 3085 3326 3141 Lex
3340 3085 3573 3156 pendeat

1978 3189 2035 3237 et
2049 3180 2358 3252 Propltetm,
2377 3188 2579 3251 quanto
2603 3188 2625 3216 ι
2653 3178 2825 3249 magis
2844 3189 2930 3234 est
2944 3177 3441 3249 Evangelium,quo
3456 3178 3573 3236 Lex

276 3283 381 3338 que
412 3283 498 3337 re,
526 3269 679 3326 illum
708 3271 800 3342 qui
827 3270 1052 3339 fallitur,
1084 3286 1153 3327 eo
1178 3272 1272 3343 qui
1298 3272 1561 3328 mentitur
1591 3286 1718 3329 esse
1759 3287 1875 3331 me-
1897 3266 1945 3333 Ο
1977 3290 2089 3331 non
2116 3274 2375 3341 solvitur,
2399 3272 2494 3329 sed
2522 3271 2877 3342 adimpletur,
2899 3280 2956 3328 et
2981 3271 3048 3328 de
3073 3286 3181 3343 quo
3202 3271 3462 3329 Dominus
3490 3271 3573 3329 di-

282 3361 519 3426 liorem;
556 3362 770 3432 quando
799 3362 1018 3434 quidem
1049 3364 1160 3435 pati
1192 3363 1387 3421 melius
1419 3374 1505 3421 est
1531 3363 1868 3437 iniquitatem

272 3470 434 3526 quam
464 3453 649 3512 lacere
679 3457 835 3529 (Aug.
860 3456 1017 3527 ibid.,
1045 3472 1093 3513 ε.
1127 3457 1242 3531 56).

272 3564 537 3623 CCLXXI
580 3566 759 3643 [Alias
813 3566 1087 3641 CCLXX].
1124 3578 1149 3618 8
1180 3568 1258 3626 De
1301 3570 1574 3643 dilectione
1621 3571 1871 3630 bonorum

644 3647 974 3704 internarum,
997 3640 1087 3695 aut
1112 3640 1495 3713 temporalium.

341 3732 497 3790 Inter
528 3733 851 3803 temporalia
880 3744 1042 3805 atque
1072 3744 1275 3791 aeterna
1313 3736 1416 3792 hoc
1446 3735 1695 3807 interest,
1724 3739 1871 3812 quod

272 3822 586 3896 temporale
608 3820 632 3861 ιι
663 3822 867 3895 aliquid
896 3824 1021 3895 plus
1066 3824 1307 3897 diligitur
1349 3835 1639 3899 antequam
1670 3830 1873 3887 habea-

272 3923 384 3983 tur,
419 3914 635 3971 vilescit
662 3925 843 3971 autem
869 3930 991 3971 cum
1021 3916 1334 3984 advenerit;
1375 3932 1483 3974 non
1528 3919 1673 3976 enim
1712 3920 1872 3977 satiat

270 4009 542 4076 animam,
589 4007 690 4062 nisi
740 4007 1175 4080 incorruptibilis
1221 4010 1402 4081 gaudii
1442 4026 1569 4068 vera
1615 4019 1672 4068 et
1723 4022 1871 4070 certa

269 4098 562 4154 :cternitas
584 4116 595 4150 :
617 4107 879 4154 aeternum
899 4114 1029 4155 vero
1041 4099 1320 4155 ardentius
1337 4100 1580 4173 diligitur
1591 4101 1868 4175 adeptum,

342 4267 371 4296 ι
403 4257 509 4334 Ms.
548 4256 821 4334 Joliensis,
866 4258 961 4334 _De_
1006 4260 1177 4334 indole
1215 4261 1557 4334 ingeniorum.
1606 4262 1734 4326 Alii,
1789 4262 1868 4319 De

265 4330 513 4403 ingenio;
532 4328 778 4385 addimus
799 4330 988 4401 priori,
1004 4328 1370 4400 bonorum,'ex
1394 4340 1543 4387 textu
1560 4334 1863 4391 sententiae.

339 4401 370 4441 δ
406 4400 512 4455 Ms.
543 4399 776 4457 Remia..
802 4402 846 4456 si
870 4402 1070 4457 aperire
1102 4411 1283 4457 potest.

341 4418 370 4441 ιι
406 4418 512 4455 sss.
543 4418 776 4470 nemtg.,
802 4418 845 4456 st
870 4418 1070 4471 aperire
1102 4418 1283 4473 pateat.

341 4483 369 4548 ε
402 4471 501 4548 _S_ic
534 4485 633 4548 ms.
675 4471 959 4548 ngiensis.‘
982 4472 1231 4548 Reliqui,
1249 4471 1328 4528 De
1352 4473 1555 4529 homine
1580 4486 1865 4548 peccatore.

335 4540 365 4580 ⁸
403 4542 511 4597 Ms.
533 4540 662 4615 .Iol..
691 4542 804 4615 Ego
840 4559 965 4615 sum,
993 4544 1095 4615 via,
1121 4540 1337 4610 'reritas,
1388 4554 1437 4599 et
1464 4540 1591 4600 vita.
1631 4547 1758 4611 Alii,
1792 4547 1868 4602 lte

261 4612 690 4667 incommutabili
720 4612 873 4668 bona.
907 4612 1142 4669 Titulum
1173 4628 1202 4667 a
1232 4615 1388 4669 nobis
1424 4616 1776 4673 substitutum
1801 4632 1869 4675 ex

266 4682 737 4753 ΙίΙπονΑυειιειίηἱ
767 4684 955 4749 citato,
981 4692 1043 4739 ut
1068 4684 1392 4753 pleniorem,
1425 4686 1725 4745 hausimus.

342 4764 380 4838 Ἀ
418 4752 497 4835 Ita
523 4752 848 4838 ms._..lol._et
878 4755 1014 4811 liber
1043 4752 1273 4824 August.
1299 4752 1495 4813 citatus
1521 4759 1576 4815 in
1606 4759 1867 4829 margine.

260 4823 502 4892 Galeri,
534 4824 839 4898 glutinante.
1140 4823 1147 4824 ί

268 4963 287 4979 θ
344 4894 370 4979 ς
399 4894 505 4979 _S_ic
531 4911 632 4979 ms:
658 4895 763 4979 Jol.
797 4896 1041 4979 _A.liiLDe
1069 4897 1335 4979 mendacio
1370 4906 1417 4952 et
1448 4898 1685 4979 fallacia.

268 4963 303 5051 ξ.
342 4965 847 5051 sMs.‘Jol._,._Quid
892 4968 1041 5051 distet
1088 4969 1219 5051 inter
1252 4963 1558 5051 temporalia
1587 4982 1634 5025 et
1657 4979 1871 5031 aeterna.

258 5036 394 5118 (ἶρις
451 5044 564 5093 vet.
604 5037 761 5105 edit.,
786 5037 864 5093 De
894 5038 1171 5109 diligendis
1194 5036 1396 5093 (uternis
1431 5040 1574 5096 bonis
1602 5053 1647 5097 et
1678 5054 1872 5114 tempo-

259 5108 511 5262 ,ἶπξέὺὲθῖ
540 5179 657 5262 Jol._
668 5178 826 5262 addit
836 5179 1055 5262 aliquid,
1070 5181 1215 5252 quod
1236 5180 1435 5262 legitur
1458 5181 1508 5235 in
1534 5181 1865 5262 Augustino;

257 5250 357 5306 alii
415 5264 531 5305 non
558 5250 780 5334 addunt.
812 5250 953 5334 Idem
981 5250 1187 5334 postea,
1234 5251 1572 5334 habent.ur....
1618 5250 1863 5322 animam,

257 5334 369 5391 pro
397 5334 475 5375 eo
502 5320 645 5391 quod
671 5322 723 5376 in
747 5320 1243 5388 cmteris,ihabetur,
1272 5332 1319 5375 et
1336 5322 1583 5378 animum.
1851 5320 1858 5322 '

339 5389 357 5429 ί
396 5389 508 5463 Ms.
536 5391 643 5463 Jol.
669 5407 741 5463 _se
772 5394 943 5463 habet,
993 5400 1052 5446 ut
1106 5393 1158 5447 in
1206 5394 1430 5463 August.
1473 5394 1592 5449 loco
1619 5394 1783 5451 citato
1812 5396 1864 5453 in

253 5462 543 5541 margine.
572 5461 798 5519 Codices
824 5462 938 5529 alii,
968 5462 1032 5517 de
1052 5479 1106 5518 se
1129 5461 1312 5547 habet..—

334 5530 532 5610 [μεθ.
561 5532 719 5610 IIem.
765 5541 821 5589 ct
846 5533 981 5600 lol.,
1009 5534 1197 5605 adepta
1239 5543 1327 5589 sit.
1370 5534 1475 5591 Jol.
1512 5552 1639 5594 vero
1678 5547 1861 5610 postea

250 5604 533 5661 credit...
560 5604 841 5659 desiderat.

330 5674 361 5714 ι
392 5674 708 5750 _Al_i_as_editi
755 5675 1026 5731 habebant
1049 5682 1111 5750 _et
1153 5676 1345 5733 inedia.
1380 5677 1567 5735 Melius
1608 5680 1859 5750 fastidio;

333 5744 436 5818 od_
451 5744 801 5818 distinguitur
826 5755 1015 5802 contra
1042 5746 1239 5805 famem
1270 5750 1323 5802 in
1365 5757 1513 5803 textu
1548 5744 1855 5806 sentcntiae.

347 5856 375 5887 ,ί
400 5813 543 5884 10L,
572 5813 647 5871 oe
671 5818 1012 5887 quaerentibus
1038 5829 1085 5874 et
1111 5835 1213 5873 non
1233 5821 1571 5887 quaerentibus
1595 5823 1857 5876 veritatem

252 5889 309 5941 in
344 5886 889 5957 Seripturis.Coion.
941 5897 1051 5945 vet.
1096 5886 1253 5957 edit.,
1296 5890 1371 5946 De
1417 5889 1551 5959 {sine
1594 5902 1642 5945 et
1685 5892 1857 5947 inedia

1977 3368 2072 3437 cit,
2102 3366 2411 3422 Mandatum
2436 3382 2625 3420 novum
2665 3365 2731 3419 do
2762 3364 2923 3430 vobis,
2950 3366 2968 3403 ί
2995 3374 3051 3419 ut
3081 3381 3167 3419 vos
3201 3364 3417 3420 invicem
3449 3364 3572 3421 dili-

1975 3460 2110 3531 gatis
2134 3458 2316 3530 (Joan.
2340 3471 2458 3523 xm,
2499 3455 2627 3527 διν
2658 3452 2911 3510 Charitas
2940 3455 3083 3510 enim
3126 3455 3344 3510 innovat
3388 3454 3570 3511 homi-

1976 3567 2104 3617 nes;
2138 3560 2196 3607 et
2229 3552 2371 3606 sicut
2405 3547 2713 3620 malignitas
2750 3554 2982 3612 veteres,
3015 3547 3088 3601 ita
3128 3544 3347 3603 dilectio
3394 3560 3568 3603 novos

1975 3641 2121 3700 facit.

2054 3730 2331 3791 CCLXXV
2360 3730 2527 3805 [Alias
2552 3727 2896 3802 CCLXXIV].
2928 3739 2957 3767 τι
2986 3726 3064 3783 De
3099 3728 3322 3802 flagellis
3353 3728 3469 3784 Dei.

2042 3823 2266 3893 Quando
2291 3822 2513 3894 corripit
2542 3822 2684 3877 Deus
2709 3836 2877 3893 genus
2903 3820 3220 3884 humanum,
3244 3828 3301 3876 et
3324 3820 3555 3891 ﬂagellis

1973 3918 2078 3990 piae
2126 3915 2496 3989 castigationis
2544 3915 2804 3987 exagitat,
2852 3922 3071 3971 exercet
3122 3922 3250 3971 ante
3299 3912 3564 3986 judicium

1973 4011 2338 4083 disciplinam,
2384 4019 2439 4066 et
2486 4010 2849 4081 plerumque'
2898 4007 3074 4078 diligit
3125 4022 3285 4079 quem
3328 4006 3567 4079 ﬂagellat

1978 4105 2163 4177 (Prov.
2203 4120 2284 4171 ιιι,
2320 4103 2431 4174 ιε),
2474 4102 2667 4158 nolens
2709 4102 2955 4157 invenire
2982 4115 3145 4173 quem
3172 4100 3408 4157 damnet.
3440 4100 3564 4157 Fla-

1974 4266 2198 4336 spiritali
2219 4266 2269 4320 in
2304 4266 2610 4335 Scripturis.

2050 4336 2068 4376 ι
2098 4338 2195 4391 Ms.
2222 4338 2453 4401 Remig.,
2480 4335 2788 4391 charitalem
2807 4348 2963 4406 quam
2983 4340 3239 4406 quaerunt.

2055 4417 2096 4446 ω
2126 4409 2297 4463 Antea
2328 4406 2482 4470 editi,
2513 4404 2855 4475 pecratorum.
2886 4404 2945 4459 In
2996 4405 3563 4475 marginegnotarttnt,

1982 4479 2184 4549 piorum
2208 4479 2399 4547 Duac.,
2428 4472 2618 4533 Colon.
2659 4485 2716 4549 et
2746 4476 2828 4530 his
2866 4472 3222 4549 posteriores.
3246 4472 3437 4549 Melius
3461 4489 3564 4549 po-

1984 4544 2243 4607 stremum
2279 4544 2394 4604 hoc
2417 4549 2520 4619 legi
2552 4546 2739 4619 suadet
2783 4544 3293 4619 testus_s_enteutia:.
3328 4544 3426 4619 Ms.
3453 4545 3559 4600 Jol.

1982 4635 2080 4689 pro
2116 4621 2273 4676 titulo
2319 4614 2495 4673 habet
2529 4618 2707 4688 priora
2754 4616 2940 4682 verba,
2970 4614 3094 4669 Non
3129 4623 3248 4670 sunt
3292 4615 3565 4688 condigna:

1898 4677 1953 4740 D
1976 4677 2237 4762 passiones
2259 4690 2413 4762 hujus
2443 4677 2705 4762 teni-poris,
2733 4696 2841 4762 etc.

2034 4770 2075 4845 ff
2095 4762 2221 4815 Mss.
2254 4754 2460 4845 lle'm‘ig.
2481 4754 2697 4825 et'Jol.,
2723 4758 2792 4811 ad
2805 4757 3058 4827 futuram,
3077 4763 3136 4811 ut
3154 4756 3211 4811 in
3233 4754 3559 4825 Augustino;

1974 4831 2091 4898 alii,
2124 4840 2564 4902 superventuram.

2038 4912 2077 4982 _°
2106 4902 2197 4982 Sic
2221 4917 2347 4982 “ms:
2378 4899 2650 4982 Joliensis.
2678 4900 2891 4982 Colon:
2910 4906 3020 4955 vet.
3064 4896 3222 4982 edit.,
3240 4896 3561 4982 quantulum

1974 4973 2071 5049 erit
2120 4974 2189 5027 ad
2214 4972 2347 5049 illud
2366 4989 2384 5035 ,'
2405 4970 2980 5049 _c:ete_ri_,_quantillum
3142 4968 3211 5021 ad
3236 4966 3557 5049 illudnquod.

1975 5046 2138 5115 Aug.,
2165 5045 2292 5115 quid
2313 5042 2466 5115 faciet
2490 5042 2559 5095 ad
2600 5035 2653 5097 id
2682 5035 2820 5115 quod
2847 5040 3105 5115 accepturi
3132 5037 3336 5115 sumus?
3356 5035 3561 5104 Quibus

1978 5109 2205 5196 propius
2230 5109 2488 5196 accedere
2514 5116 2626 5196 visa
2655 5109 2739 5169 est
2766 5111 2925 5196 lecti?
2951 5124 3051 5196 ms.
3074 5109 3179 5164 Jol.
3621 5134 3625 5137 -

2052 5182 2094 5235 PI
2109 5184 2303 5241 Colon.
2337 5192 2446 5240 vel.
2474 5183 2632 5250 edit.,
2659 5184 2796 5255 quod
2824 5182 3074 5251 aufertur.

2048 5266 2075 5306 εί
2102 5256 2199 5312 Ms.
2232 5254 2509 5319 loliensis,
2550 5256 2671 5309 viri.
2708 5251 2861 5321 Quod
2908 5249 3155 5321 verbum
3180 5253 3265 5302 est
3290 5246 3344 5301 in
3367 5247 3559 5321 (Auguo

1975 5327 2147 5403 stino_;
2177 5327 2277 5403 etsi
2301 5317 3046 5403 quidatn_codicc§_etiam‘ibi
3072 5317 3538 5403 habeantnpinciI“

2048 5408 2069 5435 τ
2096 5389 2286 5481 Colon.
2319 5389 2423 5453 'vet.
2458 5394 2612 5463 edit.,
2641 5404 2688 5449 et
2710 5392 2898 5462 ﬁdelis,
2925 5389 3029 5459 ﬁne
3070 5389 3368 5459 temporalis
3410 5390 3557 5457 mali,

1968 5477 2248 5616 "ar‘éldit.
2279 5539 2443 5595 Duac.
2467 5547 2522 5595 et
2548 5551 2663 5605 seq.
2691 5537 2743 5590 in
2776 5530 3019 5616 margine
3045 5530 3303 5616 scriptum
3330 5532 3560 5616 habent

1970 5614 2143 5685 majus
2171 5622 2285 5676 est;
2316 5618 2372 5666 et
2402 5616 2523 5680 post
2546 5603 2734 5675 pauca.
2760 5618 2865 5659 ms.
2894 5603 3026 5670 Jol.,
3048 5604 3139 5660 sed
3166 5603 3428 5674 impletur.

2102 5682 2294 5730 Colon.
2320 5691 2426 5730 vel.
2459 5679 2617 5730 edit..
2652 5684 2708 5730 ut
2736 5676 2964 5730 diliaatis
2994 5676 3229 5730 invicem.

2051 5679 2067 5685 ’
2102 5682 2294 5737 Colon.
2320 5679 2426 5736 vel.
2459 5679 2617 5739 edit.,
2652 5684 2708 5731 ut
2736 5679 2964 5745 diligatis
2994 5679 3229 5730 invicem.

2041 5756 2068 5834 ’ξ
2101 5752 2370 5835 Hactenus
2393 5750 2547 5816 editi,
2571 5746 2645 5803 De
2669 5747 2898 5829 flagello.
2932 5745 3032 5828 Ms.
3062 5745 3195 5811 101.,
3228 5744 3305 5797 De
3310 5742 3553 5867 ﬂagellis

2041 5840 2085 5867 ἰ-
2118 5822 2291 5867 Pnan
2318 5820 2507 5867 Cnlnn-
2538 5828 2645 5867 vet.
2678 5816 2884 5867 adtIldll
2905 5827 3066 5867 etiam
3097 5828 3281 5867 vocem
3360 5829 3427 5867 et.

1970 5820 2293 5894 DeinPriori
2318 5820 2507 5894 Colon.
2538 5816 2884 5894 vetg'ad'didjt
2905 5818 3066 5894 etiam
3097 5828 3281 5894 vocem
3310 5816 3456 5894 Dei.”

2039 5904 2065 5927 '
2089 5893 2184 5948 Ms.
2213 5891 2575 5961 llemigianus,
2601 5890 2763 5961 eligit.
2802 5887 2900 5946 Ms.
2934 5886 3213 5954 loliensis,
3252 5900 3356 5939 non
3389 5883 3551 5951 eligit.
