4006 6356
442 377 545 438 ιθγ

1676 375 1735 431 S.
1775 373 1993 432 PROSP
2003 373 2116 432 ΕΜ
2157 372 2485 441 Αρυι-τΑΝι

3617 377 3722 440 ωε

441 490 612 564 gellat
635 496 816 546 autem
844 487 1007 545 simul
1046 496 1102 545 et
1124 487 1303 559 justus
1328 496 1382 545 et
1420 488 1669 560 injustas,
1713 490 1841 561 quia
1868 504 2027 545 nemo
2055 494 2111 554 Α
2139 487 2446 545 CCLXXIX
2494 486 2676 560 [Alias
2715 486 3125 564 CCLXXVlIl].
3173 488 3203 530 ιι
3243 490 3321 548 De
3372 489 3722 553 observatione

443 595 527 642 est
556 584 644 653 qui
691 582 859 653 possit
904 583 1122 654 gloriari
1171 593 1377 638 castum
1429 600 1487 639 se
1538 584 1735 637 habere
1766 599 1890 650 cur,
1942 591 2032 638 aut

441 676 701 732 mundum
740 688 803 730 se
847 689 969 731 esse
1011 690 1043 731 a
1071 684 1292 744 peccato
1342 673 1525 746 (Prov.
1571 691 1656 739 xx,
1685 674 1763 745 9).
1811 676 1937 729 ltal|
1965 674 2035 732 de

441 768 611 840 gratia
630 765 1017 822 misericordiae
1042 766 1162 836 ejus
1179 768 1401 822 veniunt
1425 767 1593 822 etiam
1615 782 1832 821 corona:
1858 767 2035 835 justo-

444 874 587 913 rum.

444 972 747 1032 CCLXXVI
772 973 937 1047 [Alias
956 972 1281 1045 CCLXXV].
1296 972 1326 1013 δ
1346 972 1424 1029 De
1442 973 1757 1043 pastionibus
1776 973 2031 1045 ﬁdelium.

518 1090 698 1147 Labor
725 1090 942 1160 piorum
980 1090 1297 1145 exercitatio
1331 1098 1435 1157 est,
1467 1104 1576 1143 non
1602 1089 1893 1144 damnatio.
1926 1087 2037 1145 Nec

453 1182 598 1240 enim
624 1182 941 1238 conturbari
967 1182 1249 1250 debemus,
1280 1197 1402 1237 cum
1447 1181 1640 1251 aliquis
1672 1192 1890 1237 sanctus
1915 1197 2037 1254 gra-

446 1275 532 1330 via
566 1284 624 1331 et
648 1275 868 1346 indigna
898 1274 1232 1346 perpetitur,
1279 1273 1325 1328 si
1370 1273 1524 1329 obliti
1554 1290 1663 1331 non
1700 1288 1886 1329 sumus
1915 1288 2037 1343 qua:

447 1366 735 1434 pertulerit
760 1365 946 1422 Justus
971 1366 1264 1435 justorum,
1291 1364 1637 1437 Sanctusque
1676 1374 1989 1431 sanctorum
2019 1382 2035 1431 ;

448 1458 602 1527 cujus
647 1458 829 1529 passio
872 1473 1065 1513 omnes
1112 1467 1331 1528 superat
1375 1458 1694 1528 passiones:
1744 1460 1870 1529 quia
1916 1474 2037 1515 cum

2816 563 3034 617 sabbati.

2206 672 2596 728 Observatione
2648 672 2881 743 sabbati,
2913 690 3031 745 qua:
3074 674 3357 731 vacatione
3405 675 3571 731 unius
3615 678 3723 735 diei

2135 765 2490 835 tignrabatur,
2532 765 2740 833 ablata,
2790 777 3104 838 perpetuum
3143 768 3424 824 sabbatum
3470 771 3723 829 observat

2134 861 2224 927 qui
2255 872 2352 926 spe
2382 857 2576 913 futura:
2597 858 2794 929 quietis
2821 858 3025 915 sanctis
3052 868 3136 915 est
3158 859 3417 930 Operibus
3446 861 3721 929 intentus;

2136 962 2236 1003 nec
2268 946 2287 986 ι
2318 948 2373 1005 in
2403 949 2537 1019 ipsis
2584 950 2740 1007 bonis
2771 950 2980 1007 actibus
3010 950 3125 1006 suis
3164 952 3315 1023 quasi
3351 952 3421 1008 de
3462 955 3719 1024 propriis,

2136 1046 2179 1078 ³³
2197 1050 2251 1095 et
2278 1041 2345 1097 de
2374 1041 2457 1097 bis
2484 1055 2603 1113 quae
2625 1056 2732 1097 non
2755 1043 3048 1111 acceperit,
3072 1042 3364 1113 gloriatur;
3398 1044 3552 1099 illum
3581 1043 3637 1099 in
3666 1061 3722 1101 se

2136 1132 2351 1201 operari
2396 1146 2749 1203 cognoscens,
2779 1133 2867 1203 qui
2899 1133 3059 1189 simul
3103 1145 3358 1204 operatur
3406 1145 3462 1191 et
3509 1137 3721 1207 quietus

2137 1231 2222 1280 est
2248 1223 2402 1296 (Aug.
2434 1224 2587 1290 ἤθεά,
2614 1241 2661 1279 e.
2692 1224 2799 1295 13).

2281 1339 2561 1396 CCLXXX
2592 1338 2757 1412 [Alias
2786 1337 3132 1411 CCLXXII].
3160 1338 3237 1396 De
3257 1341 3431 1410 requie
3471 1341 3591 1397 Dei.

2212 1451 2444 1524 Requies
2474 1453 2567 1509 Dei
2595 1464 2740 1515 recte
2770 1454 3193 1523 intelligentibus
3221 1470 3280 1509 ea
3308 1464 3393 1509 est
3426 1464 3456 1491 ιι
3478 1470 3585 1524 qua
3611 1458 3722 1514 nul-

452 1561 675 1607 auctore
706 1551 1077 1608 universitatis
1099 1551 1243 1607 nulla
1269 1552 1586 1622 cujusquam
1607 1562 1689 1607 est
1711 1550 2041 1623 comparatio
2143 1547 2245 1602 lius
2277 1546 2479 1617 indiget
2508 1546 2671 1603 bono.
2716 1547 2782 1601 Et
2810 1547 2930 1602 ideo
2958 1555 2982 1581 °
3009 1556 3157 1604 certa
3187 1548 3351 1603 etiam
3378 1548 3601 1620 requies
3633 1564 3723 1605 no-

448 1653 735 1701 creatum.

449 1754 771 1812 CCLXXVll
800 1754 965 1828 [Alias
990 1756 1337 1829 CCLXXVI].
1374 1769 1397 1798 ι
1429 1756 1509 1817 De
1544 1759 1785 1830 originali
1810 1769 2037 1829 peccato.

523 1868 739 1927 Miseria
768 1872 983 1941 generis
1028 1873 1272 1941 humani,
1305 1874 1463 1943 cujus
1505 1874 1709 1929 nullum
1758 1874 2036 1929 hominum
2069 1873 2114 1933 Β

451 1975 522 2014 an
556 1976 747 2019 exortu
783 1979 950 2033 usque
995 1967 1061 2020 ad
1092 1967 1295 2021 obitum
1332 1968 1575 2021 videmus
1621 1967 1881 2031 alienum,
1932 1983 2039 2021 non

452 2054 755 2122 pertineret
782 2056 849 2110 ad
874 2058 1078 2125 justum
1100 2056 1128 2095 ἀ
1150 2058 1547 2127 Omnipotentis
1570 2059 1731 2131 583
1754 2058 2039 2126 judicium,

450 2144 502 2201 si
548 2161 656 2203 non
700 2158 845 2203 esset
892 2150 1157 2221 originale
1216 2159 1492 2222 peccatum
1541 2150 1702 2221 (Aug.
1757 2150 1894 2205 lib.t
1937 2150 2038 2221 Op.

457 2238 627 2311 Imp.,
651 2258 704 2295 η.
737 2241 816 2313 3).

452 2351 802 2412 CCLXXVIII
829 2354 995 2427 [Alias
1022 2354 1196 2412 CCLX
1208 2353 1397 2480 XV‘ll].
1426 2365 1449 2395 °
1480 2355 1564 2412 De
1595 2357 1924 2427 providentia
1950 2355 2043 2412 Dei

1103 2443 1292 2480 onerari
1316 2444 1381 2480 ts.

1103 2443 1381 2498 operarius.

524 2536 807 2592 Creatoris
845 2534 864 2575 ι
897 2538 1281 2591 omniteneutis
1330 2537 1715 2607 omnipotentia
1754 2550 1912 2591 causa
1960 2548 2043 2592 est

453 2630 780 2686 snbsistendi
824 2632 969 2685 omni
1019 2639 1325 2685 creaturae:
1367 2646 1489 2701 quae
1530 2630 1725 2695 virtus,
1760 2631 1807 2685 si
1856 2631 1923 2685 ab
1964 2629 2043 2685 eis

455 2736 574 2792 qua
596 2720 837 2777 condidit
862 2722 1113 2791 regendis
1141 2721 1431 2793 aliquando
1455 2732 1717 2787 cessaret,
1741 2721 1900 2777 simul
1928 2738 2044 2777 om-

456 2814 605 2868 nium
648 2829 829 2868 rerum
878 2814 1089 2885 species
1118 2823 1171 2869 et
1210 2824 1400 2868 natura
1443 2813 1777 2869 concideret.
1812 2812 2044 2869 Proinde

458 2904 601 2975 quod
630 2904 892 2961 Dominus
923 2905 1019 2973 ait,
1052 2904 1210 2959 Pater
1230 2921 1371 2959 meus
1412 2920 1572 2973 usque
1608 2921 1745 2958 nunc
1776 2914 2040 2971 aperutur,

457 2995 925 3051 euntinuationem
962 2996 1255 3065 quamdam
1293 2995 1476 3064 operis
1515 2997 1653 3065 ejus,
1686 3005 1711 3043 κ
1739 3012 1841 3066 qua
1882 2996 2045 3052 simul

458 3088 642 3142 omnia
672 3088 917 3144 continet
954 3098 1115 3159 atque
1145 3088 1506 3159 administrat,
1538 3090 1794 3145 ostendit.
1844 3089 1899 3142 lu
1939 3105 2045 3158 quo

460 3194 630 3250 opere
658 3182 821 3234 etiam
849 3181 1115 3251 sapientia
1145 3180 1262 3251 ejus
1302 3188 1635 3251 perseverat,
1670 3181 1737 3235 de
1767 3196 1871 3249 qua
1912 3180 2042 3235 dici-

460 3278 571 3337 tur,
600 3269 859 3343 Pertingit
884 3288 915 3327 a
938 3273 1042 3343 ﬁne
1064 3288 1222 3343 usque
1242 3273 1295 3327 in
1319 3273 1475 3341 ﬁnem
1498 3273 1720 3342 fortiter,
1746 3282 1795 3326 et
1821 3272 2045 3342 disponit

2140 1637 2224 1697 bis
2252 1638 2311 1703 in,
2351 1640 2439 1693 illo
2476 1647 2577 1704 est,
2608 1638 2773 1708 quiar
2825 1654 2923 1693 nos
2968 1639 3338 1694 beatiﬁcamur
3387 1640 3531 1695 bono
3584 1642 3724 1711 quod

2142 1730 2258 1801 ipse
2282 1740 2385 1795 est,
2417 1745 2523 1786 non
2547 1730 2667 1800 ipse
2689 1731 2830 1786 bono
2852 1731 2994 1800 quod
3027 1746 3125 1786 nos
3152 1746 3357 1787 sumus.
3388 1731 3521 1788 Nam
3549 1742 3604 1788 et
3631 1748 3725 1789 nos

2144 1821 2340 1893 aliquid
2374 1822 2574 1877 bonum
2605 1823 2672 1876 ab
2702 1823 2819 1892 ipso
2848 1837 3053 1887 sumus,
3088 1823 3177 1894 qui
3210 1823 3336 1879 fecit
3359 1826 3543 1881 omnia
3587 1826 3724 1882 bona

2145 1913 2321 1979 valde,
2356 1913 2407 1970 in
2450 1913 2646 1982 quibus
2680 1913 2809 1969 fecit
2852 1922 2907 1970 et
2949 1928 3067 1969 nos.
3117 1914 3286 1970 Porro
3317 1916 3419 1971 alia
3462 1931 3552 1972 res
3593 1919 3725 1981 bona

2147 2013 2345 2074 praeter
2374 2006 2546 2073 ipsum
2579 2004 2721 2058 nulla
2745 2013 2849 2072 cst,
2873 2019 3033 2075 quam
3062 2006 3177 2074 ipse
3207 2020 3313 2060 non
3342 2006 3472 2061 fecit
3497 2023 3512 2061 :
3547 2024 3611 2061 ac
3637 2024 3726 2075 per

2146 2093 2249 2149 hoc
2271 2105 2299 2144 ς
2334 2096 2481 2149 nullo
2510 2095 2649 2150 bono
2690 2094 2871 2150 alieno
2913 2105 3055 2166 eget,
3086 2098 3178 2167 qui
3226 2095 3370 2153 bono
3406 2098 3556 2168 quod
3600 2097 3727 2154 iecit

2146 2204 2253 2242 non
2284 2196 2405 2258 eget
2438 2188 2595 2260 (Aug.
2625 2187 2779 2255 ibid.,
2812 2204 2857 2241 c.
2890 2188 3001 2258 l6).

2144 2298 2447 2358 CCLXXXI
2475 2300 2660 2374 [Alias
2686 2298 2969 2359 CCLXIX
2992 2300 3033 2372 ].
3067 2311 3089 2340 τ
3124 2300 3202 2359 De
3239 2303 3387 2361 initio
3426 2313 3723 2373 temporum.

2216 2414 2381 2486 584
2402 2422 2427 2451 ⁸
2453 2414 2634 2469 Facta
2658 2421 2921 2469 creatura
2948 2412 3184 2468 motibus
3204 2423 3489 2485 coeperunt
3514 2432 3727 2474 currere

2147 2516 2411 2576 tempora.
2425 2506 2580 2563 Unde
2600 2516 2725 2561 ante
2739 2516 3041 2561 creaturam
3058 2504 3258 2560 frustra
3288 2514 3532 2577 tempora
3549 2513 3728 2581 requio

2147 2608 2359 2665 runtur,
2387 2600 2535 2669 quasi
2556 2598 2767 2669 possint
2795 2597 3027 2654 inveniri
3053 2606 3181 2654 ante
3206 2607 3449 2669 tempora
3465 2608 3726 2671 tempora.

2147 2695 2320 2749 Motus
2342 2694 2481 2748 enim
2500 2692 2544 2747 si
2574 2692 2753 2747 nullus
2765 2700 2910 2746 esset
2931 2692 3016 2746 vel
3042 2691 3300 2759 spiritalis
3318 2691 3405 2747 vel
3432 2694 3727 2763 corporalis

2146 2793 2430 2850 creaturae,
2457 2798 2563 2855 quo
2588 2798 2687 2855 per
2720 2796 2961 2852 praesens
2994 2782 3285 2852 praeteritis
3325 2782 3509 2839 futura
3538 2800 3727 2841 succe—

2146 2878 2359 2944 derent,
2396 2878 2415 2912 ¹
2446 2885 2652 2946 tempus
2672 2876 2876 2931 nullum
2899 2877 3120 2931 omnino
3140 2888 3303 2932 esset.
3328 2878 3530 2934 Moveri
3556 2890 3734 2934 autem

2146 2981 2397 3027 creatura
2424 2985 2533 3025 non
2556 2972 2742 3040 utique
2762 2979 2968 3040 posset,
2992 2969 3039 3024 si
3067 2985 3174 3025 non
3200 2980 3367 3027 esset.
3397 2972 3583 3027 Potius
3602 2987 3734 3043 ergo

2148 3072 2364 3131 tempus
2391 3078 2420 3116 a
2443 3072 2711 3127 creatura,
2741 3076 2902 3131 quam
2931 3071 3182 3117 creatura
3208 3064 3373 3131 cmpit
3410 3077 3439 3116 a
3469 3073 3733 3132 tempore.

2149 3155 2451 3224 Utrumque
2469 3162 2646 3210 autem
2670 3168 2739 3209 ex
2762 3153 2893 3209 Deo.
2916 3151 3001 3208 Ea:
3021 3155 3132 3225 ipso
3151 3155 3289 3210 enim
3309 3155 3492 3223 (Rom.
3517 3171 3593 3220 xl,
3616 3155 3733 3225 36),

2150 3260 2308 3318 aper
2334 3250 2522 3317 ipsum,
2556 3256 2603 3301 et
2631 3248 2687 3300 in
2716 3248 2825 3317 ipso
2849 3256 2966 3301 sunt
2996 3247 3171 3301 omnia
3195 3247 3350 3320 (Aug.
3380 3248 3418 3301 l.
3450 3263 3481 3300 v
3518 3249 3580 3301 de
3602 3246 3731 3303 Gen.

461 3366 636 3420 omnia
674 3340 916 3423 suaviter.
938 3340 975 3402 ἰι
1003 3340 1147 3421 Idem
1176 3340 1335 3422 etiam
1368 3340 1664 3436 Apostolus
1694 3366 1875 3429 sentit,
1902 3340 2043 3420 cum
2073 3363 2119 3426 C
2152 3342 2219 3395 οδ
2247 3341 2371 3409 Ima
2402 3357 2449 3393 θ·
2476 3340 2554 3410 5)-

462 3455 880 3512 Atbeniensibus
905 3456 919 3495 ί
940 3457 1106 3513 Deum
1127 3459 1450 3529 praedicans,
1476 3457 1570 3523 ait,
1599 3455 1665 3509 In
1684 3473 1783 3527 quo
1807 3458 2042 3522 vivimus,

461 3558 508 3603 et
530 3565 809 3615 movemur,
842 3559 889 3604 et
922 3567 1118 3605 sumus.
1150 3551 1252 3618 Qui
1284 3552 1327 3605 si
1358 3566 1495 3621 Opus
1524 3565 1676 3605 suum
1706 3552 1867 3607 rebus
1895 3566 2043 3607 crea-

461 3642 531 3696 tis
560 3642 943 3712 subtraheret,
975 3658 1075 3700 nec
1114 3644 1317 3708 vivere,
1365 3659 1463 3699 nec
1508 3645 1737 3708 moveri,
1781 3660 1879 3699 nec
1925 3658 2046 3701 esse

462 3746 765 3801 possemus.
789 3732 860 3789 Et
888 3734 1013 3790 ideo
1039 3735 1119 3790 sic
1147 3735 1286 3789 Deus
1316 3734 1698 3807 intelligendus
1719 3744 1800 3791 est
1825 3736 2043 3807 requie—

463 3822 607 3880 visse
658 3824 727 3878 ab
772 3826 1026 3882 omnibus
1069 3827 1325 3897 operibus
1372 3826 1561 3894 suis,i
1610 3837 1669 3883 ut
1690 3828 1799 3899 jam
1843 3829 2045 3883 nullam

463 3926 711 3972 naturam
737 3917 1016 3984 conderet,
1040 3932 1147 3973 non
1170 3928 1230 3973 ut
1257 3919 1500 3974 conditas
1532 3918 1833 3985 continere,
1868 3930 1922 3975 et
1951 3936 2047 3989 gu-

464 4009 695 4066 bernare
729 4021 968 4067 cessaret
997 4012 1158 4083 (Aug.
1193 4012 1233 4066 l.
1263 4027 1316 4067 tv
1340 4012 1402 4066 de
1426 4011 1558 4067 Gen.
1604 4014 1671 4066 ad
1693 4013 1819 4080 litt.,
1848 4030 1896 4067 ε.
1928 4011 2041 4083 l2).

463 4206 799 4280 ldemque__in
830 4221 925 4261 ora
956 4205 1078 4280 libri
1120 4208 1378 4280 scriptum
1410 4209 1592 4280 legere
1612 4208 1770 4280 estin
1798 4208 2047 4280 Lugdun.

464 4288 520 4334 et
570 4277 822 4350 omnibus
880 4277 1149 4345 posterius
1198 4279 1435 4345 excusis,
1472 4277 1654 4335 'etiam
1704 4279 1759 4335 in
1809 4277 2044 4350 append.

465 4358 596 4406 tom.
626 4349 674 4404 X
703 4349 931 4416 August.

538 4428 565 4456 ι
596 4419 723 4493 Mss.
754 4417 964 4493 Remig‘.
995 4427 1049 4474 et
1069 4417 1344 4493 Joliensis,
1392 4419 1453 4474 de
1484 4420 1648 4491 gratia
1674 4422 1785 4493 ejus
1808 4464 1822 4489 ,
1849 4420 2047 4485 omissa

463 4504 597 4545 voce
623 4492 745 4554 hac,
778 4490 1161 4544 misericordiw.

535 4560 563 4598 ιι
594 4561 695 4615 Ms.
724 4559 999 4630 Joliensis,
1033 4560 1108 4613 De
1131 4561 1303 4615 labore
1324 4562 1546 4630 piorum.

539 4641 561 4701 ξ
597 4630 694 4685 Ms.
728 4630 857 4693 Jol.,
892 4629 967 4684 De
986 4632 1189 4684 miseria
1211 4629 1405 4701 generis
1434 4634 1663 4688 humani.

536 4698 563 4738 δ
591 4700 691 4772 Ms.
723 4702 958 4772 Remig.,
989 4702 1057 4772 ad
1076 4698 1280 4772 justum
1309 4702 1403 4758 Dei
1427 4705 1809 4771 omnipotentis.

539 4771 684 4843 st.
721 4768 955 4842 Remig.,
985 4768 1457 4843 De'omnipotentia
1488 4768 1764 4830 Creatoris.

541 4842 560 4882 τ
592 4842 696 4916 Pro
722 4843 824 4899 hac
848 4844 1406 4916 voce,_omnitenentis,
1428 4848 1565 4902 hanc
1586 4848 1963 4916 omnipotentis,
1989 4846 2043 4901 in

465 4914 704 4987 margine
734 4921 922 4970 notant
958 4913 1086 4969 edit.
1112 4914 1277 4969 Duae.
1317 4925 1371 4970 et
1397 4916 1587 4972 Colon.
1620 4913 1741 4973 cum
1772 4919 2043 4973 recentio-

465 4986 653 5059 ribus:
684 4995 741 5059 at
767 4994 1049 5053 utramque
1090 4997 1439 5059 usurpaverat
1476 4989 1697 5059 August.
1746 4989 1865 5045 luco
1906 4988 2039 5043 illo:

466 5057 719 5112 Creatoris
750 5071 965 5127 namque
988 5058 1213 5124 potentia
1233 5067 1280 5111 et
1308 5057 1661 5129 omnipotentis
1690 5069 1843 5129 atque
1882 5059 2045 5114 omni-

466 5129 679 5183 tenentis
705 5129 887 5182 virtus.

539 5209 565 5268 β
589 5200 686 5255 Ms.
713 5198 990 5261 Jolieusis,
1021 5214 1124 5268 quo
1153 5197 1397 5268 ἥρωι...
1424 5216 1580 5267 usque
1606 5200 1675 5252 ad
1702 5201 1880 5268 ﬁnem.

540 5266 685 5340 FMs.
719 5268 929 5340 Remig.
956 5278 1010 5324 et
1034 5265 1164 5340 Joh,
1198 5267 1365 5340 quue
1392 5265 1565 5323 etiam.
1596 5265 1763 5340 Aug.,
1794 5270 1863 5324 Et
1890 5270 2044 5326 illud.

544 5336 689 5411 iMs.
739 5336 995 5411 _J_olieitsis
1041 5338 1210 5406 addit,
1265 5337 1463 5405 Deum;
1519 5356 1636 5411 qute
1674 5336 1774 5394 vos
1824 5342 2047 5398 habetur

469 5408 710 5479 etiamin
740 5409 877 5479 libro
900 5411 1124 5479 August.

543 5480 558 5527 i
600 5476 696 5531 Ms.
739 5476 1014 5543 Joliensis',
1058 5477 1258 5534 nullam
1301 5490 1534 5536 naturam
1563 5482 1817 5538 conderet.
1863 5482 1951 5538 Sic
1986 5484 2042 5539 in

464 5548 755 5620 Augustini
776 5562 938 5620 opere
973 5550 1185 5620 legitur,
1215 5568 1396 5606 novam
1426 5562 1660 5607 naturam
1690 5554 1903 5607 ulterius
1924 5555 2044 5610 nul-

469 5616 579 5674 lam
601 5616 854 5696 conderet.
889 5620 990 5673 Alii
1012 5616 1227 5679 codices
1264 5624 1454 5690 nostri,
1486 5632 1540 5678 ut
1572 5625 1687 5696 jam
1732 5623 1929 5678 nullam
1954 5642 2046 5680 no-

467 5707 581 5745 vam
612 5690 851 5745 conderet
877 5699 1183 5747 creaturam.

540 5758 568 5833 ἕ
599 5762 671 5817 ita
702 5776 800 5817 ms.
833 5760 1106 5833 Joliensis.
1134 5763 1239 5820 Alii
1266 5764 1409 5833 libri,
1434 5764 1511 5819 De
1536 5782 1653 5823 vero
1673 5765 1900 5822 sabbato.

434 5906 439 5913 ἲ
543 5830 561 5871 ι
599 5833 698 5889 Ms.
724 5833 828 5903 Jol.
856 5832 1003 5892 addit
1026 5836 1297 5915 praposit.
1323 5830 1403 5909 in,
1425 5852 1545 5896 cum
1568 5838 1849 5911 Augustini
1880 5836 2039 5897 libro.

934 6008 966 6035 Ο

2073 4622 2125 4697 ι)

2151 3454 2477 3513 ccuxxxn
2524 3456 2710 3528 [Alias
2738 3453 3098 3528 ccnttxxu.
3129 3463 3158 3491 ιι
3192 3456 3343 3523 Quod
3390 3457 3734 3528 abjectissinta

2505 3526 2658 3586 etiam
2674 3528 2848 3582 divina
2867 3526 3201 3583 Providentia
3226 3530 3377 3599 regit.

2222 3641 2353 3696 Cum
2390 3639 2641 3696 Salvator
2665 3638 2821 3704 dicit,
2872 3655 3037 3694 unum
3089 3654 3357 3707 passerem
3391 3656 3499 3693 non
3545 3640 3738 3695 radere

2154 3734 2208 3788 lu
2249 3741 2449 3787 terram
2481 3732 2601 3786 sine
2628 3732 2905 3788 voluntate
2935 3731 3053 3797 Dei,
3096 3744 3148 3785 et
3180 3731 3323 3801 quod
3375 3730 3557 3785 fenum
3597 3732 3735 3799 agri,

2155 3833 2183 3863 ν
2209 3832 2333 3895 post
2360 3824 2635 3895 paululum
2668 3823 2988 3879 mittendum
3014 3824 3065 3877 iu
3093 3824 3383 3887 clibanum,
3412 3825 3526 3893 ipse
3557 3833 3736 3877 tamen

2152 3916 2373 3984 formet,
2424 3930 2486 3971 ac
2515 3916 2709 3971 vestiat
2734 3913 2958 3985 (Matth.
2991 3931 3044 3982 ι,
3076 3914 3181 3979 29;
3218 3931 3287 3981 vt,
3326 3914 3419 3985 30)
3446 3957 3460 3981 ,
3506 3924 3531 3950 ι
3555 3928 3737 3969 nonne

2155 4010 2460 4076 conﬁrmat,
2497 4023 2602 4065 non
2652 4009 2873 4065 solum!
2904 4017 3065 4063 totam
3112 4008 3265 4061 istam
3314 4008 3499 4062 mundi
3526 4016 3734 4078 partem

2224 4218 2263 4246 ω
2292 4208 2393 4265 Ms.
2423 4208 2661 4278 Remig.,
2686 4218 2735 4263 et
2759 4210 2831 4262 eis
2860 4224 2989 4278 quis.

2222 4287 2251 4315 ιι
2280 4277 2642 4334 Emendamus
2682 4295 2747 4334 ex
2786 4294 2884 4333 ms.
2934 4277 3182 4344 Joliensi,
3208 4278 3301 4345 qui
3336 4277 3576 4334 concinit
3613 4277 3738 4334 loco

2153 4348 2433 4419 Augustini
2465 4353 2652 4404 citato.
2678 4349 2786 4405 Alii
2811 4348 3024 4405 codices
3061 4348 3250 4413 nostri,
3277 4366 3409 4418 quin.

2226 4428 2249 4455 ο
2283 4420 2383 4475 Ms.
2412 4420 2517 4476 Jul.
2551 4420 2698 4475 addit
2746 4420 2931 4484 etiam;
2972 4420 3099 4476 item
3134 4435 3234 4474 ms.
3277 4419 3513 4489 llemig.,
3540 4420 3632 4488 qui
3668 4420 3739 4473 ita

2150 4489 2345 4554 habet.
2376 4500 2425 4545 et
2454 4491 2571 4546 ideo
2598 4501 2737 4545 certa
2756 4501 2910 4547 etiam
2937 4490 3082 4546 bonis
3109 4490 3199 4546 illo
3230 4500 3303 4546 est
3323 4490 3446 4558 quia
3482 4504 3577 4542 nos
3614 4492 3739 4544 bea-

2152 4561 2431 4632 tiﬁcamur.
2460 4559 2650 4617 Colon.
2684 4572 2819 4632 vet.,
2843 4563 2895 4617 in
2909 4559 3023 4616 Deo
3052 4570 3146 4627 est,
3180 4562 3270 4616 ubi
3310 4560 3496 4632 alii,in
3527 4561 3619 4615 illo
3642 4571 3737 4615 est.

2224 4642 2250 4681 Ρ
2280 4632 2405 4688 Mss.
2455 4632 2664 4699 Remig.
2706 4642 2761 4690 et
2795 4631 2901 4689 Jol.
2941 4646 3063 4686 eum
3105 4633 3330 4702 August.
3374 4630 3581 4687 addunt
3619 4649 3739 4685 nos.

2153 4701 2296 4758 Idem
2343 4703 2446 4758 Jul.
2482 4714 2537 4758 et
2565 4705 2702 4773 Aug.
2733 4714 2936 4772 postea,
2984 4720 3086 4758 non
3114 4701 3224 4772 ipse
3267 4704 3437 4767 bona;
3476 4718 3583 4773 quo
3618 4703 3742 4756 loco

2154 4773 2246 4826 alii
2273 4775 2489 4845 codices
2519 4775 2711 4837 nostri,
2743 4790 2844 4828 non
2869 4774 2976 4845 ipse
2993 4790 3077 4828 eo.

2227 4853 2255 4893 τι
2281 4844 2379 4900 Ms.
2412 4844 2542 4911 Jol.,
2574 4845 2719 4899 nullo
2739 4844 2928 4899 alieno.

2228 4924 2249 4950 τ
2280 4915 2381 4972 Ms.
2408 4915 2539 4981 Jol.,
2571 4914 2657 4970 De
2684 4932 2839 4971 cursu
2858 4924 3162 4983 temporum.

2230 4994 2250 5020 ⁸
2279 4983 2469 5041 Colon.
2511 4996 2616 5041 vet.
2647 4986 2802 5053 edit.,
2846 4982 3010 5039 Facta
3049 4997 3305 5051 creatura,
3348 4984 3584 5039 motibus.
3636 4982 3739 5039 bis.

2153 5056 2257 5111 Jol.
2315 5057 2511 5112 omittit
2560 5056 2756 5124 Faciet,
2813 5066 2867 5111 et
2922 5055 3127 5124 incipit.
3185 5056 3443 5109 Creaturas’
3496 5057 3737 5108 motibus.

2153 5127 2408 5196 Idemque
2432 5130 2626 5184 iterum
2642 5128 2806 5184 habet
2825 5136 3078 5198 tempora,
3105 5138 3164 5182 ut
3183 5135 3235 5183 et
3258 5128 3489 5197 August.
3515 5126 3741 5182 (laeteris

2151 5201 2317 5254 semel
2348 5199 2686 5254 habentibus.

2229 5270 2248 5305 ί
2284 5268 2379 5323 Ms.
2407 5270 2536 5341 Jol.,
2566 5280 2759 5341 tempus
2789 5269 2955 5341 ullum
2976 5270 3181 5326 omnino
3207 5286 3308 5323 non
3331 5278 3479 5341 esset.

2226 5350 2253 5377 ιι
2282 5342 2432 5396 Alias
2462 5340 2614 5409 editi,
2640 5337 2811 5395 omnia
2834 5340 2929 5396 Dei
2950 5342 3162 5396 arbitrio
3185 5341 3312 5409 regi.
3337 5338 3433 5393 Ms.
3458 5337 3737 5404 Juliensis,

2156 5409 2307 5479 Quod
2333 5408 2677 5479 abjectissima
2702 5411 2855 5467 etiam
2877 5412 3049 5466 divina
3077 5408 3389 5479 providentia
3418 5408 3567 5478 regit.

2224 5492 2251 5519 ν
2280 5482 2368 5538 Sic
2422 5497 2521 5537 tns.
2573 5481 2857 5551 Joliensis,
2887 5484 3024 5539 sicut
3066 5483 3259 5551 legitur
3296 5483 3347 5535 in
3379 5482 3518 5536 libro
3556 5480 3745 5551 Augu-

2148 5552 2542 5625 stiniLCatteri,
2566 5554 2701 5625 quod
2726 5563 2835 5624 post
2865 5554 3136 5625 paululum
3163 5552 3463 5607 mittendum
3490 5560 3584 5605 est.

2223 5632 2249 5661 ι
2277 5623 2466 5680 Colon.
2502 5636 2609 5680 vet.
2636 5623 2791 5685 edit"
2822 5623 2896 5678 sic
2924 5625 3212 5694 conﬁrmat.

2219 5704 2248 5743 γ
2276 5695 2405 5749 Mss.
2441 5695 2650 5765 Remig.
2680 5705 2734 5751 et
2756 5694 2863 5751 Jul.
2906 5699 3159 5766 supplent
3197 5709 3384 5751 vocem
3407 5702 3597 5766 totam.
3628 5706 3744 5766 qua

2147 5768 2401 5839 carebant
2428 5762 2693 5821 editiones
2730 5762 3124 5837 Pros‘peria'nte,
3154 5782 3279 5839 qua
3304 5779 3481 5823 tamen
3531 5762 3746 5838 legitur

2150 5838 2205 5899 in
2236 5840 2353 5893 loco
2377 5838 2662 5911 Augustini
2688 5840 2870 5895 citato.
