4006 6356
258 212 362 275 ιω

712 206 920 267 LIBER
957 205 1501 265 SENTENTIARUM
1540 206 1635 271 EX
1672 206 2014 270 OPERIBUS
2052 210 2110 268 S.
2152 209 2521 271 AUGUSTINI
2558 210 3081 271 DELIBATARUM.

3422 215 3530 275 ‘10

259 324 417 387 rebus
446 325 766 384 mortalibus
805 334 861 380 et
902 324 1340 391 corruptibilibus
1367 324 1714 396 deputatam;
1743 339 1839 381 ve-
1862 330 1913 388 Δ
1941 325 2345 393 CCLXXXVIII
2377 325 2542 398 [Alias
2564 324 2958 399 CCLXXXVI].
2990 323 3008 363 ι
3036 326 3147 383 Deo
3170 327 3529 391 obedienduns.

258 437 374 479 rum
393 422 559 477 etiam
582 419 870 475 vilissimas
890 420 1010 487 ejus
1028 417 1531 489 abjectissimasque
1553 419 1847 488 particulas

257 513 438 569 divina
460 510 802 568 Providentia
834 508 976 579 regi;
1012 524 1077 564 ne
1115 508 1355 565 fortuitis
1396 509 1697 583 perturbari
1726 524 1845 565 mo-

257 603 402 661 tibus
435 618 500 659 ea
532 617 757 671 quorum
789 614 980 657 causas
1005 600 1470 670 comprehendere
1510 616 1619 657 non
1658 615 1849 672 possu-

257 710 399 760 mus,
426 694 756 750 aestimemus
785 691 941 764 (Aug.
969 690 1121 759 ibid.,
1151 709 1198 747 c.
1232 691 1299 748 21
1332 702 1377 747 et
1401 691 1536 763 ‘22)?

258 805 613 877 CCLXXXIII
634 805 799 889 [Alias
827 801 1203 930 βειξιχμι).
1226 817 1251 846 ι
1272 807 1513 863 Animam
1543 807 1848 873 rationalem

684 892 735 929 in
762 874 1017 930 spiritalia
1048 891 1155 930 eria
1205 878 1409 930 debere.

684 879 735 929 in
762 874 1017 946 spiritalia
1048 874 1181 946 erigi
1205 878 1409 933 debere.

326 967 525 1027 Anima
561 969 843 1024 rationalis
874 970 925 1024 in
966 985 1029 1026 ea
1061 968 1224 1025 debet
1271 969 1407 1040 erigi
1440 985 1558 1042 quae
1587 968 1615 1008 δ
1646 970 1699 1025 in
1739 970 1849 1041 spi-

259 1060 493 1123 ritalium
535 1070 722 1117 natura
771 1062 1005 1118 maxime
1033 1060 1343 1117 excellunt:
1374 1070 1433 1117 ut
1466 1076 1587 1132 quze
1632 1076 1847 1118 sursum

257 1164 427 1213 sunt!
472 1153 666 1221 sapiat,
697 1168 805 1207 non
856 1168 975 1223 quae
1003 1167 1169 1224 super
1214 1162 1413 1208 terram
1440 1150 1601 1223 (Aug.
1632 1152 1672 1206 l.
1707 1166 1760 1208 vi
1786 1152 1849 1207 de

256 1243 390 1303 Gen.
432 1245 504 1299 ad
533 1244 661 1307 litt.,
689 1260 737 1298 ε.
768 1243 883 1315 2‘2).

256 1336 614 1396 acuunt
641 1334 808 1409 [Alias
828 1334 1225 1409 CCLXXXIIl].
1259 1331 1289 1375 ι
1316 1335 1469 1402 Quod
1496 1336 1554 1392 in
1586 1335 1849 1392 miraculis

672 1408 802 1462 nihil
829 1407 920 1479 ﬁat
948 1420 1130 1461 contra
1156 1416 1421 1462 naturam.

325 1520 655 1579 Naturarum
680 1521 931 1577 conditor
959 1521 1107 1577 Deus
1154 1521 1290 1577 nihil
1328 1522 1383 1576 in
1416 1520 1690 1577 miraculis
1716 1535 1849 1579 con-

261 1620 340 1668 tra
366 1622 620 1669 naturam
653 1614 799 1680 facit,
828 1628 933 1670 nec
954 1613 1097 1685 quod
1126 1629 1320 1668 novum
1363 1622 1446 1670 est
1482 1622 1507 1653 ⁸
1556 1623 1851 1671 consuetu-

2022 418 2206 488 Magna
2251 428 2336 474 est
2385 418 2586 473 utilitas
2630 418 2885 480 hominis,
2935 419 3146 488 jubeuti
3181 419 3317 487 Deo,
3363 422 3531 477 etiam

1949 510 2219 579 incognita
2261 509 2517 580 jussionis
2558 511 2787 575 ratione,
2820 511 3052 566 servire.
3091 510 3342 568 Jubendo
3384 513 3532 568 enim

1951 599 2094 656 Deus
2121 598 2257 655 utile
2297 600 2446 666 facit.
2477 600 2742 671 quidquid
2771 601 2962 672 jubere
2989 602 3225 657 voluerit
3268 620 3282 658 :
3326 604 3395 660 de
3422 620 3532 676 quo

1947 691 2296 747 metuendum
2346 708 2451 748 non
2500 703 2607 762 est,
2653 708 2722 749 ne
2752 710 2858 749 non
2894 696 3173 765 profutura
3202 697 3479 767 praecipiat
3510 714 3527 763 ;

1949 797 2050 839 nec
2095 783 2208 839 Ileri
2262 792 2458 853 potest,
2514 794 2572 840 ut
2617 787 2867 842 voluntas
2916 788 3135 858 propria
3183 804 3290 845 non
3337 791 3529 862 grandi

1947 874 2121 931 ruina:
2151 874 2391 946 pondere
2414 890 2578 943 super
2605 878 2882 935 hominem
2909 877 3090 945 cadat,
3121 880 3166 936 si
3194 896 3313 936 eam
3337 882 3531 936 volun-

1948 971 2043 1022 tati
2063 966 2363 1034 superioris
2379 968 2694 1023 extollendo
2720 984 2992 1040 prmponat
3013 971 3173 1044 (Aug.
3188 972 3398 1038 ibid.,c.
3417 972 3529 1042 15).

1948 1058 2307 1116 CCLXXXIX
2335 1058 2501 1133 [Alias
2526 1059 2948 1135 CCLXXXVII].
2994 1062 3072 1120 De
3098 1065 3400 1121 excellentia
3434 1066 3531 1120 ltu-

2535 1148 2703 1187 mante
2730 1143 2951 1189 natura.
2988 1176 3001 1193 ι

2019 1244 2191 1313 Quam
2221 1245 2495 1301 excellens
2541 1246 2743 1302 bonum
2788 1248 2860 1303 sit
2904 1256 3094 1305 natura
3140 1248 3393 1319 humana,
3428 1251 3532 1310 hoc

1950 1336 2186 1393 maxime
2231 1346 2489 1407 apparet,
2546 1338 2692 1408 quod
2749 1337 2930 1394 datum
2980 1339 3083 1408 ipsi
3130 1337 3199 1395 Sit
3251 1353 3307 1397 ut
3361 1346 3532 1413 possit

1949 1427 2146 1482 summi
2194 1438 2250 1483 et
2291 1428 2750 1484 incommutabilis
2796 1430 2924 1485 boui
2971 1430 3249 1488 adlnrrere
3300 1443 3528 1490 naturai.

1949 1517 2103 1586 Quod
2140 1520 2184 1573 si
2227 1520 2487 1587 noluerit,
2521 1520 2660 1575 bono
2685 1535 2745 1575 se
2776 1521 2979 1591 privat,
3017 1531 3072 1575 et
3102 1522 3203 1576 hoc
3238 1524 3288 1578 ei
3334 1526 3531 1580 malum

1949 1620 2069 1668 est:
2098 1610 2239 1667 unde
2270 1626 2367 1679 rer
2393 1611 2657 1681 justitiam
2689 1612 2787 1666 Dei
2834 1612 2995 1667 etiam
3037 1612 3312 1668 cruciatus
3339 1630 3533 1671 conse-

259 1706 397 1774 dini,
459 1720 766 1776 repugnans
814 1714 901 1761 est
944 1706 1161 1761 rationi.
1210 1705 1375 1761 Nobis
1418 1720 1550 1777 ergo
1596 1706 1851 1762 videntur
1878 1700 2156 1775 Bqnitur.
2206 1704 2343 1773 Quid
2391 1706 2532 1760 enim
2566 1714 2674 1759 tam
2706 1705 2972 1777 iniqiium,
3004 1722 3164 1775 quam
3199 1718 3255 1761 ut
3299 1709 3435 1763 bene
3464 1708 3535 1764 sit

204 1853 208 1856 ε
262 1794 284 1836 ⁸
314 1806 507 1853 conm
530 1804 778 1855 nauis-am
807 1797 1018 1853 insolita
1042 1839 1058 1864 ,
1086 1798 1283 1868 quibus
1306 1798 1462 1853 aliter
1486 1806 1694 1853 natura:
1726 1812 1849 1853 cur-

262 1903 354 1945 sus
386 1888 652 1953 innotuit;
704 1905 811 1945 non
855 1900 1036 1946 autem
1069 1890 1199 1955 Deo.
1234 1891 1318 1945 cui
1352 1898 1378 1937 ι
1405 1890 1507 1946 Itoc
1536 1899 1618 1946 est
1660 1899 1849 1946 natura

258 1980 398 2051 quod
424 1980 613 2036 fecerit
635 1980 794 2052 (Aug.
823 1982 973 2047 ibid.,
1008 1998 1055 2036 c.
1092 1980 1204 2053 I3).

257 2092 583 2153 CCLXXXV
643 2093 832 2166 [Alias
850 2092 1267 2219 CCLXXXIVL.
1303 2090 1403 2175 .De
1446 2092 1850 2149 incommutabili

758 2174 959 2219 ratione
980 2181 1188 2219 onerum
1269 2181 1333 2219 es.

758 2174 959 2219 ratione
980 2181 1188 2237 operum
1221 2174 1333 2219 Det.

331 2252 361 2292 ιι
386 2255 561 2312 Omne
581 2269 781 2327 corpus
806 2257 860 2311 in
891 2270 1053 2313 omne
1073 2270 1273 2327 corpus
1296 2270 1453 2326 posse
1473 2256 1667 2312 mutari
1686 2256 1849 2330 585

260 2344 527 2402 credibile
562 2355 681 2402 est:
715 2347 992 2418 quodlibet
1040 2357 1219 2404 autem
1264 2362 1463 2417 corpus
1514 2347 1565 2401 in
1615 2350 1847 2403 animum

260 2440 580 2495 rationalem
611 2454 770 2511 posse
812 2440 1079 2506 converti,
1119 2440 1347 2497 credere
1388 2437 1685 2494 absurdum
1742 2448 1847 2495 est.

259 2531 525 2599 Quoniam
554 2535 691 2589 Deus
720 2534 799 2589 sic
824 2542 909 2589 est
937 2534 1302 2603 omnipotens,
1332 2540 1390 2587 ut
1420 2547 1711 2602 numquam
1737 2548 1847 2588 sua:

260 2628 487 2683 rationis
527 2628 773 2683 instituta
818 2627 1093 2684 convellat
1120 2628 1280 2702 (Aug.
1312 2626 1403 2682 tib.
1438 2640 1511 2680 vn
1540 2626 1601 2677 de
1629 2622 1758 2679 Gen.
1782 2626 1850 2679 ad

257 2718 335 2772 tu.
361 2735 411 2774 ο.
447 2719 516 2775 η
545 2719 727 2789 uso).

258 2808 606 2867 CCLXXXVI
641 2811 816 2883 [Alias
850 2807 1217 2881 omittebatur].
1266 2806 1284 2847 ί
1323 2807 1475 2876 Quod
1516 2808 1755 2863 naturale
1783 2807 1852 2863 sit

438 2902 583 2956 nobis
612 2902 743 2956 velle
768 2904 953 2968 vivere,
985 2917 1089 2956 non
1116 2910 1286 2955 autem
1320 2900 1457 2957 male
1483 2900 1669 2957 uiuere.

326 2994 585 3051 Naturale
632 2994 789 3051 nobis
835 3002 921 3051 est
967 2994 1107 3051 velle
1146 2996 1353 3061 vivere,
1382 2994 1527 3052 male
1554 3001 1737 3050 autem
1768 2991 1848 3048 vi-

1952 1795 2219 1853 desertori
2261 1796 2426 1851 boni?
2464 1797 2770 1867 Aliquando
2796 1809 2975 1852 autem
3006 1798 3192 1853 auiissi
3238 1801 3535 1870 superioris

1951 1891 2077 1948 boni
2102 1906 2207 1947 non
2236 1893 2466 1947 sentitur
2492 1891 2851 1955 malum,dum
2884 1890 3111 1946 habetur
3134 1893 3275 1960 quod
3301 1904 3534 1949 aniatum

1950 1992 2036 2040 est
2077 1982 2303 2039 inferius
2351 1983 2570 2038 bonum.
2621 1983 2727 2040 Sed
2774 1983 2953 2038 divina
2980 1984 3188 2053 justitia
3220 1994 3321 2050 est,
3356 1996 3411 2040 ut
3440 1988 3536 2058 qui

1948 2077 2226 2133 voluntate
2248 2086 2290 2115 ιιι
2320 2076 2504 2131 amisit
2530 2076 2673 2148 quod
2706 2092 2888 2131 amare
2918 2076 3127 2145 debuit,
3174 2079 3382 2133 amittat
3408 2095 3531 2135 cum

1951 2166 2139 2223 dolore
2185 2168 2327 2237 quod
2378 2168 2597 2233 amavit.
2630 2174 2686 2222 et
2730 2177 3046 2223 naturarum
3075 2168 3300 2224 Creator
3336 2171 3533 2240 ubique

1951 2258 2218 2316 laudetur.
2252 2258 2443 2314 Adhuc
2478 2252 2623 2314 enim
2655 2257 2856 2313 bonum
2886 2271 2991 2328 est,
3020 2260 3162 2329 quod
3193 2260 3340 2316 dolet
3365 2262 3533 2317 amis-

1951 2366 2069 2408 sum
2104 2352 2323 2405 bonum.
2352 2350 2486 2406 Nam
2517 2348 2622 2405 nisi
2669 2348 2886 2421 aliquod
2934 2350 3135 2406 bonum
3184 2351 3537 2408 remansisset

1950 2446 2003 2501 in
2030 2454 2239 2510 natura,
2274 2444 2474 2500 nullius
2496 2443 2689 2498 amissi
2721 2442 2848 2499 boui
2878 2442 3039 2499 dolor
3066 2455 3209 2500 esset
3239 2453 3265 2479 ιι
3296 2446 3348 2499 in
3376 2460 3532 2515 paena

1952 2534 2110 2607 (Aug.
2140 2534 2289 2601 ibid.,
2319 2549 2366 2586 c.
2393 2531 2503 2604 Η).

1950 2625 2126 2683 CCXC
2172 2626 2338 2695 [Alias
2362 2622 2809 2697 CCLXXXVIII].
2843 2632 2869 2659 θ
2896 2623 2973 2680 De
3004 2632 3251 2693 potestate
3293 2626 3535 2681 nocendi.

2021 2718 2185 2792 586
2209 2717 2451 2774 Nocendi
2491 2717 2760 2789 cupiditas
2793 2724 2969 2787 potest
2997 2732 3119 2771 esse
3149 2732 3177 2771 a
3206 2732 3304 2772 suo
3343 2719 3538 2787 cuique

1950 2812 2132 2866 animo
2176 2824 2360 2880 prava.
2407 2806 2533 2863 Non
2573 2818 2647 2864 est
2692 2818 2871 2863 autem
2916 2818 3136 2875 potestas
3183 2810 3283 2862 nisi
3324 2828 3357 2863 a
3400 2808 3536 2876 Deo,

1951 2912 1979 2952 Ρ
2000 2911 2055 2958 et
2082 2900 2186 2956 hoc
2226 2899 2405 2955 abdita
2424 2939 2442 2968 ,
2483 2899 2702 2971 altaque
2732 2898 2851 2970 ejus
2875 2898 3119 2969 justitia;
3159 2901 3405 2971 quoniam
3433 2919 3537 2956 non

1951 3004 2024 3049 est
2051 2992 2295 3064 iniquitas
2331 2990 2476 3063 apud
2504 2990 2675 3047 Deum
2709 2989 2869 3065 (Aug.
2903 2992 2943 3045 ι.
2974 3006 3028 3046 ιι
3052 2990 3116 3047 de
3146 2990 3275 3046 Gen.
3317 2993 3387 3046 ad
3431 2994 3533 3049 litt.
3650 3032 3660 3041 .

260 3100 390 3141 vere
415 3086 525 3155 jam
555 3100 663 3140 non
692 3094 777 3141 est
806 3094 1012 3141 naturae
1032 3127 1048 3153 ,
1092 3084 1188 3141 scd
1230 3099 1499 3156 perversa
1536 3084 1849 3153 voluntatis,
1878 3078 1926 3144 C
1956 3101 2002 3140 c.
2033 3082 2113 3157 4).

261 3192 423 3248 quam
448 3177 593 3248 jus'e
618 3193 775 3250 pmna
804 3177 1151 3249 consequitur
1173 3177 1333 3251 (Aug.
1362 3177 1516 3247 ibid.,
1545 3194 1591 3233 e.
1622 3175 1738 3248 27).

259 3289 640 3347 CCLxxxvu
674 3290 861 3366 [Alias
892 3289 1304 3366 CCLXXXV].
1348 3292 1363 3341 I
1428 3291 1660 3359 Qualiter
1699 3290 1848 3344 homo

663 3361 937 3433 praesentia
967 3361 1066 3417 Dei
1094 3361 1436 3415 illuminetur.

325 3453 483 3511 Sicut
511 3468 606 3511 aer
628 3469 694 3511 es
728 3465 996 3525 praesente
1018 3454 1225 3510 lumine
1254 3467 1360 3508 non
1393 3452 1566 3509 factus
1596 3460 1679 3508 est
1707 3453 1843 3508 luci-

258 3545 381 3611 dus,
414 3545 511 3602 sed
558 3547 645 3612 Iit;
685 3547 807 3618 quia
840 3546 888 3603 si
916 3547 1089 3602 lactus
1113 3553 1279 3609 esset,
1308 3560 1415 3601 non
1448 3554 1627 3601 autem
1669 3544 1845 3613 ﬁeret,

260 3640 425 3694 etiam
476 3638 706 3695 absente
774 3638 976 3695 lumine
1033 3637 1247 3695 lucidus
1310 3645 1657 3709 permaneret
1711 3654 1724 3690 :
1770 3636 1850 3692 sic

261 3731 466 3798 homo,
516 3732 632 3788 Deo
678 3740 948 3804 praesente
991 3732 1350 3796 illuminatur,
1395 3730 1620 3785 absente
1666 3738 1849 3784 autem

262 3820 286 3863 ι
330 3826 598 3881 continuo
646 3826 960 3882 tenebratur
1002 3844 1016 3882 :
1057 3839 1088 3879 a
1114 3840 1223 3895 quo
1252 3840 1361 3881 non
1403 3824 1648 3879 locorum
1679 3823 1849 3879 inter-

260 3917 452 3984 vallis,
498 3916 597 3973 sed
642 3918 941 3975 voluntatis
985 3917 1272 3973 aversione
1320 3914 1622 3972 disceditur
1670 3914 1848 3988 (Aug.

263 4007 346 4063 lib.
377 4023 473 4065 vni
502 4009 569 4064 de
595 4006 726 4064 Gen.
757 4009 828 4063 ad
858 4010 939 4064 lit.
970 4024 1019 4063 c.
1052 4006 1168 4079 {2).

1950 3197 2153 3256 CCXCI
2196 3196 2364 3272 [Alias
2394 3193 2863 3272 CCLXXXIXL‘I
2889 3195 3151 3265 Quantum
3189 3206 3237 3253 et
3262 3198 3416 3270 quale
3444 3198 3536 3254 bo-

2535 3285 2660 3322 num
2688 3267 2947 3323 sit—Deus.

2025 3362 2296 3431 Quantum
2339 3367 2395 3417 et
2420 3360 2579 3430 quale
2621 3359 2820 3414 bonum
2850 3360 2923 3414 sit
2952 3358 3119 3427 Deus,
3151 3361 3314 3416 etiam
3345 3377 3409 3418 ει
3440 3363 3545 3419 hoc

1955 3454 2235 3511 evidenter
2285 3451 2610 3519 ostenditur,
2659 3451 2802 3522 quod
2849 3450 2985 3506 nulli
3032 3451 3102 3507 ab
3146 3467 3214 3507 eo
3266 3453 3545 3511 recedenti

1957 3548 2097 3603 bene
2125 3554 2249 3603 est:
2282 3546 2403 3617 quia
2430 3553 2484 3600 et
2509 3544 2600 3615 qui
2627 3542 2861 3614 gaudent
2887 3543 2943 3597 in
2973 3543 3267 3599 mortiferis
3296 3546 3541 3613 volupta-

1952 3638 2118 3702 tibus,
2164 3637 2284 3691 sine
2331 3634 2537 3690 doloris
2568 3633 2764 3689 timore
2792 3648 2915 3689 esse
2939 3647 3046 3688 non
3076 3643 3330 3702 possunt;
3368 3644 3426 3690 et
3450 3635 3545 3706 qui

1952 3731 2173 3789 omnino
2238 3729 2438 3783 malum
2490 3725 2815 3782 desertionis
2866 3740 2981 3781 sua:
3028 3725 3233 3794 majore
3276 3726 3545 3797 superbia:

1955 3832 2175 3893 stupore
2221 3835 2328 3876 non
2375 3818 2636 3884 sentiunt,
2670 3817 2792 3873 aliis
2837 3817 2929 3888 qui
2960 3816 3078 3872 haec
3106 3818 3420 3874 discernere
3446 3833 3544 3874 no-

1954 3920 2169 3979 verunt,
2217 3921 2239 3950 ι
2274 3918 2473 3982 quanta
2501 3909 2716 3964 miseria
2745 3918 3083 3980 premantur,
3112 3919 3336 3979 apparet
3362 3928 3375 3964 :
3406 3920 3465 3966 ut
3491 3914 3541 3967 si

1962 4005 2145 4061 nolint
2194 4004 2439 4076 recipere
2485 4000 2808 4058 medicinam
2850 4000 2976 4056 talia
3003 4000 3303 4070 devitandi,
3332 4003 3548 4059 valeant

332 4144 483 4214 {Sic
509 4158 616 4214 ms.
639 4141 772 4206 10L,
794 4142 884 4214 qui
909 4150 1092 4214 tamen
1106 4138 1289 4205 habet,
1310 4137 1369 4192 in
1387 4135 1725 4208 spiritalibus.
1747 4134 1857 4192 Alii
1952 4138 2091 4214 juste
2116 4151 2269 4214 pana
2294 4136 2665 4214 consequimur
2693 4150 2816 4205 quas
2843 4135 3154 4214 decerpitur
3180 4151 3245 4214 es
3286 4136 3426 4194 libro
3454 4155 3547 4195 se-

265 4211 509 4273 codices.
541 4212 617 4267 De
641 4211 827 4267 anima'
842 4213 1107 4267 rationali.

1960 4206 2131 4279 ptimo
2176 4207 2243 4261 de
2285 4206 2488 4279 Genesi
2530 4206 2596 4279 ad
2629 4207 2861 4263 litteram
2887 4221 3008 4276 cap.
3039 4207 3133 4262 27.
3176 4209 3379 4265 Aberat
3409 4225 3544 4265 vero

332 4281 362 4323 δ
390 4286 452 4338 In
489 4284 630 4339 libro
658 4286 905 4354 August.,
952 4282 1007 4336 in
1047 4279 1362 4351 spiritalibus
1402 4285 1596 4332 natura
1637 4276 1858 4331 maxime
1960 4275 2307 4354 abomnibus
2338 4275 2689 4354 ed_itio_nibu_s.

266 4356 550 4409 excellunt.

339 4436 362 4464 ο
406 4424 560 4482 Editi
586 4425 753 4500 nostri
777 4438 985 4500 omnes,
1014 4423 1241 4500 sgpiaut.
1273 4420 1400 4500 mss.
1433 4418 1645 4500 itemig.
1669 4426 1723 4472 et
1746 4416 1857 4500 Jol.

267 4509 392 4565 post
423 4498 801 4564 Augustinum.
821 4496 1009 4562 sapiat.
1035 4489 1229 4548 Colon.
1262 4499 1373 4547 vet.
1395 4489 1552 4554 edit.,
1584 4489 1731 4565 in_ea
1768 4489 1859 4541 de-

2036 4349 2049 4398 i
2092 4350 2167 4403 Ita
2200 4362 2300 4403 ms.
2330 4347 2436 4402 ΙΙοι.
2459 4348 2589 4413 Alii,
2614 4346 2693 4401 De
2720 4346 2926 4413 merito,
2958 4355 3015 4402 ut
3040 4346 3234 4404 Colon.
3265 4356 3398 4418 vet.,
3432 4362 3546 4416 aut,

1961 4418 2041 4473 De
2068 4421 2248 4474 merito
2274 4418 2568 4482 voluntatis,
2602 4429 2658 4472 ut
2683 4419 2898 4487 reliqui.

2035 4488 2062 4562 ἓ
2093 4489 2203 4545 Vox
2233 4488 2349 4562 bzcc
2376 4489 2616 4562 continuo
2659 4487 2882 4562 additur
2903 4487 2991 4562 bic
3014 4503 3044 4562 a
3069 4503 3171 4545 ms.
3200 4489 3541 4562 (Remigiano,

269 4551 492 4639 betgregi
608 4565 757 4638 erigi)
781 4551 894 4634 qua;
910 4565 1224 4639 spiritalium
1254 4571 1493 4616 naturam
1522 4551 1744 4613 maxime
1763 4574 1852 4614 επ·
1886 4551 1938 4612 D
1963 4560 2358 4639 et_h:_tbett_tr_in
2389 4559 2840 4639 augustini'loco,
2872 4559 2957 4613 hic
2985 4559 3154 4639 citato
3193 4561 3250 4639 i_n
3280 4551 3544 4639 mafgine'.

270 4635 491 4705 «aunt,
519 4635 568 4691 et
584 4651 701 4706 qua
723 4635 927 4690 sursum
947 4643 1067 4689 sunt
1092 4635 1324 4706 sapiunt.

346 4710 377 4751 ἀ
414 4701 512 4781 sic
536 4701 931 4781 mggluliensis.
953 4705 1058 4781 Al_ii
1069 4745 1093 4781 ,_
1107 4701 1185 4759 De
1207 4701 1476 4781 miraculis
1506 4702 1854 4757 naturalibus.

343 4794 369 4823 ε
402 4779 508 4837 Ms.
554 4778 807 4836 Jolieusis
843 4791 965 4831 cum
1000 4776 1194 4832 Colon.
1222 4782 1335 4830 vet.
1372 4772 1531 4839 edit.,
1580 4786 1859 4829 consuetu-

274 4856 408 4911 dini.
445 4849 573 4914 Alii,
598 4848 986 4903 consuetudine.

344 4925 367 4967 ί
408 4921 509 4977 Ms.
540 4913 815 4987 Joliensis,
846 4916 1106 4971 contraria
1126 4916 1361 4970 videntur
1386 4913 1614 4968 insolita.

2035 4629 2055 4670 ι
2086 4631 2185 4686 Ms.
2214 4627 2497 4693 Joliensis,
2521 4627 2600 4683 De
2628 4629 2851 4683 utilitate
2887 4629 3142 4684 serviendi
3182 4630 3314 4685 Deo.
3348 4627 3542 4689 colon.

1960 4710 2073 4758 vet.
2102 4701 2282 4784 edit.,
2328 4696 2409 4753 De
2434 4700 2653 4755 utilitate
2680 4698 2899 4755 hominis
2928 4700 3213 4756 obedienda
3242 4700 3352 4756 Deo
3382 4705 3436 4757 in
3464 4706 3547 4757 in-

1964 4782 2204 4921 cognnfbflg:
2234 4839 2524 4921 iolieonsisg
2544 4839 2739 4921 dimisit
2765 4878 2780 4894 .
2817 4879 2841 4921 ,ξ
2864 4878 2880 4894 .
2916 4877 2932 4893 .
2962 4841 3228 4921 laudatur.

2037 4920 2066 4949 ι
2090 4912 2183 4965 Ms.
2234 4911 2469 4982 Remig.,
2499 4909 2767 4982 Lugdun,
2794 4919 2849 4982 et
2876 4911 3208 4982 posteriores
3224 4910 3543 4982 _editiones.

343 5006 372 5046 s
407 4991 539 5048 διεδ.
573 4990 779 5060 Retnig.
802 4979 1035 5060 ἐιίιοιη
1056 4987 1257 5060 noceat
1277 4987 1332 5041 in
1361 4993 1548 5039 natura
1590 4983 1733 5060 quod
1757 4984 1866 5060 ipse
1966 4983 2023 5038 in
2050 4997 2271 5060 plenam.
2304 4979 2431 5060 bis-6.
2475 4979 2628 5060 Colb.
2660 4990 2713 5060 et
2741 4979 3036 5060 Jol.,‘ed_it.
3068 4989 3178 5035 vet.
3198 4979 3329 5060 _C_ol.
3359 4993 3412 5038 et
3432 4979 3541 5060 _apl

278 5069 440 5139 fecit.
462 5062 657 5118 Colon.
684 5054 794 5117 vit.
827 5059 984 5127 edit.,
1014 5073 1130 5113 cum
1158 5057 1255 5111 hoc
1286 5065 1360 5111 est
1383 5066 1568 5109 natura
1595 5054 1733 5125 quod
1759 5056 1868 5124 ipse

275 5135 487 5208 teter!-

350 5206 383 5247 δ
410 5202 518 5261 Is.
544 5200 821 5266 loliettsis,
866 5199 1029 5255 Omne
1058 5214 1243 5267 corpus
1264 5197 1316 5250 in
1352 5196 1528 5263 aliud,
1560 5195 1615 5267 i_n
1643 5196 1871 5267 animans

276 5294 402 5334 sero
433 5289 710 5342 numquam
741 5272 933 5326 mutari
956 5285 1119 5337 posse.
1150 5265 1341 5323 Colon.
1372 5277 1510 5335 vet.,
1551 5265 1632 5320 De
1672 5265 1869 5320 incom-

278 5346 527 5407 ..τάδε
545 5345 827 5399 mutatione
852 5344 1038 5397 ani-ste
1061 5342 1116 5395 in
1138 5355 1345 5406 corpus.

2042 5050 2129 5109 nd.
2158 5062 2315 5125 (tom.
2361 5050 2413 5108 Χ
2462 5050 2623 5125 Au_g.,
2660 5052 2713 5106 in
2740 5067 2925 5123 pinna;
2963 5051 3127 5107 immo
3157 5058 3213 5105 et
3248 5052 3400 5108 locus
3431 5050 3547 5125 ipse

1998 5124 2093 5179 ibri
2124 5123 2271 5179 citati
2302 5122 2356 5178 in
2389 5122 2649 5193 margine.

2045 5203 2070 5231 ο
2100 5194 2196 5267 Ms.
2229 5193 2361 5259 101.,
2393 5191 2472 5267 De
2498 5191 2780 5267 cupiditate
2801 5200 2847 5246 et
2874 5198 3121 5267 potestate
3150 5194 3384 5267 nocendi.

2045 5276 2071 5315 ρ
2100 5266 2191 5321 Sic
2231 5259 2883 5337 post_Augus'tinnm_ms.
2907 5259 3013 5337 Jol.
3046 5260 3387 5337 Malieniig.
3418 5282 3542 5323 cum

1970 5336 2167 5411 Colon.
2196 5329 2544 5411 v§t__edit.,:et
2568 5335 2677 5390 Ittec
2702 5332 2873 5411 abdita
2900 5330 3104 5411 altaque
3122 5329 3375 5411 (Colon;
3406 5340 3553 5411 ejus)

362 5401 381 5458 ἶ
428 5416 489 5471 In
530 5430 663 5470 mss.
707 5415 1025 5485 ltemigiano
1057 5422 1111 5466 et
1139 5401 1369 5485 Joliensi
1398 5415 1518 5479 post
1543 5408 1866 5485 sententiam
1969 5408 2193 5485 iustitia.
2222 5405 2328 5462 Alii
2372 5404 2609 5471 codices,
2638 5414 2685 5459 et
2722 5403 2832 5457 Ιιωε
2862 5402 3039 5456 abdita
3081 5401 3285 5473 altaque
3334 5401 3444 5481 ei“;
3474 5401 3555 5477 iu;

279 5489 399 5547 185
426 5487 587 5559 (alias
620 5483 730 5559 284
756 5478 1359 5559 prméedente).Atit-ulus.
1386 5478 1498 5559 est,
1533 5478 1682 5546 Quod
1714 5488 1875 5559 natu-

283 5562 398 5617 rale
435 5550 513 5614 'sit
554 5558 698 5611 nobis
737 5550 866 5610 uelle
910 5550 1105 5609 vivere.
1139 5550 1238 5607 Cui
1280 5550 1566 5620 subjicitur
1608 5551 1874 5605 sententia

1975 5480 2200 5601 merits.
2243 5547 2349 5604 Jol.
2377 5556 2430 5603 et
2454 5546 2644 5603 Colon.
2673 5552 2781 5601 vet.
2812 5542 2944 5601 edit.
2972 5545 3175 5605 addunt
3203 5548 3460 5618 Quantum
3502 5561 3549 5607 et

291 5631 451 5689 lare:
468 5628 725 5685 Naturale
746 5627 884 5681 nobis
912 5636 985 5681 est
1012 5624 1138 5679 uelle
1164 5623 1345 5687 sisere,
1373 5622 1507 5676 male
1529 5630 1698 5675 autem
1717 5621 1881 5677 virere
1980 5621 2101 5675 aliis
2133 5620 2306 5674 libris.

283 5706 413 5773 jam
458 5717 562 5757 non
612 5709 685 5756 est
719 5708 936 5766 natura,
975 5695 1063 5753 sed
1110 5709 1359 5770 perversa
1402 5693 1701 5763 voluntatis,
1725 5707 1881 5769 quam

2060 5701 2080 5729 '
2110 5690 2301 5747 Colon.
2336 5696 2438 5743 vet.
2473 5686 2625 5752 edit.,
2660 5694 2849 5757 quanta
2877 5688 2943 5743 sit
2966 5692 3187 5748 miseria.
