4006 6356
157 287 253 344 173

855 485 1009 523 Mille.

221 590 425 650 Primus
469 587 632 641 homo
675 583 846 640 Adam
894 581 972 637 sic
1015 579 1145 636 olim
1195 579 1479 636 defunctus
1521 587 1625 646 est,
1666 587 1724 634 ut

166 694 325 739 tamen
367 687 489 750 post
518 676 671 732 illum
719 670 986 730 secundus
1016 670 1178 726 homo
1205 669 1276 725 sit
1299 667 1570 737 Christus,
1599 683 1722 725 cum

165 785 231 832 tot
251 773 520 829 hominum
545 767 714 823 millia
744 764 885 820 inter
914 763 1064 820 illum
1091 772 1145 820 et
1176 763 1319 818 hunc
1352 773 1471 818 orta
1500 762 1608 816 sint
1632 778 1646 814 :
1671 769 1728 817 et

166 867 273 923 ideo
317 861 662 918 manifestum
708 865 812 920 est,
863 855 930 911 ad
974 855 1127 910 illum
1177 855 1451 926 pertinere
1509 868 1725 910 omnem

165 959 240 1030 qui
269 971 336 1013 ex
368 955 456 1010 illa
485 950 832 1008 successione
876 948 903 988 δ
934 949 1245 1020 propaginis
1275 948 1546 1014 nascitur;
1590 948 1728 1004 sicut

165 1053 219 1108 ad
247 1052 397 1105 istum
431 1047 664 1118 pertinet
701 1043 879 1100 omnis
935 1044 1027 1116 qui
1062 1053 1084 1082 ε
1113 1043 1166 1098 in
1209 1043 1304 1098 illo
1341 1041 1528 1112 gratia:
1568 1041 1728 1112 largi-

166 1155 257 1200 tate
286 1142 602 1198 renascitur.
633 1138 791 1198 Unde
828 1138 885 1194 lit
923 1145 982 1192 ut
1022 1145 1194 1192 totum
1232 1150 1404 1206 genus
1434 1137 1727 1190 humanum

166 1235 541 1306 quodammodo
569 1235 680 1288 sint
702 1232 952 1286 homines
977 1230 1107 1299 duo,
1137 1230 1342 1301 primus
1370 1237 1425 1284 et
1456 1228 1728 1285 secundus

167 1331 303 1402 (Aug.
334 1331 368 1384 ι.
406 1345 441 1382 ll
477 1327 577 1397 0p.
612 1326 776 1395 Intp.,
813 1343 864 1379 n.
899 1322 1047 1392 I65).

406 1419 580 1476 00011
604 1417 768 1492 [Alias
795 1415 964 1488 CCC].
1003 1415 1080 1472 De
1095 1415 1314 1488 judiciis
1341 1415 1459 1470 Dei.

225 1514 366 1570 Nullo
414 1513 578 1568 modo
620 1510 838 1580 judiciis
882 1509 1160 1564 hominum
1207 1506 1568 1578 comparanda
1604 1515 1733 1562 sunt

169 1603 340 1671 iudicia
372 1603 472 1657 Dei
499 1621 511 1654 :
540 1617 700 1672 quem
731 1615 836 1656 non
865 1599 1218 1654 dubitandum
1247 1609 1331 1656 est
1356 1614 1478 1656 esse
1503 1599 1728 1669 justum,

169 1695 310 1751 etiam
332 1693 551 1765 quando
578 1693 705 1748 facit
733 1691 874 1762 quod
906 1692 1210 1749 hominibus
1236 1692 1448 1749 videtur
1476 1693 1730 1764 injustum

169 1787 303 1858 (Aug.
327 1786 364 1840 ι.
397 1802 459 1841 Ill
490 1785 590 1857 ορ.
626 1783 789 1850 Ιηῳ..
815 1802 870 1838 n.
899 1784 1016 1856 24).

248 1876 442 1934 CCCIII
471 1876 640 1950 [Alias
673 1876 868 1948 CCCI].
897 1873 923 1912 ἀ
948 1874 1027 1931 De
1051 1877 1317 1932 nativitate
1333 1881 1618 1952 justorunt.

226 1970 398 2026 Justus
445 1985 512 2026 cs
567 1970 720 2039 Deo,
785 1979 808 2007 ε
838 1985 944 2026 non
991 1985 1055 2026 ex
1103 1969 1414 2027 hominibus
1459 1974 1729 2030 nascitur:

169 2062 400 2134 quoniam
435 2063 796 2130 rcuascendo,
843 2078 948 2117 non
974 2062 1244 2118 nascendo
1272 2062 1329 2117 fit
1350 2063 1548 2134 justus.
1577 2064 1733 2122 Unde

169 2156 308 2210 etiam
358 2152 377 2192 τ
425 2154 733 2224 regenerati
780 2153 875 2210 lilii
933 2154 1026 2210 Dei
1070 2165 1338 2211 vocantur
1385 2158 1539 2230 (Aug.
1579 2159 1730 2224 ibid.,

171 2263 214 2298 ιι.
240 2246 345 2316 5t).
447 2289 460 2306 .

170 2337 337 2394 CCCIV
365 2340 387 2413 [
417 2339 563 2394 Alias
589 2337 762 2395 CCCII
789 2339 830 2414 ].
863 2340 938 2396 De
959 2352 1156 2398 natura:
1186 2343 1430 2398 humana:
1461 2346 1730 2414 qualitate.

229 2431 414 2487 Natura
464 2433 694 2486 humana
741 2435 843 2489 ctsi
887 2435 1024 2489 mala
1071 2444 1187 2499 est,
1239 2438 1364 2506 quia
1404 2437 1589 2491 vitiata
1621 2447 1732 2502 est;

172 2544 263 2584 non
299 2541 477 2585 tamen
523 2529 721 2584 malum
753 2537 857 2596 est,
891 2529 1014 2600 quia
1044 2540 1232 2585 natura
1263 2542 1367 2586 est.
1405 2530 1558 2586 Nulla
1590 2533 1734 2586 cnitn

174 2633 358 2690 natura,
416 2626 471 2678 in
517 2634 776 2694 quantum
822 2634 1010 2683 natura
1052 2636 1157 2693 est,
1213 2626 1414 2680 malum
1457 2636 1538 2682 est
1580 2644 1594 2682 :
1641 2627 1735 2683 sed

171 2733 367 2787 prorsus
416 2718 640 2784 bonum,
689 2721 810 2773 sine
846 2734 953 2789 quo
985 2720 1129 2774 bono
1156 2720 1322 2774 ullum
1356 2734 1478 2776 esse
1507 2737 1613 2776 non
1645 2737 1737 2790 po-

172 2819 261 2865 test
286 2822 309 2858 ε
333 2811 542 2868 malum
569 2829 584 2866 :
618 2812 740 2880 quia
769 2813 871 2867 nisi
905 2813 958 2868 in
995 2813 1174 2884 aliqua
1199 2824 1387 2869 natura
1419 2815 1586 2869 ullum
1615 2831 1739 2871 esse

175 2919 266 2960 non
295 2914 475 2976 potest
508 2905 731 2970 vitiunil;
773 2907 1022 2976 quamvis
1065 2907 1184 2962 sine
1224 2906 1355 2962 vitio
1399 2908 1571 2978 possit
1614 2923 1740 2965 esse

173 3004 248 3058 vel
276 3019 564 3074 numquam
594 3002 800 3069 vitiata,
841 3003 925 3058 vel
954 3011 1140 3059 sanata
1183 3013 1368 3059 natura
1398 3005 1557 3077 (Aug.
1587 3005 1736 3071 ibitL,

171 3111 215 3147 n.
241 3095 383 3167 eos).

292 3188 465 3246 CCCV
492 3189 659 3262 [Alias
689 3188 928 3261 0001111.
964 3190 1040 3246 Dc
1069 3202 1228 3247 morte
1251 3203 1594 3263 peccatorum.

228 3280 433 3338 Iustum
467 3282 561 3337 Dei
604 3281 866 3351 judicium
910 3292 1015 3350 cst,
1049 3293 1107 3338 ut
1135 3295 1359 3354 peccato
1387 3299 1487 3338 suo
1517 3285 1741 3356 quisque

177 3382 361 3442 pereat,
392 3389 516 3430 cum
550 3384 830 3445 peccatum
865 3375 1007 3432 Deus
1036 3390 1142 3430 non
1175 3374 1335 3431 lat-iat
1371 3394 1382 3428 :
1424 3377 1562 3432 sicut
1591 3392 1740 3432 mor-

172 3477 262 3523 tem
307 3483 417 3524 non
459 3467 607 3536 fecit,
638 3477 691 3522 et
722 3475 901 3522 tamen
927 3483 1092 3538 quem
1125 3468 1290 3540 589
1319 3479 1496 3524 morte
1523 3468 1742 3538 dignum

173 3555 194 3595 δ
220 3570 422 3624 censet,
455 3558 680 3614 occidit.
722 3557 732 3596 ί
777 3558 932 3615 Unde
960 3558 1178 3629 legitur,
1217 3561 1351 3613 Deus
1380 3571 1596 3616 mortem
1640 3578 1744 3616 non

172 3653 313 3720 fecit:
338 3659 397 3706 et
437 3651 659 3721 legitur,
709 3650 855 3706 Mors
902 3661 952 3704 ct
1002 3653 1104 3705 rita
1128 3668 1160 3704 a
1193 3649 1298 3706 Deo
1328 3663 1421 3706 est.
1475 3654 1606 3718 Qua:
1635 3653 1743 3710 duo

171 3742 292 3797 inter
321 3759 379 3800 se
409 3758 518 3798 non
575 3757 699 3799 esse
725 3743 998 3800 contraria
1043 3743 1284 3815 profecto
1321 3745 1470 3801 videt
1498 3748 1742 3818 quisquis

171 3834 227 3889 ab
265 3836 521 3906 aperibus
572 3835 770 3891 divinis
816 3836 1017 3906 judicia
1064 3836 1247 3892 divina
1278 3835 1538 3893 discernit
1577 3840 1740 3908 :quia

171 3925 298 3982 aliud
343 3938 430 3984 est
475 3929 717 3984 creando
745 3943 851 3984 non
897 3928 1197 3984 instituisse
1247 3929 1554 3995 mortalem,
1595 3932 1741 3987 aliud

170 4015 440 4081 iudicando
471 4022 708 4093 plectere
738 4031 1081 4092 peccatorem
1112 4023 1272 4094 (Aug.
1304 4023 1341 4077 Ι.
1367 4039 1420 4078 tv
1446 4022 1546 4095 0p.
1573 4024 1738 4096 lmp.,

170 4127 211 4162 η.
238 4112 346 4180 32.)

230 4328 252 4357 ι
280 4319 368 4376 Sic
393 4332 498 4374 ms.
532 4315 636 4372 .Iol.
683 4313 820 4378 Alii,
851 4312 1117 4368 De’Adam
1155 4314 1319 4384 primo
1343 4323 1392 4368 et
1421 4317 1667 4371 secundo.

231 4391 254 4428 δ
281 4391 407 4446 Mss.
440 4389 647 4457 Remig.
682 4397 736 4442 et
762 4386 896 4451 .Iol.,
930 4386 1254 4457 propaginis.
1293 4385 1347 4440 Iit
1378 4385 1542 4457 Ang.,
1574 4389 1660 4451 qui
1685 4404 1748 4443 ea:

172 4463 256 4514 illo
301 4456 624 4516 successione
666 4458 1000 4529 propaginis;
1055 4457 1156 4529 etsi
1209 4456 1341 4511 alias
1367 4473 1430 4529 ea;
1471 4456 1578 4511 illa
1606 4460 1746 4529 lege-

170 4544 323 4589 retur.
379 4531 525 4587 Editi
574 4527 939 4600 Prusperiani,
986 4543 1048 4581 ex
1096 4527 1186 4580 illa
1215 4528 1532 4583 successione
1559 4527 1746 4601 propa-

195 4613 320 4659 atus.

167 4620 384 4729 “lembis.
416 4672 654 4740 Remig.,
685 4670 854 4741 gratia
878 4669 1148 4741 largiente.
1258 4719 1261 4723 .

231 4743 254 4782 ἀ
281 4747 384 4801 Ms.
409 4745 544 4808 101..
576 4743 653 4799 De
677 4743 1081 4812 regeneratione.

233 4825 255 4852 θ
288 4818 387 4870 .\Is.
437 4815 569 4895 101..
617 4811 744 4895 non
775 4813 1102 4894 exohomine.
1137 4811 1229 4868 Sic
1267 4826 1483 4885 quoque
1528 4814 1580 4869 in
1611 4814 1750 4871 libro

168 4888 385 4954 August.
419 4888 584 4942 citato
616 4888 668 4940 in
702 4888 962 4952 margine.

237 4958 362 5012 Ilia
419 4966 692 5012 mutamus
736 4955 1058 5010 auctoritate
1099 4968 1239 5026 mss.
1275 4954 1492 5026 Remig.
1545 4966 1594 5010 et
1616 4955 1747 5023 101..

168 5045 258 5100 pro
283 5030 474 5096 renati,
509 5028 652 5097 quod
683 5026 911 5100 habetur
951 5027 1010 5100 in_
1047 5025 1207 5081 editis
1248 5025 1458 5100 nostris
1499 5042 1531 5100 :_
1555 5041 1749 5100 quam-

167 5097 318 5169 quam
365 5112 420 5156 et
462 5099 542 5164 hi,
592 5113 624 5153 a
689 5097 1046 5164 Lovaniensi,
1094 5097 1323 5167 margini
1374 5097 1750 5166 inscripserint

167 5172 300 5228 Alias
324 5172 633 5243 regenerati.

233 5254 257 5292 ε
291 5239 421 5299 Iltec
467 5243 650 5309 verba,
696 5243 886 5296 malum
915 5258 926 5294 :
957 5241 1080 5312 quia
1120 5240 1224 5294 nisi
1253 5241 1308 5295 in
1352 5239 1528 5311 aliqua
1563 5247 1753 5312 natura

169 5316 327 5370 ullum
359 5332 469 5370 esse
499 5330 602 5367 non
633 5323 798 5385 potest
821 5310 1383 5385 vitium,__supplemt_is
1411 5310 1478 5385 ex
1508 5325 1607 5364 ms.
1642 5310 1751 5366 Re-

167 5388 400 5457 migiano
431 5397 483 5443 et
518 5382 668 5441 textu
697 5383 999 5457 Augustini,
1023 5382 1494 5457 _lie_et_esciderint
1518 5396 1548 5435 a
1591 5388 1754 5457 caete-

167 5451 541 5514 ris'codicibus
571 5451 806 5511 nostris:
822 5455 922 5511 Ms.
953 5453 1061 5510 101.
1095 5453 1260 5509 habet
1285 5463 1515 5520 tantum,
1550 5451 1753 5506 nullum

165 5539 331 5597 potest
359 5546 468 5584 esse
497 5528 696 5583 uitium.

235 5599 259 5636 δ
304 5601 382 5655 Ita
423 5615 527 5656 ms.
550 5599 658 5655 101.
707 5605 830 5670 post
874 5597 1098 5670 August.
1150 5597 1370 5654 librum.
1401 5596 1510 5654 Alii
1535 5595 1751 5654 codices

165 5674 362 5736 nostri,
392 5672 567 5727 sensit.

241 5744 285 5819 i__
305 5745 434 5800 llzee
461 5743 652 5819 verba,
687 5742 825 5797 Deus
853 5741 1064 5819 mortem
1089 5757 1201 5819 Anon
1234 5741 1391 5819 fecit,
1423 5749 1482 5819 ει
1528 5739 1709 5819 legitur
1735 5779 1748 5819 ,

167 5815 418 5874 addimus
444 5817 762 5872 auctoritate
789 5828 920 5870 mss.
953 5811 1248 5883 Remigiani
1279 5821 1330 5866 et
1355 5811 1628 5875 Joliensis,
1658 5811 1749 5877 qui

590 277 793 335 LIBER
831 276 1372 336 SENTENTIARUM
1410 275 1508 334 EX
1547 276 1899 336 OI’ERIBUS
1935 278 1993 335 S.
2035 279 2402 339 AUGUSTINI
2443 283 2955 350 DELIBATARUM.

159 403 292 466 CCCI
332 400 494 477 [Alias
524 397 823 470 CCXCIX].
873 397 1006 480 {De
1049 397 1216 467 primo
1257 403 1304 449 et
1352 394 1580 450 secundo
1625 394 1719 446 Ito-
1746 393 1800 456 Α

1775 4631 1828 4692 D

3315 300 3418 361 ‘7‘

1992 394 2191 452 CCCVI
2225 396 2404 470 [Alias
2443 399 2642 457 CCCIV
2661 400 2712 476 ].
2737 405 2815 460 De
2837 421 2987 476 pana
3007 410 3222 478 peccati.

1899 486 2040 543 Deus
2077 488 2292 559 quidem
2338 490 2599 547 mundum
2646 493 2804 562 fecit,
2841 505 2898 553 et
2927 513 3156 570 corpora
3194 516 3418 573 prorsus

1827 580 2027 635 omnia.
2061 579 2185 650 .Sed
2231 589 2290 637 ut
2338 597 2535 654 corpus
2591 587 2944 658 corruptibile
2995 603 3248 662 aggravet
3302 598 3418 655 ani-

1829 688 1991 737 mam,
2020 681 2075 728 et
2112 688 2238 729 caro
2282 679 2631 748 concupiscat
2670 679 2931 738 adversus
2972 685 3223 756 spiritum
3247 686 3413 760 (Sap.

1829 782 1900 832 is,
1927 767 2048 836 l5),
2081 782 2186 823 non
2209 777 2293 824 est
2319 772 2630 840 praseedens
2661 784 2853 831 natura
2883 776 3116 835 hominis
3156 779 3416 848 instituti,

1827 858 1923 914 sed
1950 873 2284 931 consequens
2316 861 2331 911 i
2367 876 2526 931 pinna
2554 863 2792 922 damnati
2825 869 3001 940 (Aug.
3032 870 3183 940 ibid.,
3213 890 3268 927 η.
3295 871 3415 947 67).

1829 949 2052 1008 CCCVI!
2075 952 2253 1026 [Alias
2272 953 2444 1011 CCCV
2465 955 2477 1028 |
2497 995 2510 1010 .
2535 955 2562 995 ιι
2584 957 2662 1012 De
2683 958 2813 1014 bona
2833 961 3149 1020 institutione
3175 964 3408 1028 hominis.

1900 1044 2258 1113 Quantislihet
2297 1046 2441 1102 vitiis
2485 1057 2733 1122 turpetur
2777 1067 3136 1125 quaecumque
3180 1066 3413 1126 natura,

1831 1135 2096 1192 institutio
2125 1137 2242 1206 ejus
2268 1151 2483 1209 semper
2512 1150 2592 1196 est
2628 1141 2790 1198 bona.
2821 1143 2953 1200 Nam
2985 1147 3126 1202 sicut
3151 1148 3420 1205 institutio

1829 1226 2076 1295 corporis
2123 1226 2261 1282 bona
2300 1237 2413 1292 est,
2453 1230 2616 1286 etiam
2658 1233 2873 1303 quando
2902 1237 3143 1293 nascitur
3169 1236 3186 1276 ι
3215 1239 3419 1295 morbi-

1832 1319 1954 1388 dus,
1976 1329 2029 1375 et
2045 1321 2310 1377 institutio
2329 1321 2492 1377 animi
2516 1322 2658 1379 bona
2681 1334 2786 1392 est,
2811 1326 2972 1382 etiam
3002 1329 3215 1399 quando
3241 1332 3418 1388 nasci-

1833 1422 1920 1469 tur
1961 1413 2170 1480 Iatuus;
2217 1415 2298 1472 sic
2338 1415 2605 1472 institutio
2645 1417 2815 1488 ipsius
2849 1418 3086 1477 hominis
3127 1422 3266 1478 bona
3310 1432 3415 1493 est,

1832 1505 2049 1578 quando
2080 1507 2316 1562 nascitur
2341 1517 2379 1545 ιη
2409 1509 2612 1578 peccati
2644 1509 2925 1581 originalis
2953 1512 3216 1569 obnoxius
3256 1514 3416 1587 (Aug.

1833 1600 1983 1664 ibid.,
2014 1618 2069 1655 η.
2102 1600 2260 1671 “5).

1869 1690 2318 1764 CCCVIII[Alias
2358 1693 2628 1768 CCCVI].
2677 1706 2703 1734 ιι
2739 1696 2818 1752 De
2855 1698 3130 1756 abolitione
3171 1703 3389 1773 peccati.

1763 1786 1810 1847 Β
1908 1785 2058 1842 Sicut
2096 1785 2310 1856 quidam
2345 1797 2598 1856 parentes
2625 1801 2918 1860 aggravant
2938 1791 3202 1863 originale
3221 1810 3415 1864 pecea-

1837 1885 1974 1944 tum,
1998 1875 2068 1932 ita
2096 1877 2311 1948 quidam
2343 1879 2627 1936 relevant:
2658 1882 2752 1938 sed
2777 1883 2956 1939 nullus
2990 1885 3152 1953 tollit,
3177 1887 3281 1942 nisi
3337 1887 3430 1945 ille

1835 1968 1904 2026 de
1930 1984 2037 2039 quo
2059 1969 2257 2026 dictum
2281 1980 2386 2038 est,
2415 1971 2545 2028 Ecce
2568 1991 2733 2046 agnus
2756 1975 2874 2040 Dei,
2905 1994 3018 2032 ecce
3043 1979 3130 2044 qui
3155 1979 3290 2034 tollit
3313 1997 3430 2050 pec-

1834 2072 1951 2116 cata
1975 2062 2152 2117 mundi
2171 2063 2290 2119 :cui
2322 2064 2526 2119 nullum
2554 2066 2756 2122 bonum
2788 2069 3025 2125 hominis
3071 2072 3429 2141 impossibile.

1837 2154 2041 2210 nullum
2071 2155 2270 2210 malum
2299 2166 2384 2211 est
2411 2157 2707 2214 insanabile
2731 2161 2900 2232 (Aug.
2932 2163 3085 2231 ibid.,
3116 2182 3168 2218 η.
3204 2165 3350 2236 152).

1999 2265 2205 2322 00οΙΧ
2232 2268 2418 2341 [Alias
2455 2269 2746 2342 CCCVIIJ.
2782 2281 2805 2307 ο
2835 2273 2913 2328 De
2941 2276 3110 2348 gratia
3159 2275 3272 2330 Dei.

1910 2357 2024 2415 Non
2046 2361 2111 2414 ad
2135 2360 2323 2416 merita
2347 2361 2647 2430 hominum,
2676 2364 2768 2420 sed
2794 2364 2859 2420 ad
2885 2365 2978 2422 Dei
3002 2367 3426 2424 misericordiam

1839 2451 2092 2522 pertinet,
2123 2467 2243 2506 cum
2274 2467 2340 2507 ex
2371 2453 2458 2508 illa
2489 2469 2668 2508 massa
2703 2456 2860 2523 primi
2906 2457 3162 2523 hominis,
3205 2459 3289 2514 eui
3320 2474 3432 2517 me-

1840 2544 1944 2599 rito
1975 2559 2120 2599 mors
2147 2543 2394 2611 debetur,
2444 2545 2671 2615 quisque
2699 2545 2979 2602 liberatur.
3031 2548 3148 2604 Non
3178 2559 3263 2606 est
3289 2552 3432 2608 enim

1840 2635 2094 2706 iniquitas
2123 2636 2262 2706 apud
2289 2637 2455 2692 Deum
2481 2655 2495 2691 :
2520 2637 2645 2706 quia
2672 2653 2848 2709 neque
2875 2639 3226 2705 remittendo,
3259 2657 3433 2713 neque

1839 2728 2106 2799 exigendo
2135 2730 2276 2799 quod
2306 2728 2558 2795 debetur,
2598 2729 2830 2800 injustus
2868 2741 2983 2798 est;
3011 2741 3063 2788 et
3094 2733 3167 2788 ibi
3195 2735 3433 2802 gratuita

1840 2831 1924 2876 est
1946 2821 2295 2893 indulgentia,
2326 2822 2417 2877 ubi
2448 2822 2586 2892 iusta
2616 2832 2799 2894 posset
2835 2839 2958 2880 esse
2988 2825 3223 2881 vindicta
3255 2826 3427 2899 (Aug.

1842 2933 1921 2988 ep.
1955 2915 2082 2982 186,
2108 2916 2176 2968 ad
2208 2913 2506 2982 Paulinum,
2539 2933 2585 2970 c.
2615 2915 2669 2983 6,
2700 2915 2907 2987 n.16).

1841 3028 2021 3084 00οΧ
2053 3027 2236 3098 [Alias
2280 3025 2588 3100 CCCVI“).
2629 3028 2941 3098 Neminem,
2990 3031 3090 3086 nisi
3125 3029 3238 3088 Deo
3288 3034 3436 3091 mise-

2426 3110 2593 3165 rante,
2639 3102 2849 3156 saluari.

1769 3164 1815 3228 ο
1918 3192 2114 3248 Natura
2145 3192 2401 3256 humana,
2441 3192 2650 3247 etiamsi
2677 3193 2730 3248 iii
2761 3193 2850 3248 illa
2883 3193 3191 3265 integritate
3247 3195 3300 3252 in
3331 3212 3438 3269 qua

1847 3294 1931 3341 est
1953 3283 2167 3339 condita
2192 3292 2550 3354 permaneret,
2583 3283 2728 3338 nullo
2757 3284 2919 3338 modo
2966 3299 3026 3340 se
3054 3286 3249 3356 ipsam,
3276 3285 3439 3343 Crea-

1847 3389 1968 3435 tore
2012 3393 2110 3433 suo
2159 3394 2263 3432 non
2287 3377 2605 3447 adjuvante,
2647 3385 2910 3433 servaret.
2957 3377 3133 3446 Unde,
3166 3394 3287 3435 cum
3323 3381 3441 3438 sine

1850 3470 1944 3526 Dei
1974 3469 2139 3540 gratia
2189 3469 2414 3523 salutem
2440 3477 2468 3515 ι)
2500 3482 2605 3522 non
2635 3467 2808 3538 possit
2835 3469 3112 3525 custodire
3159 3485 3318 3540 quam
3348 3486 3439 3527 ac-

1849 3561 2032 3631 cepit,
2077 3558 2350 3630 quomodo
2386 3558 2504 3614 sine
2544 3559 2636 3614 Dei
2674 3561 2846 3630 gratia
2892 3569 3069 3630 potest
3109 3576 3439 3632 recuperare

1847 3668 2006 3724 qttam
2057 3649 2288 3721 perdidit
2335 3651 2505 3720 (Aug.
2539 3650 2692 3717 ibid,
2723 3667 2769 3705 c.
2821 3651 2911 3714 ll,
2941 3668 2992 3706 η.
3039 3651 3151 3718 57;
3201 3669 3317 3708 can.
3370 3655 3437 3711 I9

1847 3761 1989 3800 conc.
2019 3745 2202 3798 Araus.
2230 3757 2270 3796 ιι
2293 3741 2347 3812 )?

1847 3861 2046 3919 CCCXI
2078 3861 2254 3932 [Alias
2297 3858 2491 3942 CCCIX
2515 3860 2531 3931 ]
2554 3903 2566 3915 .
2597 3870 2621 3910 ει
2659 3857 2825 3942 Nihil.
2855 3861 3201 3916 excusationis
3240 3879 3440 3935 compe-

2440 3941 2543 3986 tere
2572 3941 2845 4002 peccatori.

1921 4023 2308 4081 Inexcusabilis
2336 4032 2418 4080 est
2444 4023 2623 4079 omnis
2654 4032 2905 4093 peccator
2932 4025 3018 4081 vel
3066 4033 3220 4082 reatu
3271 4029 3437 4098 origi-

1852 4119 1955 4186 nis,
1983 4119 2063 4174 vel
2092 4116 2460 4172 additamento
2481 4117 2641 4170 etiam
2674 4118 2903 4188 propria:
2935 4118 3442 4192 voluntatis:590

1851 4318 2061 4389 plenius
2082 4318 2260 4372 locum
2293 4317 2578 4386 Augustini
2606 4318 2826 4373 citatum
2852 4318 3128 4375 exhibent.

1928 4390 1941 4439 i
1992 4390 2065 4464 I_t_a
2093 4389 2651 4464 ins.Aluliensisjuxta
2675 4399 2879 4464 textum
2905 4389 3211 4464 Augustini,
3239 4399 3293 4448 et
3313 4407 3438 4464 app.

1853 4472 1983 4515 tom.
2008 4460 2048 4515 Χ
2069 4459 2245 4530 ejusd.
2267 4460 2369 4514 Alii
2395 4459 2617 4514 codices
2633 4461 2825 4531 nostri,
2843 4476 2966 4515 cum
2991 4463 3042 4514 in
3068 4471 3220 4516 textu
3245 4459 3446 4531 ponant

1853 4549 2002 4602 paena
2029 4532 2327 4602 peccalitin
2362 4531 2602 4602 margine
2654 4530 2893 4602 indicant
2919 4547 3104 4587 vocem
3137 4530 3388 4589 damnati.

1925 4601 1950 4641 l‘
1990 4599 2077 4658 Sic
2109 4616 2208 4655 ms.
2234 4599 2336 4655 101.
2363 4599 2557 4655 Cmteri
2581 4601 2815 4669 codices,
2847 4601 2926 4655 De
2949 4619 3100 4674 opere
3125 4606 3177 4658 in
3199 4622 3446 4675 quacum-

1889 4689 1950 4727 ue
1979 4683 2184 4728 natura.

2088 4691 2100 4722 Ι
2171 4713 2184 4725 .

1852 4690 1950 4782 qui
2189 4751 2244 4798 et
2282 4741 2397 4796 Col.
2449 4750 2502 4796 et
2532 4742 2866 4800 recentiores
2894 4744 3095 4800 habent
3133 4746 3442 4800 morbidum.

1853 4815 1988 4871 Cum
2023 4824 2202 4869 tamen
2231 4823 2284 4867 et
2309 4812 2589 4881 Augustini
2625 4815 2774 4868 locus
2802 4826 2908 4868 Iam
2940 4816 2992 4869 in
3020 4817 3193 4883 Opere
3219 4817 3441 4882 Imperi.

1854 4903 2018 4956 quam
2059 4887 2110 4939 in
2140 4885 2460 4956 Sententiis,
2501 4891 2555 4938 et
2597 4884 2688 4956 alii
2731 4885 2946 4940 codices
2995 4885 3162 4941 nostri
3213 4884 3446 4941 habeant

1855 4955 2142 5011 morbidus.
2188 4956 2276 5026 Sic
2325 4955 2495 5026 etiam,
2532 4955 2691 5009 scribi
2723 4956 2920 5011 debere
2962 4957 3288 5026 putavimus,
3321 4971 3444 5010 cum

1856 5043 1988 5083 sane
2019 5025 2344 5096 subintelligi
2379 5025 2533 5079 facile
2560 5037 2845 5081 censeatur
2875 5025 3046 5092 homo,
3078 5026 3168 5096 qui
3197 5027 3317 5096 talis
3349 5041 3443 5079 na-

1855 5111 2036 5154 scatur
2068 5116 2079 5150 :
2105 5097 2270 5152 immo
2303 5095 2422 5166 post
2450 5097 2653 5166 aliquot
2673 5097 2842 5152 lineas
2864 5095 3122 5166 cupresse
3154 5095 3438 5166 habeatur.

1859 5170 1950 5224 ubi
1983 5183 2082 5224 ms.
2116 5167 2219 5224 101.
2261 5165 2457 5223 omittit
2502 5182 2689 5222 vocem
2744 5169 2904 5237 ipsius
2937 5165 3062 5222 ante
3094 5166 3233 5221 hanc
3276 5165 3442 5218 homi-

1860 5258 1959 5295 ms.

1933 5322 1972 5348 ιη
2007 5312 2231 5384 August.
2259 5310 2440 5384 habet,
2469 5309 2764 5379 contagioni
2789 5307 2983 5377 peccati
3012 5305 3298 5384 originalis.

1930 5393 1958 5421 ¹¹
1998 5376 2250 5446 Μεί1οΙ..
2279 5381 2432 5446 Quod
2452 5376 2684 5450 parentes
2707 5376 2987 5452 aggravant
3013 5387 3060 5432 et
3085 5376 3314 5433 relevant
3339 5378 3442 5436 ori-

1860 5454 2031 5528 ginale
2059 5465 2344 5528 peccatum.

1937 5536 1961 5563 °
2005 5519 2103 5582 Ms.
2136 5523 2410 5590 Joliensis,
2444 5521 2523 5576 De
2550 5521 2901 5576 misericordia
2927 5519 3044 5576 Dei.

1935 5608 1962 5648 ι’
2001 5598 2102 5652 Ms.
2134 5597 2365 5665 Remig,
2399 5609 2500 5646 non
2551 5591 2752 5658 possit:
2798 5602 2853 5648 ut
2901 5591 2956 5648 in
3004 5593 3235 5666 August.
3283 5591 3442 5664 epist.

1863 5668 1992 5735 Alii,
2023 5685 2122 5722 non
2155 5679 2340 5735 posset.

1933 5733 2098 5795 q‘Ms.
2132 5733 2264 5800 101..
2294 5735 2442 5801 Quod
2470 5733 2831 5792 inexcusabilis
2857 5745 2931 5793 cst
2956 5737 3124 5794 omnis
3152 5739 3385 5806 peccator
