4006 6356
581 258 693 322 ιη

1830 255 1889 312 ε.
1931 252 2153 310 PROSP

2259 254 2274 307 I
2315 256 2648 326 AQUITANI
3733 267 3821 327 ιιι

579 375 694 432 sive
735 373 827 446 qui
870 373 1038 438 novit,
1069 372 1185 428 sive
1227 372 1318 443 qui
1358 370 1595 444 ignorat,
1626 367 1742 427 sive
1784 370 1877 443 qui
1917 370 2159 441 judicat,
2186 371 2243 435 Δ
2266 368 2355 429 nis
2374 376 2540 442 ﬁlius,
2581 384 2643 433 ut
2663 391 2764 434 nos
2795 392 2889 446 per
2917 376 3066 434 illum
3093 375 3190 432 Dei
3221 374 3315 431 lilii
3347 375 3599 433 ﬁeremus
3623 395 3635 430 :
3659 377 3819 437 itsse-

575 469 693 526 sive
717 469 806 538 qui
833 481 942 522 non
981 465 1208 536 judicat.
1239 465 1376 535 Quia
1401 475 1460 523 et
1487 469 1599 536 ipsa
1651 465 1954 537 ignorantia
1983 466 2038 520 in
2085 466 2166 522 eis
2270 468 2352 524 lus
2383 472 2617 540 suscepit
2651 473 2809 546 591
2837 472 2955 527 sine
2985 471 3139 526 tnalis
3170 471 3375 525 meritis
3405 485 3615 539 pmnam
3641 516 3655 539 ,
3703 475 3819 532 sicut

574 561 670 634 qui
698 561 995 631 intelligere
1026 560 1339 627 noluerunt,
1370 560 1489 615 sine
1519 560 1858 616 dubitatione
1886 571 2164 631 peccatum
2269 577 2368 617 nos
2399 578 2493 632 per
2517 564 2666 619 illum
2691 565 2812 623 sine
2835 561 2863 601 ιι
2882 563 3038 618 bonis
3069 563 3277 618 meritis
3299 563 3548 632 gratiam.
3582 563 3707 630 Quia
3733 567 3813 624 sic-

572 660 679 717 est;
713 652 768 706 in
798 652 877 706 eis
919 661 1096 708 autem
1126 652 1216 722 qui
1249 665 1359 707 non
1401 661 1716 722 potuerunt,
1748 669 1903 723 pmna
1935 654 2159 724 peccati.

571 743 714 814 Ergo
741 753 768 784 ιι
796 745 849 800 in
878 744 1121 813 utrisque
1143 758 1254 800 non
1277 753 1363 800 est
1385 746 1685 812 excusatio,
1710 744 1807 800 sed
1832 745 1975 815 justa
2005 745 2160 801 dam-

569 835 720 891 natio
748 835 918 908 (Aug.
950 851 1038 904 ep.
1063 834 1188 900 I94,
1209 835 1282 889 ad
1308 836 1539 904 Sixtum,
1567 853 1615 891 ε.
1640 837 1695 903 9,
1733 854 1786 891 n.
1818 836 1886 892 27
1911 835 1955 907 ).

568 948 794 1006 CCCXII
820 949 998 1022 [Alias
1031 946 1273 1021 CCCX].
1307 947 1388 1004 De
1409 949 1489 1004 his
1517 950 1606 1019 qui
1638 950 1842 1018 Spiritu
1872 950 1971 1006 Dei
2001 967 2161 1022 agun-

1319 1029 1422 1074 tur.

638 1112 665 1152 δ
697 1113 827 1170 Plus
855 1125 940 1169 est
1005 1114 1191 1184 procul
1217 1114 1382 1169 dubio
1411 1115 1495 1184 agi
1527 1129 1686 1185 quam
1717 1116 1850 1186 regi.
1885 1115 1987 1182 Qui
2013 1116 2157 1170 enim

567 1205 789 1276 regitur,
821 1205 1022 1276 aliquid
1053 1206 1196 1277 agit;
1228 1215 1285 1262 et
1310 1206 1434 1260 ideo
1463 1208 1688 1275 regitur,
1721 1217 1779 1261 ut
1806 1219 1956 1262 recte
1986 1217 2106 1278 agat
2138 1227 2152 1264 :

566 1299 660 1367 qui
689 1309 866 1354 autem
899 1297 1100 1370 agitur,
1132 1314 1293 1369 agere
1319 1299 1434 1369 ipse
1460 1299 1662 1369 aliquid
1693 1299 1784 1353 vix
1817 1299 2147 1370 intelligitur.

563 1391 634 1447 Et
658 1400 842 1446 tamen
870 1400 1076 1447 tantum
1108 1399 1332 1461 praestat
1359 1390 1724 1446 voluntatibus
1754 1392 1950 1446 nostris
1981 1392 2152 1460 gratia

564 1485 881 1551 Salvatoris,
907 1494 970 1540 ut
995 1499 1100 1539 non
1125 1484 1334 1539 dubitet
1355 1470 1643 1552 Apostolus
1665 1483 1865 1548 dicere,
1894 1483 2154 1554 Quotquot

564 1578 764 1647 Spiritu
792 1576 887 1630 Dei
916 1586 1166 1647 aguntur,
1195 1576 1249 1629 hi
1276 1577 1377 1645 filii
1407 1575 1503 1629 Dei
1547 1585 1685 1629 sunt.
1717 1575 1828 1630 Nec
1857 1575 2057 1645 aliquid
2091 1574 2152 1629 in

562 1669 715 1724 nobis
759 1668 932 1726 libera
974 1668 1226 1724 voluntas
1255 1667 1452 1722 melius
1481 1680 1642 1737 agere
1681 1672 1876 1735 potest,
1908 1680 2068 1735 quam
2092 1673 2151 1718 ut

2267 665 2326 710 ut
2354 656 2512 713 nobis
2541 671 2646 712 non
2673 656 2972 712 debebatur
3000 654 3200 724 aliquid
3233 652 3385 721 boni,
3415 652 3484 707 ita
3516 655 3706 709 necilli
3733 657 3816 713 ali—

2265 747 2392 818 quid
2440 749 2588 804 mali.
2619 747 3016 803 Commendans
3061 760 3190 814 ergo
3219 743 3562 801 dilectionem
3591 756 3731 799 suam
3771 744 3816 802 in

2265 852 2359 893 eos
2385 838 2585 910 quibus
2633 838 2854 894 daturus
2895 846 3009 893 erat
3037 835 3331 891 indebitsm
3372 834 3563 899 vitam,
3604 834 3704 902 pati
3736 853 3816 906 pro

2263 930 2344 987 eis
2386 930 2553 986 voluit
2582 930 2874 986 indebitam
2915 934 3143 982 mortem
3175 924 3343 996 (Aug.
3373 922 3415 977 l.
3446 937 3504 979 tv
3533 934 3668 980 cont.
3711 927 3816 982 duas

2263 1038 2346 1092 ep.
2378 1021 2585 1094 Pelag.,
2619 1039 2666 1076 ο.
2695 1021 2761 1086 ις
2793 1037 2911 1074 can.
2941 1017 2978 1072 2
3001 1031 3146 1070 conc.
3175 1014 3362 1068 Araus.
3389 1013 3490 1082 ιι).

2261 1133 2532 1190 CCCXVII
2557 1132 2734 1207 [Alias
2758 1126 3051 1199 CCCXV].
3083 1125 3100 1164 ί
3139 1124 3290 1193 Quod
3336 1124 3510 1192 gratia
3537 1139 3636 1176 non
3672 1124 3728 1176 sit
3765 1134 3814 1179 et

2947 1207 3034 1252 nat
3038 1213 3154 1251 ure.

2327 1294 2476 1351 Sicut
2505 1294 2584 1350 eis
2613 1293 2700 1363 qui
2742 1292 2989 1346 volentes
3016 1290 3067 1344 in
3097 1287 3218 1355 lege
3244 1284 3550 1355 iustiﬁcari,
3603 1299 3632 1338 a
3670 1286 3815 1355 gratia

2256 1388 2594 1454 exciderunt,
2627 1383 2910 1440 verissime
2934 1381 3066 1435 dicit
3095 1378 3409 1447 Apostolus,
3436 1376 3495 1434 Si
3533 1392 3597 1431 es
3625 1377 3722 1448 lrge
3740 1380 3813 1448 ju-

2254 1481 2396 1534 stitia
2429 1486 2529 1544 est,
2569 1493 2694 1547 ergo
2736 1474 2969 1530 Christus
3009 1473 3172 1545 gratis
3207 1481 3436 1525 mortuus
3470 1478 3546 1524 est
3577 1467 3726 1538 (Gal.
3749 1483 3813 1533 ιι,

2252 1572 2316 1628 21
2343 1570 2364 1644 )
2389 1589 2401 1624 :
2431 1572 2510 1626 sic
2538 1568 2619 1625 eis
2643 1568 2734 1639 qui
2763 1567 3013 1639 gratiam,
3063 1580 3224 1637 quam
3254 1563 3608 1620 commendat
3635 1573 3682 1617 et
3711 1577 3813 1631 pet-

2255 1663 2384 1732 cipit
2424 1661 2562 1717 ﬁdes
2603 1659 2829 1725 Christi,
2877 1667 3065 1727 putant
3094 1673 3219 1713 esse
3245 1667 3527 1722 naturam,
3563 1657 3814 1712 verissime

563 1761 636 1817 illi
665 1776 725 1817 se
753 1761 1099 1816 commendet
1143 1760 1236 1830 qui
1266 1760 1407 1815 mala
1449 1774 1611 1831 agere
1637 1773 1743 1814 non
1774 1767 1954 1829 potest
1980 1757 2140 1830 (Aug.
2170 1759 2222 1822 Β
2248 1757 2464 1822 dicitur,
2507 1753 2564 1810 Si
2608 1769 2704 1824 per
2747 1763 2994 1807 naturam
3017 1751 3226 1820 justitia
3273 1760 3374 1817 est,
3419 1765 3551 1821 ergo
3597 1749 3816 1806 Christus

562 1855 599 1910 ι.
631 1856 694 1910 de
718 1853 888 1910 Gestis
913 1854 1097 1926 Pelag.
1123 1871 1172 1909 c.
1206 1853 1298 1926 5.)

2253 1849 2418 1919 gratis
2443 1855 2705 1902 mortuus
2748 1855 2854 1908 est.
2882 1844 3002 1899 .lam
3045 1844 3130 1897 hic
3178 1841 3320 1897 enim
3349 1853 3468 1898 erat
3499 1843 3609 1904 lex,
3649 1849 3813 1896 etnon

561 1967 809 2025 eccxm
839 1968 1020 2040 [Alias
1040 1966 1305 2038 cccxn.
1345 1979 1366 2006 ο
1401 1966 1541 2036 Quid
1569 1970 1633 2022 sit
1658 1967 1866 2022 liberari
1887 1983 1918 2021 a
1940 1983 2151 2039 corpore
2250 1939 2622 2040 iuﬂi“??ba[3
2649 1938 2759 2040 ΙΨ
2791 1936 2878 1990 δίο
2907 1943 3026 1990 θηι
3051 1943 3105 2040 ἐξ
3132 1945 3343 2040 ηθίυτξιν
3370 1941 3424 1989 ει
3446 1948 3553 2040 ηίῖη
3576 1931 3813 2040 ἱιξειίβῗέξ

1163 2042 1345 2093 mortis
1371 2040 1548 2106 hujus.

634 2130 872 2186 Liberari
911 2146 940 2184 a
983 2144 1217 2202 corpore
1265 2131 1456 2186 mortis
1517 2129 1717 2199 hujus,
1765 2130 1912 2185 omni
1962 2137 2154 2184 sanato

561 2228 814 2297 languore
852 2226 1307 2298 concupiscentiae
1334 2225 1538 2291 carnis,
1568 2233 1652 2280 est
1689 2239 1797 2279 non
1836 2223 1904 2278 ad
1938 2239 2151 2294 poenam

561 2333 754 2388 corpus
796 2320 1081 2386 recipere,
1122 2318 1217 2374 sed
1262 2318 1329 2373 ad
1371 2318 1596 2388 gloriam
1623 2316 1790 2388 (Aug.
1839 2316 1928 2372 tib.
1975 2333 1993 2372 ι
2031 2333 2154 2372 con-

561 2419 638 2463 tra
663 2411 791 2466 duas
821 2411 973 2480 epist.
1004 2408 1191 2481 Pelag.
1221 2426 1340 2482 cap.
1371 2410 1435 2466 11
1461 2409 1504 2480 ).

560 2522 802 2579 CCCXIII
829 2522 1002 2595 [Alias
1022 2520 1252 2578 CCCXII
1269 2521 1398 2649 5:0
1414 2520 1567 2577 Nihil
1593 2523 1849 2578 hominem
1879 2539 2024 2594 posse
2045 2525 2154 2580 sine

629 2685 788 2741 Multa
837 2687 978 2744 Deus
1008 2686 1135 2744 facit
1168 2687 1219 2742 in
1250 2687 1474 2746 homine
1521 2688 1684 2753 bona,
1717 2703 1838 2758 quae
1883 2703 1989 2744 non
2030 2689 2156 2746 facit

560 2777 723 2846 homo
751 2797 762 2831 :
789 2779 936 2834 nulla
961 2793 1090 2834 vero
1119 2779 1247 2834 facit
1277 2781 1460 2846 homo,
1493 2795 1616 2850 quae
1647 2795 1752 2836 non
1783 2781 1923 2836 Deus
1944 2781 2073 2836 facit
2099 2789 2157 2836 ut

559 2870 714 2924 iaciat
748 2871 907 2925 homo
939 2872 1106 2943 (Aug.
1151 2872 1242 2926 lib.
1286 2887 1324 2928 tt
1364 2884 1543 2927 contra
1591 2874 1720 2928 duas
1759 2876 1910 2945 epist.
1959 2875 2150 2947 Pelag.

560 2977 673 3033 cap.
704 2962 764 3028 8;
793 2971 840 3016 et
866 2980 982 3016 can.
1008 2962 1080 3018 ΩΟ
1112 2963 1298 3018 Araus.
1335 2979 1371 3019 ιι
1402 2965 1596 3035 conc.).

733 3051 954 3108 CCCXV
981 3053 1165 3122 (Alias
1195 3053 1446 3111 CCCXIII
1463 3055 1481 3125 Ἰ
1501 3095 1515 3110 .
1542 3055 1622 3112 De
1647 3073 1766 3111 vera
1780 3057 2009 3125 justitia.

2254 2031 2366 2086 bat.
2413 2031 2537 2085 Ideo
2565 2030 2814 2085 Christus
2839 2043 2944 2082 non
2967 2026 3135 2096 gratis
3167 2035 3413 2080 mortuus
3435 2035 3520 2080 est
3546 2042 3560 2078 :
3586 2035 3643 2078 ut
3671 2034 3720 2080 et
3749 2025 3816 2078 les

2254 2139 2350 2194 per
2370 2123 2521 2178 illum
2550 2121 2888 2190 impleretur,
2912 2119 3006 2190 qui
3034 2119 3200 2179 dixit.
3233 2117 3357 2171 Non
3387 2118 3501 2171 veni
3538 2116 3729 2171 soluere
3758 2115 3818 2168 le-

2253 2232 2384 2286 gem,
2409 2214 2499 2268 sed
2519 2214 2728 2283 implere
2750 2210 2970 2282 (Matth.
3001 2226 3054 2275 v,
3083 2209 3146 2263 l7
3168 2209 3222 2278 );
3251 2217 3305 2263 et
3336 2220 3527 2262 natura
3557 2222 3652 2275 per
3673 2204 3816 2261 Adam

2254 2308 2484 2378 perdita,
2516 2322 2613 2376 per
2668 2306 2818 2360 illum
2851 2312 3202 2374 repararetur
3235 2302 3326 2371 qui
3353 2301 3509 2366 dixit,
3540 2300 3756 2356 venisse
3773 2312 3820 2353 se

2254 2414 2497 2468 quaerere
2518 2407 2574 2452 et
2595 2398 2804 2452 saltare
2827 2395 2968 2467 quod
2993 2396 3238 2465 perierat
3261 2392 3432 2465 (Aug.
3455 2393 3547 2447 lib.
3575 2392 3637 2445 de
3665 2388 3819 2445 Gratia

2254 2499 2300 2545 et
2333 2489 2446 2544 Lib.
2483 2490 2606 2544 Arb.
2633 2506 2678 2546 c.
2713 2489 2806 2556 1'5;
2839 2497 2887 2543 et
2911 2503 3028 2541 can.
3051 2485 3118 2540 21
3149 2501 3293 2540 conc.
3321 2485 3509 2538 Araus.
3537 2484 3629 2554 ιι).

2255 2604 2553 2662 cccxvut
2585 2604 2762 2678 [Alias
2785 2601 3102 2727 ccum;
3137 2600 3152 2650 ι
3194 2599 3270 2655 De
3298 2597 3654 2654 misericordia
3686 2596 3821 2665 uir-

3001 2689 3122 2729 1610.

2327 2771 2494 2826 Posse
2518 2768 2717 2824 habere
2737 2768 2922 2833 ﬁdem,
2946 2766 3084 2822 sicut
3105 2779 3261 2834 posse
3281 2764 3483 2820 habere
3501 2761 3818 2823 charilatem,

2258 2872 2462 2918 naturm
2493 2871 2576 2916 est
2601 2860 2880 2916 hominum
2909 2876 2923 2913 :
2947 2857 3149 2913 habere
3177 2866 3358 2914 autem
3389 2854 3575 2920 ﬁdem,
3599 2852 3626 2892 ι
3653 2868 3822 2925 quem-

2256 2953 2549 3010 admodum
2599 2952 2800 3009 habere
2837 2950 3181 3014 charitatem,
3223 2949 3410 3019 gratim
3455 2955 3540 3004 est
3579 2945 3822 3002 ﬁdelium.

2258 3048 2366 3105 Sed
2397 3063 2519 3103 cum
2553 3047 2802 3101 voluntas
2831 3044 3088 3101 credendi
3128 3043 3247 3098 aliis
3277 3040 3297 3080 ι
3328 3050 3677 3112 prteparetur,
3719 3039 3824 3096 aliis

627 3141 846 3202 iustitia
875 3145 1173 3200 secundum
1203 3160 1360 3214 quam
1384 3147 1562 3217 justus
1604 3163 1670 3204 ex
1697 3149 1802 3206 ﬁde
1830 3151 1992 3218 vivit,
2021 3166 2154 3221 quo-
2180 3136 2226 3201 Ο
2257 3156 2362 3197 non
2406 3148 2737 3211 ρτωρποιυτ
2761 3154 2792 3194 ³
2820 3137 3049 3194 nmmo
3070 3177 3085 3203 ν
3132 3135 3552 3192 discernendum
3596 3139 3680 3188 οδε
3712 3126 3822 3202 qm

561 3237 703 3295 uiam
735 3251 831 3307 per
860 3237 1106 3307 spiritum
1148 3239 1334 3307 gratim
1376 3239 1584 3295 homini
1631 3257 1695 3296 ex
1729 3241 1842 3298 Deo
1869 3251 1974 3306 est.
2025 3259 2152 3302 vers

561 3328 762 3400 iustitia
782 3337 904 3384 est:
932 3343 1054 3398 qua:
1091 3329 1219 3384 licet
1243 3345 1348 3384 non
1381 3331 1652 3388 immerito
1680 3333 1736 3387 in
1765 3334 2033 3404 aliquibus
2057 3337 2150 3400 iu-

560 3421 657 3478 stis
682 3435 780 3491 pro
802 3421 962 3491 hujus
985 3421 1112 3478 vita:
1133 3422 1433 3492 capacitate
1453 3423 1691 3493 perfecta
1713 3425 1926 3480 dicatur
1947 3470 1960 3494 ,
1990 3442 2151 3494 parva

562 3523 741 3569 tamen
772 3522 858 3570 est
881 3512 949 3568 ad
1004 3512 1153 3569 illam
1200 3529 1447 3585 magnam
1479 3530 1639 3584 quam
1682 3516 1829 3585 capit
1870 3518 2154 3588 aequalitas

559 3605 874 3675 angelorum
901 3622 914 3659 :
941 3614 967 3643 ο
993 3620 1155 3676 quam
1196 3606 1287 3676 qui
1317 3606 1555 3662 nondum
1584 3607 1836 3677 habebat,
1863 3619 1917 3664 et
1935 3621 2154 3680 promer

562 3697 707 3753 illam
738 3714 859 3768 quae
883 3698 994 3768 jam
1028 3698 1224 3764 inerat,
1257 3697 1589 3769 perlectum;
1623 3710 1677 3755 et
1709 3712 1928 3770 promer
1958 3704 2150 3768 istam.

561 3803 680 3861 qua:
702 3788 875 3844 adhuc
900 3790 1106 3856 deerat,
1137 3791 1512 3861 imperfectum
1541 3806 1600 3846 se
1626 3808 1748 3849 esse
1777 3793 2014 3851 dicebat.
2047 3797 2154 3852 Sed

564 3882 721 3951 plane
752 3883 926 3936 minor
953 3882 1056 3938 ista
1085 3883 1290 3952 justitia
1317 3882 1336 3921 ί
1363 3881 1491 3939 facit
1527 3886 1797 3951 meritum,
1848 3889 2021 3957 major
2063 3889 2154 3944 illa

563 3973 691 4032 lacit
719 3975 1022 4042 praemium.
1061 3975 1216 4031 Unde
1240 3975 1334 4045 qui
1364 3976 1521 4030 istam
1568 3992 1673 4032 non
1703 3980 1967 4047 sequitur,
2009 3981 2153 4036 illam

565 4079 672 4119 non
699 4067 1005 4138 assequitur
1030 4066 1050 4137 (
1074 4066 1206 4137 Aug.
1236 4068 1275 4121 ι.
1323 4083 1383 4122 ιιι
1422 4078 1557 4122 cont.
1589 4068 1722 4122 duas
1764 4071 1913 4141 epist.
1941 4070 2152 4143 Pelag.,

568 4171 687 4224 cap.
721 4156 810 4228 7).

565 4265 816 4323 CCCXVI
848 4268 1024 4341 [Alias
1051 4267 1330 4342 CCCXIV]
1353 4310 1366 4324 .
1399 4281 1423 4318 ε
1453 4271 1604 4336 Quod
1633 4273 1863 4329 Christus
1887 4277 2027 4331 solus
2048 4279 2158 4332 sine

922 4350 1130 4410 peccato
1157 4342 1310 4395 subiit
1339 4358 1539 4413 patriam
1568 4347 1781 4411 peccati.

639 4429 719 4486 De
747 4444 852 4485 uno
882 4431 998 4486 solo
1023 4432 1323 4489 mediatore
1370 4433 1466 4488 Dei
1513 4444 1567 4488 et
1609 4434 1886 4492 hominum
1937 4437 2157 4497 homine

2255 3234 2436 3291 veniat
2464 3233 2532 3288 de
2563 3231 2936 3287 misericordia
2975 3229 3116 3298 ejus,
3158 3225 3288 3298 quid
3335 3226 3403 3280 de
3435 3223 3660 3294 judicio.
3712 3221 3824 3280 Uni-

2255 3343 2410 3384 verm
2433 3327 2576 3384 enim
2606 3326 2700 3381 vim
2729 3323 2937 3380 Domini
2962 3320 3312 3378 misericordia
3340 3328 3389 3374 et
3419 3319 3626 3372 veritas.
3659 3313 3822 3384 (Psal.

2255 3440 2387 3480 utv
2414 3465 2428 3489 ,
2480 3420 2612 3489 I0).
2656 3416 3105 3491 Inaestigabiles'n
3134 3424 3314 3469 autem
3364 3418 3480 3466 sunt
3531 3410 3628 3466 aia:
3672 3409 3823 3478 ipsius

2256 3515 2447 3584 (Rom.
2479 3529 2558 3580 ιι,
2587 3509 2712 3582 53).
2741 3519 2770 3548 ιι
2800 3506 3210 3579 lnvestigabiles
3252 3504 3414 3575 igitur
3439 3511 3564 3558 sunt
3585 3545 3602 3572 ,
3635 3499 3828 3556 miseri-

2255 3605 2457 3668 cordia,
2487 3620 2591 3675 qua
2615 3603 2784 3673 gratis
2807 3602 3016 3665 liberat,
3043 3610 3098 3654 et
3119 3598 3319 3654 veritas
3347 3609 3449 3664 qua
3472 3595 3616 3664 juste
3635 3593 3827 3664 iudicat

2258 3698 2431 3770 (Aug.
2459 3698 2497 3750 ι.
2530 3713 2547 3752 ι
2575 3698 2638 3749 de
2663 3694 2914 3749 Prwdest.
2951 3693 3190 3746 Sanctor.
3219 3706 3267 3744 c.
3300 3689 3333 3743 5
3359 3699 3404 3741 et
3428 3687 3517 3757 6).

2293 3790 2546 3848 CCCXIX
2576 3790 2757 3862 [Alias
2786 3785 3056 3844 CCCXVIII
3076 3784 3096 3856 ]
3116 3823 3129 3835 .
3170 3792 3194 3819 ο
3226 3782 3304 3838 De
3332 3780 3590 3851 erigendis
3629 3779 3793 3852 lapsis.

2328 3884 2499 3940 Nemo
2540 3881 2698 3950 erigit
2727 3890 3098 3948 Pquemquatn
3141 3875 3211 3931 ad
3249 3874 3302 3928 id
3333 3873 3388 3928 in
3419 3885 3529 3943 quo
3567 3871 3678 3941 ipse
3715 3877 3822 3935 est,

2260 3977 2362 4032 nisi
2390 3976 2716 4046 aliquantum
2741 3972 2808 4028 ad
2836 3971 2889 4026 id
2912 3971 2964 4026 iu
2993 3985 3100 4041 quo
3123 3977 3209 4024 est
3230 3967 3324 4024 ille
3353 3964 3646 4022 descendat
3671 3963 3819 4033 (Aug.

2259 4069 2409 4138 epist.
2443 4065 2532 4134 li,
2563 4066 2630 4119 ad
2661 4063 2987 4126 Nebridium,
3013 4077 3066 4115 η.
3094 4059 3180 4129 ι).

2259 4176 2488 4235 CCCXX
2519 4176 2692 4249 [Alias
2728 4171 3202 4296 CCCXV‘IillglriaDe
3254 4166 3628 4224 contemnenda
3664 4163 3828 4220 mundi

2957 4260 3144 4318 gloria.

2331 4340 2478 4407 Quas
2502 4340 2644 4395 vires
2674 4336 2901 4394 nocendi
2934 4336 3127 4390 habeat
3158 4334 3408 4389 humanae
3439 4332 3626 4404 gloria:
3665 4343 3826 4392 amor,

2262 4449 2369 4489 non
2392 4434 2575 4496 sentit,
2607 4432 2708 4486 nisi
2730 4431 2818 4502 qui
2844 4429 2893 4484 ei
2915 4429 3116 4484 bellum
3145 4427 3422 4482 indixerit.
3451 4426 3588 4494 Quia
3611 4435 3640 4476 οι
3661 4425 3700 4479 si
3721 4419 3828 4475 cui-

567 4523 784 4580 Christo
815 4525 944 4581 Jesu
983 4526 1114 4581 ﬁdes
1156 4527 1420 4583 catholica
1461 4529 1638 4596 novit,
1683 4530 1826 4601 quod
1869 4547 1966 4601 pro
2003 4534 2156 4590 nobis
2183 4520 2237 4582 D
2263 4541 2423 4598 quam
2454 4523 2612 4579 facile
2639 4531 2720 4577 est
2749 4519 2958 4576 Iaudem
3007 4535 3113 4574 non
3159 4533 3392 4586 cupere,
3420 4517 3550 4570 dum
3580 4522 3784 4584 negatur
3813 4524 3826 4570 ς

567 4627 820 4682 mortem,
852 4615 906 4672 id
933 4625 1034 4683 est,
1080 4619 1287 4688 peccati
1335 4634 1546 4689 pinnam
1578 4623 1695 4678 sine
1725 4632 1949 4693 peccato
1977 4626 2158 4684 subire

567 4707 819 4779 dignatus
840 4718 943 4767 est.
981 4709 1134 4767 Sicut
1159 4712 1301 4766 enim
1331 4713 1482 4769 solus
1511 4714 1634 4771 ideo
1665 4714 1842 4771 factus
1867 4723 1953 4772 est
1982 4717 2154 4774 homi-

640 4897 667 4960 ξι
708 4887 808 4960 his.
842 4887 1082 4960 Bemigq
1111 4889 1165 4960 in
1195 4898 1488 4960 utrumque.

635 4957 663 4997 δ
835 4957 975 5034 JoI.,_
1007 4959 1158 5034 Quod
1179 4961 1296 5034 plus
1317 4957 1488 5034 sit'agi
1513 4978 1668 5033 quam
1698 4963 1827 5034 regi.

642 5041 664 5068 ο
705 5029 793 5085 Sic
815 5045 917 5084 ms.
950 5029 1057 5087 .lol.
1089 5029 1303 5094 Castori,
1329 5030 1406 5086 De
1436 5029 1831 5090 resurrectione.

636 5099 662 5139 δ
705 5100 805 5174 ΜΒ.
831 5101 1103 5158 Joliensis.
1127 5101 1209 5174 (De
1236 5101 1378 5157 bonis
1406 5119 1520 5174 qua;
1541 5105 1664 5170 facit
1697 5103 1834 5159 Deus
1856 5104 1912 5158 in
1939 5103 2164 5165 homine.

643 5183 666 5246 ἐ
706 5173 900 5227 Colon.
933 5182 1041 5228 vet.
1075 5172 1267 5240 editio,
1291 5172 1449 5244 quam
1476 5173 1678 5229 Paulus
1700 5177 1788 5246 qui
1819 5176 2048 5232 nondum
2075 5178 2168 5231 ha-

568 5243 804 5388 Ικιιαιῂς⁸
832 5313 1071 5388 Κθωίεη
1094 5316 1223 5388 fecit
1251 5315 1489 5388 meritum
1515 5353 1526 5366 .
1559 5355 1572 5369 .
1602 5355 1627 5388 .7
1647 5355 1659 5367 .
1692 5315 1750 5384 ﬁt
1775 5321 2070 5388 premium.

644 5393 670 5430 ε
707 5382 783 5437 Ita
812 5401 913 5436 ms.
941 5382 1047 5440 Jul.
1082 5382 1294 5452 Ceteri,
1325 5384 1401 5440 De
1428 5382 1736 5440 mortalitate
1758 5382 1958 5445 Christi
1987 5407 2170 5445 secun-

574 5453 696 5506 dum
726 5470 952 5510 carnem.

646 5520 676 5560 δ
718 5524 843 5580 llzec
872 5539 972 5580 vox
997 5527 1142 5580 bonis
1164 5527 1348 5584 aberat
1377 5542 1404 5582 a
1426 5526 1655 5590 Lovan..
1689 5528 1859 5585 Duae.
1895 5540 1949 5585 et
1976 5531 2166 5586 Colon.

575 5605 779 5670 recent.
800 5594 1112 5670 Restituitur
1133 5599 1452 5670 auctoritate
1481 5614 1610 5654 mss.
1633 5600 1844 5670 Remig.
1872 5612 1923 5656 et
1946 5603 2080 5663 Jo|.,
2109 5615 2171 5656 ac
2259 5603 2539 5666 margine,
2563 5594 2893 5670 quemquam.

573 5666 707 5744 edit:
727 5666 914 5724 Colon.
947 5677 1053 5724 vet.
1085 5678 1141 5725 et
1168 5669 1362 5744 Lugd.,
1415 5671 1769 5730 conlormitcr
1798 5666 2174 5744 'textuiAugu-

572 5736 724 5796 Itiui.

2265 4620 2485 4678 difﬁcile
2513 4626 2596 4672 est
2619 4631 2682 4671 ea
2711 4631 2816 4670 non
2843 4612 3122 4679 delectari,
3146 4625 3268 4667 cum
3303 4609 3534 4666 oﬁ‘ertur
3555 4610 3574 4680 (
3595 4607 3718 4677 Aug.
3748 4617 3825 4669 cp.

2265 4717 2361 4785 22,
2391 4715 2459 4769 ad
2486 4713 2690 4778 Aurel.,
2722 4728 2775 4765 η.
2801 4709 2894 4780 8).

2348 4894 2366 4931 ί
2409 4892 2499 4948 Sic
2526 4905 2628 4944 ms.
2654 4887 2757 4945 Jol.
2791 4885 2919 4946 Alii.
2957 4884 3034 4938 De
3057 4891 3243 4937 natura
3280 4889 3326 4936 et
3346 4882 3532 4953 gratia.

2347 4967 2362 5014 ι
2411 4963 2509 5018 Ms.
2541 4961 2676 5026 .Iol.,
2714 4957 2787 5012 De
2817 4956 2937 5026 fide.

2343 5032 2370 5072 ¹ι
2410 5015 2507 5088 bis.
2547 5015 2766 5098 iliemig.
2815 5015 2868 5081 et
2897 5025 3003 5081 .Inl.
3035 5034 3088 5079 et
3112 5023 3304 5098 Colon.
3338 5031 3467 5098 ve_t.,
3497 5022 3638 5098 sicut.
3673 5015 3835 5098 habere

2273 5107 2596 5161 charitatem.
2627 5088 2769 5155 Μεῖῇ
2803 5096 3235 5165 Βειιιίε.,εοάεχ,
3268 5093 3436 5160 gratia
3466 5102 3537 5145 est
3567 5088 3793 5162 ﬁdelium.

2348 5176 2363 5214 ¹
2409 5174 2505 5230 Ms.
2540 5173 2672 5235 10L,
2703 5180 3025 5240 prazparatur
3057 5207 3070 5220 .
3193 5172 3542 5240 praeparatur.

2347 5256 2386 5284 σι
2432 5246 2532 5302 Ms.
2564 5237 3211 5314 liemig.,inuestigabiles
3237 5237 3398 5314 enim.

2346 5326 2373 5354 τι
2413 5295 2756 5382 ’Κειιιίετ
2773 5295 2822 5366 et
2848 5295 3044 5382 Colon:
3069 5319 3201 5373 vet.,
3228 5302 3605 5382 Investigabilis
3631 5318 3647 5355 :
3669 5295 3833 5355 eadem

2277 5389 2470 5446 Colon.
2503 5386 2631 5442 edit.
2663 5377 2779 5450 qua:
2803 5384 2969 5450 gratis
2999 5381 3198 5450 liberat,
3235 5387 3280 5430 et
3302 5377 3488 5450 ueritas
3514 5389 3645 5446 quae.

2349 5468 2372 5494 ο
2414 5457 2504 5513 Sic
2532 5471 2630 5510 ms.
2658 5448 2769 5510 λοι.
2802 5448 2924 5519 Alii,
2951 5450 3028 5505 De
3055 5448 3383 5521 auxiliall‘ia'
3488 5515 3502 5521 -
3693 5510 3740 5521 --
3795 5505 3804 5518 ο

2350 5541 2374 5580 r
2415 5530 2512 5583 Ms.
2545 5527 2650 5580 Jol.
2684 5532 2806 5595 post
2838 5513 3116 5595 Augustini
3141 5519 3424 5595 epistolam
3455 5513 3774 5595 citatamhic

2971 5585 3187 5658 rosperi'
3205 5589 3420 5644 codices
3447 5586 3538 5640 alii
3563 5585 3840 5658 ᾳυίήᾳυαιξε

2353 5646 3082 5742 inbiil—iijvetﬁcolon.cuni
3112 5668 3340 5742 August.
3371 5659 3533 5742 epist.
3575 5646 3752 5720 elata.
3791 5646 3844 5703 δέ

2282 5747 2545 5809 quiquam.
2577 5741 2682 5798 Alii
2711 5739 2929 5815 codices
2958 5734 3148 5804 uestri,
3179 5735 3269 5791 etsi
3300 5734 3558 5800 cuiquam.
