4006 6356
148 362 245 429 ιιι

592 353 799 412 LIBER
841 349 1379 415 SENTENTIARUM
1417 345 1514 405 EX
1552 341 1892 401 OPERIBUS
1931 339 1989 394 S.
2032 339 2400 400 AUGUSTINI
2437 341 2950 401 DELIBATABUM.

3294 338 3400 403 ιιι

152 473 387 541 CCCXXI
409 472 591 548 [Alias
636 469 883 548 CCCXlX
903 469 951 539 ].
978 478 1004 506 ι
1024 468 1118 548 ρο
1163 465 1529 536 temporalibus
1572 462 1717 518 bonis
1740 462 1793 522 Δ
1820 458 2143 518 CCCXXV"
2171 456 2193 532 [
2224 460 2373 519 Alias
2406 460 2715 548 CCCXXV]
2736 503 2749 516 .
2790 470 2817 509 ι
2846 458 2943 516 Cui
2972 456 3135 528 prosit
3163 454 3405 529 baptismi

732 542 1098 610 relinquendis.

210 685 404 742 Omnes
424 679 609 737 mundi
629 692 764 748 opes
781 675 1080 755 contemnit
1097 674 1187 744 qui
1229 686 1341 729 non
1355 670 1533 727 solum
1557 670 1717 747 593

152 787 389 849 quantum
433 771 640 841 potuit,
682 767 778 827 sed
823 767 989 823 etiam
1017 774 1275 837 quantum
1306 763 1477 827 voluit
1517 761 1719 823 habere

153 869 454 928 contemnit.
484 866 541 920 In
567 878 676 934 quo
704 863 1007 917 cavendum
1036 868 1122 914 est.
1147 875 1214 914 ne
1248 865 1503 927 surrepat
1528 854 1711 913 elatio.

154 962 327 1019 Utilius
368 957 519 1013 enim
561 964 777 1009 terrena
826 949 1102 1021 opulentia
1134 947 1409 1005 humiliter
1456 953 1670 1003 tenetur
1700 987 1715 1013 ,

153 1069 289 1125 quam
331 1049 567 1118 superbe
610 1045 929 1115 relinquitur
959 1042 1132 1115 (Aug.
1173 1056 1257 1111 ep.
1308 1040 1399 1107 3i,
1442 1038 1510 1092 ad
1540 1035 1721 1099 Pauli-

152 1165 279 1213 num,
312 1163 369 1199 ιι.
399 1142 490 1213 5

242 1253 511 1313 CCCXXII
538 1252 719 1326 [Alias
744 1244 1009 1318 CCCXX]
1029 1289 1045 1304 .
1076 1243 1157 1301 De
1184 1243 1471 1300 cohibenda
1512 1246 1612 1296 ira.

212 1371 345 1429 Nulli
398 1368 652 1425 insecuti
682 1366 761 1419 ira
788 1377 885 1417 sua
929 1361 1146 1417 videtur
1196 1357 1413 1428 injuste.
1466 1356 1625 1413 Unde
1654 1355 1722 1411 ab

159 1466 288 1522 omni
312 1461 687 1532 indignatione
714 1457 823 1513 cito
852 1453 1183 1511 redeundum
1210 1458 1293 1507 est
1318 1450 1385 1505 ad
1407 1457 1720 1505 mansuetu-

155 1560 279 1614 dinis
308 1555 609 1612 lenitatem.
648 1550 783 1606 Nam
812 1548 1055 1619 pertinax
1104 1554 1283 1599 motus
1326 1542 1481 1597 facile
1521 1541 1578 1596 in
1606 1540 1723 1611 eius

157 1652 319 1709 odium
346 1648 544 1704 transit
589 1645 675 1702 cui
702 1658 811 1699 non
837 1641 1088 1698 celeriter
1113 1637 1410 1711 ignoscitur
1438 1636 1605 1709 (Aug.
1637 1650 1719 1705 ep.

157 1744 232 1811 se,
260 1743 324 1797 ad
352 1740 697 1811 Profuturum
723 1753 777 1791 ιι.
799 1735 836 1789 s
852 1734 894 1806 ).

250 1874 545 1934 CCCXIII!
572 1872 747 1948 [Alias
773 1867 1058 1940 CCCXXI]
1076 1910 1088 1922 .
1115 1867 1192 1923 De
1220 1868 1329 1939 lege
1352 1874 1399 1922 et
1428 1864 1611 1937 gratia.

222 1991 313 2060 Qui
334 1989 487 2047 dedit
512 1988 708 2060 legem,
740 1987 854 2056 ipse
882 1984 1034 2041 dedit
1055 1992 1108 2039 et
1133 1982 1357 2053 gratiam
1383 1996 1399 2037 :
1425 1978 1521 2035 sed
1550 1979 1719 2049 legem

169 2101 249 2156 per
269 2099 477 2140 servum
508 2081 672 2146 misit,
705 2094 826 2135 cum
849 2077 1023 2152 gratia
1045 2076 1160 2145 ipse
1180 2072 1460 2130 descendit
1485 2089 1497 2124 :
1524 2081 1581 2125 ut
1602 2067 1729 2138 quia

169 2177 242 2232 lex
268 2174 555 2231 hostendit
611 2180 853 2241 peccata,
895 2185 1003 2225 non
1046 2167 1214 2233 tollit;
1265 2164 1510 2223 volentes
1555 2163 1727 2233 legem

168 2270 265 2325 suis
289 2268 495 2324 viribus
533 2265 779 2334 exsequi,
808 2276 909 2319 nec
934 2261 1198 2326 valentes,
1228 2264 1491 2327 cogantur
1511 2254 1581 2310 ad
1602 2268 1730 2325 gra-

169 2361 295 2425 tiam,
326 2374 448 2429 quze
475 2366 531 2412 et
553 2353 1005 2425 impossibilitatis
1034 2352 1303 2418 morbum,
1333 2358 1388 2407 et
1417 2346 1732 2403 inobedien-

172 2450 243 2506 tia:
282 2449 454 2509 aufert
493 2456 704 2505 reatum
735 2446 905 2519 (Aug.
952 2453 1105 2499 tract.
1150 2444 1184 2498 ὅ
1225 2442 1279 2496 in
1316 2440 1473 2496 Joau.
1528 2435 1728 2508 Evang.

168 2539 408 2612 sumi).

313 2652 613 2711 CCCXXIV
638 2652 818 2723 [Alias
860 2648 1170 2722 CCCXXII]
1190 2689 1203 2701 .
1238 2647 1314 2701 De
1338 2646 1568 2702 sabbato.

226 2748 414 2805 Verum
455 2746 740 2801 sabbatum
768 2740 1105 2803 Christianus
1133 2741 1412 2805 observat,
1452 2736 1733 2792 abstinens

170 2852 189 2879 ε
217 2856 269 2896 se
289 2842 353 2896 ab
378 2855 544 2908 opere
567 2836 764 2899 servili,
799 2834 850 2889 id
876 2844 982 2901 est,
1009 2850 1036 2887 a
1066 2842 1289 2905 peccato
1323 2850 1336 2887 :
1364 2830 1620 2903 quoniam
1648 2831 1738 2900 qui

168 2934 274 3003 facit
311 2946 572 3007 peccatum
612 2929 809 3001 (Joan.
860 2947 983 2999 vm,
1035 2930 1168 2999 5i),
1199 2944 1372 2985 servus
1420 2936 1494 2982 est
1538 2926 1734 2996 peccati

169 3029 316 3102 (Aug.
344 3026 497 3094 ξω,
528 3043 579 3080 η.
616 3024 737 3095 19).

2418 542 2786 585 sacramentum
2797 571 2809 583 .

1888 647 2330 717 Regenerationis
2359 648 2585 721 gratiam
2612 646 2685 700 ita
2715 646 2878 701 etiam
2912 642 2966 698 hi
3017 656 3123 696 non
3155 644 3403 696 minuunt

1817 742 1907 813 q'ui
1935 741 2052 811 ejus
2091 740 2232 795 dona
2262 755 2368 795 non
2408 747 2648 805 servant,
2693 739 2834 794 sicut
2861 738 3002 792 lucis
3032 734 3259 790 nitorem
3288 734 3403 789 loca

1818 832 2092 889 immunda
2123 846 2227 888 non
2278 831 2539 901 polluunt.
2577 828 2679 897 Qui
2724 844 2853 899 ergo
2895 827 3098 900 gaudes
3147 824 3401 892 baptismi

1820 928 2187 1000 perceptione,
2217 925 2334 980 vive
2356 925 2410 979 in
2438 924 2563 980 novi
2594 922 2824 979 hominis
2855 922 3170 985 sanctitate;
3190 915 3219 955 ι
3240 928 3296 973 et
3326 928 3400 972 te-

1821 1034 1955 1076 nens
2004 1018 2165 1073 tidem
2213 1032 2332 1088 qua:
2376 1031 2471 1085 per
2515 1014 2859 1071 dilectionem
2906 1022 3187 1083 cperatur,
3222 1007 3406 1063 ihabe

1822 1112 2020 1167 bonum
2057 1110 2198 1181 quod
2244 1108 2479 1164 nondum
2529 1106 2729 1177 babes,
2761 1114 2819 1159 ut
2863 1104 3033 1175 prosit
3076 1102 3174 1158 tibi
3203 1100 3403 1158 bonum

1822 1203 1964 1276 quod
1987 1203 2152 1259 habes
2184 1202 2349 1274 (Aug.
2382 1207 2533 1255 tract.
2559 1198 2593 1255 6
2620 1199 2672 1253 in
2702 1195 2886 1263 Joan.,
2917 1212 2972 1250 η.
3004 1194 3124 1266 lli).

1820 1334 2167 1395 CCCXXV!“
2216 1334 2398 1409 [Alias
2425 1328 2783 1409 CCCXXVI].
2818 1330 2834 1381 l
2876 1326 3143 1398 Quomodo
3170 1326 3404 1385 Christus

2460 1405 2526 1457 sit
2565 1404 2773 1456 ueritas.

1897 1500 2057 1573 593
2089 1497 2181 1554 Sic
2207 1506 2293 1551 est
2326 1496 2529 1551 veritas
2556 1492 2801 1548 Christus
2821 1532 2836 1557 ,
2888 1498 2949 1545 ut
2970 1488 2998 1527 ¹ι
3030 1496 3199 1546 ιοῑιιιιι
3226 1502 3410 1544 verum

1825 1594 2120 1661 accipiatur
2161 1590 2215 1646 in
2260 1586 2516 1645 Christo:
2552 1601 2738 1642 verum
2787 1582 3027 1640 Verbum
3080 1581 3219 1649 Dei,
3274 1583 3411 1638 Deus

1829 1683 2050 1755 aequalis
2077 1682 2260 1747 Patri;
2293 1694 2419 1735 vera
2448 1679 2665 1744 anima,
2706 1692 2834 1732 vera
2865 1690 3012 1743 caro,
3044 1688 3203 1729 verus
3230 1670 3412 1735 homo,

1826 1790 1988 1831 verus
2016 1774 2187 1839 Deus,
2224 1787 2350 1827 vera
2381 1770 2659 1833 nativitas,
2692 1783 2818 1824 vera
2848 1767 3058 1839 passio.
3088 1780 3211 1821 vera
3242 1780 3410 1832 mors,

1752 1852 1802 1927 Β
1828 1882 1953 1922 vera
2003 1864 2351 1920 resurrectio.
2410 1862 2465 1917 Si
2509 1861 2707 1931 aliquid
2750 1860 2941 1915 horum
2972 1858 3175 1917 dixeris
3199 1858 3413 1921 falsum,

1833 1962 1995 2015 intrat
2020 1956 2277 2028 putredo,
2319 1955 2386 2011 de
2424 1969 2634 2011 veneno
2673 1953 2939 2022 serpentis
2980 1962 3271 2007 nascuntur
3297 1965 3416 2004 ver-

1840 2066 1958 2107 mes
2010 2048 2411 2105 mendaciorum
2439 2089 2453 2114 ,
2500 2056 2555 2102 et
2600 2046 2732 2101 nihil
2768 2047 3033 2116 integrum
3074 2042 3413 2107 remanebit;

1832 2143 1954 2213 quia
1982 2141 2073 2197 ubi
2103 2140 2264 2196 fuerit
2290 2136 2311 2177 ι
2339 2138 2457 2193 falsi
2489 2137 2720 2207 alicujus
2746 2136 3045 2205 corruptio,
3071 2134 3143 2189 ibi
3176 2133 3417 2188 veritatis

1837 2236 2125 2305 integritas
2151 2247 2259 2288 non
2286 2233 2390 2288 erit
2412 2232 2568 2303 (Aug.
2604 2240 2754 2286 tract.
2786 2231 2819 2287 8
2847 2231 2902 2284 in
2936 2228 3119 2295 10am,
3144 2246 3198 2282 ιι.
3231 2226 3311 2299 5).

1975 2322 2283 2380 CCCXXIX
2315 2324 2482 2396 [Alias
2502 2319 2876 2393 CCCXXVII].
2911 2321 2989 2377 De
3011 2320 3274 2374 charitate.

1908 2427 1949 2456 ω
1976 2417 2188 2484 Quanta
2218 2423 2306 2471 est
2334 2415 2612 2470 charitas?
2655 2429 2777 2483 qua
2804 2414 2850 2469 si
2888 2413 3061 2480 desit,
3093 2411 3292 2468 frustra
3326 2410 3417 2465 ha-

1837 2510 2034 2567 bentur
2076 2516 2312 2572 caetera;
2358 2508 2401 2561 si
2449 2506 2620 2573 adsit,
2658 2508 2690 2541 ³
2729 2504 2993 2562 habentur
3037 2502 3213 2561 omnia
3261 2502 3417 2573 (Aug.

1838 2609 1989 2655 tract.
2018 2601 2051 2655 9
2076 2600 2131 2653 in
2160 2597 2344 2663 10am,
2371 2615 2424 2651 ιι.
2455 2598 2537 2665 8).

1838 2710 2125 2768 CCCXXX
2149 2708 2316 2784 [Alias
2346 2706 2651 2784 CCCXVIII
2747 2704 3017 2772 Quomodo
3034 2703 3266 2761 Christus
3294 2704 3418 2761 reli-

2262 2781 2431 2850 querit
2458 2778 2668 2833 Patrem
2690 2787 2735 2832 et
2761 2787 2993 2832 matrem.

1910 2873 2151 2945 Reliquit
2175 2871 2423 2926 Christus
2450 2870 2661 2926 Patrem
2685 2885 2703 2925 :
2734 2870 2856 2938 quia
2887 2884 3004 2930 cum
3033 2868 3087 2919 in
3132 2866 3299 2937 {eruta
3327 2863 3420 2919 Dei

1839 2976 1967 3023 esset
1991 3007 2004 3029 ,
2036 2982 2141 3020 non
2166 2964 2408 3031 rapinam
2435 2962 2712 3017 arbitratus
2750 2968 2826 3016 est
2852 2968 2877 2998 °
2911 2975 3017 3015 esse
3042 2956 3257 3029 aqualis
3286 2954 3419 3022 Deo,

1838 3062 1928 3115 sed
1978 3058 2302 3128 semetipsum
2350 3054 2628 3109 esinanivit
2652 3094 2667 3118 ,
2725 3052 2949 3123 formmtt
2997 3050 3129 3105 servi
3171 3049 3423 3119 accipiens

167 3159 423 3217 CCCXXV
456 3158 636 3232 [Alias
664 3150 1033 3232 CCCXXIII).
1066 3152 1095 3191 ά
1122 3152 1196 3207 De
1223 3152 1304 3207 his
1330 3166 1446 3223 qua
1475 3150 1736 3205 hominum
1840 3152 2065 3225 (Philip.
2091 3166 2151 3216 ιι,
2184 3149 2263 3221 6).
2294 3159 2323 3199 ν
2344 3147 2461 3203 Hoc
2484 3158 2569 3203 est
2598 3146 2741 3203 enim
2762 3186 2777 3211 ,
2803 3144 3019 3216 reliquit
3046 3144 3281 3208 Patrem,
3313 3155 3420 3196 non

764 3228 974 3298 prapria
997 3233 1136 3280 sunt.

226 3324 391 3380 Nemo
418 3321 581 3378 habet
605 3321 675 3378 de
699 3335 820 3387 suo,
846 3318 950 3375 nisi
974 3317 1313 3375 mendacium
1342 3325 1397 3373 et
1420 3327 1729 3388 peccatum.

167 3416 212 3474 Si
254 3417 380 3487 quid
423 3424 602 3471 autem
633 3412 793 3467 habet
821 3410 982 3465 homo
1021 3410 1268 3465 veritatis
1297 3407 1733 3480 atquejustitias,

167 3507 329 3564 abillo
354 3506 499 3563 fonte
528 3513 611 3561 est
648 3519 809 3576 quem
842 3503 1101 3559 debemus
1123 3503 1273 3558 sitire
1304 3502 1356 3556 in
1388 3503 1488 3556 hac
1513 3514 1735 3566 eremo;

168 3611 224 3665 ut
252 3618 313 3657 es
349 3616 411 3657 eo
437 3599 595 3671 quasi
625 3597 948 3672 quibusdam
975 3598 1143 3668 guttis
1189 3594 1427 3661 irrorati,
1463 3610 1568 3648 non
1600 3589 1738 3647 deﬁ-

166 3693 354 3749 ciamus
377 3692 429 3748 in
454 3692 540 3746 via
564 3690 729 3765 (Aug.
758 3699 910 3743 tract.
957 3688 991 3743 5
1031 3690 1084 3743 iu
1120 3685 1278 3742 Joan.
1324 3703 1378 3740 η.
1414 3686 1480 3751 l;
1513 3701 1630 3739 can.
1663 3683 1735 3738 ‘22

167 3801 292 3842 conc.
321 3787 511 3841 Araus.
540 3785 634 3855 ιι).

165 3917 445 3977 CCCXXVI
467 3920 487 3992 ι
506 3919 652 3973 Alias
671 3915 967 3975 CCCXXIV
990 3916 1036 3987 1.
1072 3926 1096 3954 ο
1127 3915 1206 3971 De
1227 3912 1563 3984 inseparabili
1583 3928 1735 3983 opere

728 3988 906 4047 Patris
931 3998 979 4043 et
1007 3985 1157 4042 Filii.

778 3998 906 4044 atris
931 3998 979 4043 οι
1007 3998 1157 4042 ιιιιιι.

224 4082 370 4151 Quod
395 4082 555 4151 Pater
594 4097 717 4139 cum
757 4082 975 4137 Christo
1006 4081 1151 4148 iacit,
1193 4078 1443 4137 Christus
1480 4078 1645 4135 iacit:
1677 4086 1733 4141 et

163 4175 292 4244 Iliad
323 4176 574 4235 Christus
619 4191 745 4233 cum
793 4176 954 4235 Patre
1001 4174 1151 4239 facit,
1180 4174 1340 4231 Pater
1380 4172 1507 4230 facit
1536 4191 1549 4227 :
1582 4171 1601 4212 τ
1636 4188 1736 4229 nec

162 4280 392 4323 seorsum
416 4266 621 4337 aliquid
644 4268 753 4337 agit
774 4266 1151 4336 inseparabilis
1169 4264 1429 4329 charitas,
1459 4264 1735 4333 maiestas,

164 4369 384 4426 potestas
412 4379 427 4415 :
453 4362 597 4417 sicut
621 4360 747 4430 ipso
784 4359 1042 4417 Dominus
1088 4360 1217 4415 dicit
1252 4357 1449 4429 (.Ioau.
1500 4374 1556 4424 ι.
1585 4358 1694 4427 50)
1721 4399 1737 4425 ,

165 4449 262 4521 Ego
286 4462 334 4507 et
363 4452 520 4508 Pater
544 4468 704 4507 unum
722 4468 902 4507 sumus
928 4450 947 4521 (
968 4450 1101 4521 Aug.
1126 4450 1314 4519 ibid.).

223 4660 248 4690 ⁸
284 4652 380 4709 Ms.
408 4650 682 4716 .loliensis,
710 4648 788 4705 De
816 4658 1108 4717 contemptu
1136 4647 1339 4701 mundi.

213 4722 254 4804 ,δ
295 4723 395 4779 Ms.
425 4722 559 4846 loli,
607 4720 825 4777 ostendit
853 4733 1153 4792 peccatum;
1199 4728 1253 4774 et
1279 4717 1461 4773 statim
1494 4734 1596 4775 ms.
1630 4718 1733 4776 Re-

213 4808 301 4846 ιιι..
332 4811 433 4846 non
456 4806 507 4846 tu
534 4804 592 4846 ιι.

164 4808 301 4861 nng.,
332 4811 433 4847 non
456 4804 592 4846 tum.

227 4875 249 4903 ε
287 4864 479 4919 Colon.
509 4872 619 4944 νει.
648 4862 815 4944 editio
830 4861 983 4944 juxta
1008 4862 1183 4943 locum
1214 4860 1438 4931 August.
1463 4859 1633 4927 addit,
1656 4876 1731 4929 se,

164 4948 257 5003 quo
284 4944 473 4992 carent
502 4934 591 4988 alii
622 4932 841 4990 codices
867 4932 1056 4987 nostri.

166 5000 185 5087 ,⁷
219 5002 381 5089 ἧ
436 5005 713 5072 Joliensis,
756 5006 802 5060 Α
828 5004 972 5059 nobis
999 5010 1287 5075 peccatum,
1329 5018 1362 5055 a
1400 5000 1507 5055 Deo
1548 5000 1732 5056 habere

162 5086 415 5130 iustitiam.

224 5156 245 5183 ⁸
287 5148 387 5204 Ms.
416 5145 551 5215 101.,
580 5144 659 5215 De
678 5145 975 5214 operatione
1004 5144 1179 5199 Patris
1206 5151 1256 5198 et
1282 5139 1433 5196 Filii.

228 5214 275 5297 ’L
295 5217 465 5297 Editio
489 5213 683 5273 Colen.
710 5213 831 5297 vet._
853 5215 941 5270 hic
970 5216 1179 5277 inserit.
1208 5230 1298 5269 nec
1320 5228 1548 5267 seorsum
1574 5213 1733 5297 facit:

161 5287 453 5369 emittitque
480 5298 687 5369 postea3
723 5290 990 5369 majestes,
1037 5294 1280 5358 potestas,
1308 5299 1426 5356 quae
1453 5292 1580 5338 sunt
1600 5284 1736 5338 alio-

158 5368 272 5413 rum
295 5352 556 5417 librortim
584 5369 637 5414 et
656 5352 959 5418 Augustini.

226 5438 253 5477 ε
292 5429 387 5483 Ms.
416 5430 691 5496 Joliensis,
723 5425 801 5485 De
828 5428 1222 5498 regenerationis
1261 5425 1449 5498 gratia.

228 5499 253 5536 ¹¹
295 5499 396 5555 Ms.
442 5495 810 5571 Remigianus,
848 5495 929 5555 Ne
955 5499 1107 5567 fidem
1133 5495 1378 5571 qute'per
1414 5495 1735 5571 dilectionem

159 5581 396 5650 operatur
421 5572 556 5625 male
576 5566 1074 5650 _uivendo_amittas,
1102 5566 1251 5623 habe.
1297 5567 1394 5650 Ms.
1426 5566 1534 5623 Jol.
1585 5577 1733 5635 post,

159 5642 448 5713 sanctitate,
479 5644 679 5713 omissa
705 5642 962 5713 particula
989 5650 1056 5707 et,
1088 5651 1308 5713 tenens.,
1336 5648 1439 5713 etc.

228 5721 249 5755 ι
293 5711 459 5768 Duae.
490 5723 545 5769 et
573 5708 765 5769 Colon.
815 5728 937 5769 cum
966 5711 1363 5769 recentioribus
1392 5709 1447 5766 in
1486 5708 1731 5781 margine

154 5780 391 5839 indicant
427 5800 536 5841 aue.

231 5864 248 5905 t
289 5854 366 5911 Ita
394 5873 496 5915 ms.
522 5855 655 5924 10].,
681 5855 884 5931 caeteri,
913 5851 992 5914 De
1019 5856 1250 5913 veritate.

1765 3232 1812 3297 (ἶ
1841 3248 1965 3320 quia
1992 3242 2273 3311 deseruit,
2314 3250 2372 3299 et
2416 3240 2641 3305 recessit
2668 3256 2697 3295 a
2728 3240 2919 3303 Patre;
2951 3236 3046 3293 sed
3075 3238 3201 3307 quia
3230 3250 3339 3295 non
3370 3233 3423 3291 in

1838 3358 1902 3399 ea
1932 3343 2103 3397 forma
2155 3334 2401 3408 apparuit
2440 3332 2753 3389 hominibus
2818 3332 2874 3387 in
2919 3345 3023 3399 qua
3073 3326 3297 3399 aequalis
3341 3336 3424 3383 est

1839 3432 2008 3490 Patri.
2046 3428 2285 3499 Reliquit
2312 3435 2491 3483 sute-
2518 3434 2744 3480 matrem
2764 3464 2779 3489 ,
2812 3420 3167 3492 relinquendo
3190 3431 3422 3491 synago-

1841 3542 1965 3598 gam
1995 3524 2331 3588 Judmorum,
2364 3519 2433 3575 de
2454 3535 2558 3588 qua
2585 3517 2880 3575 secundum
2903 3529 3122 3571 carnem
3145 3524 3301 3569 natus
3321 3519 3422 3575 est;

1842 3629 1898 3677 et
1920 3616 2238 3673 inherendo
2270 3612 2527 3670 Ecclesia:
2553 3654 2568 3680 ,
2601 3626 2759 3682 quam
2790 3625 2856 3666 es
2884 3608 3136 3663 omnibus
3176 3606 3424 3678 gentibus

1843 3710 2208 3783 congregavit.

1842 3823 2148 3882 CCCXXXI
2176 3822 2341 3895 [Alias
2365 3817 2690 3895 CCCXXIX.
2722 3827 2749 3867 τι
2773 3813 3248 3895 Deeomparatione
3270 3812 3425 3883 primi

2367 3892 2533 3945 Adam
2574 3901 2621 3943 et
2660 3888 2892 3943 secundi.

1916 3998 1942 4029 ι
1968 3985 2177 4042 Dormit
2204 3983 2395 4050 Adam,
2423 3992 2480 4037 ut
2509 3980 2602 4037 liat
2628 3980 2739 4035 Eva
2765 3997 2778 4033 :
2812 3979 3040 4034 moritur
3066 3975 3339 4041 Christus,
3366 3983 3424 4030 ut

1842 4083 1938 4139 ﬁat
1980 4080 2244 4136 Ecclesia.
2276 4086 2300 4117 ι
2329 4077 2629 4133 Dormienti
2661 4076 2826 4139 Adae,
2870 4074 2926 4128 fit
2957 4070 3067 4128 Eva
3097 4073 3165 4127 de
3207 4072 3377 4127 latere
3407 4086 3423 4127 :

1840 4182 2055 4231 mortuo
2091 4170 2344 4238 Christo,
2392 4168 2580 4225 lancea
2611 4168 2634 4206 ⁸
2662 4166 2958 4237 percutitur
2989 4165 3126 4219 latus
3146 4205 3161 4227 .
3209 4171 3267 4216 ut
3299 4175 3423 4231 pro-

1841 4266 2016 4323 luant
2075 4272 2458 4330 sacramenta,
2503 4269 2535 4302 ι
2578 4260 2772 4333 quibus
2830 4257 3093 4313 formetur
3158 4253 3423 4310 Ecclesia.

1845 4358 2003 4419 Unde
2044 4359 2239 4412 merito
2285 4354 2580 4423 Apostolus
2624 4352 2795 4422 ipsum
2828 4349 2998 4405 Adam
3041 4347 3169 4403 dicit
3198 4346 3425 4400 lormam

1845 4448 2031 4506 futuri.
2080 4447 2215 4516 Quia
2257 4448 2389 4503 sicut
2430 4461 2603 4502 omnes
2639 4446 2692 4499 in
2729 4442 2898 4497 Adam
2926 4441 3214 4496 moriuntur
3243 4436 3423 4508 (Rom.

1761 4651 1815 4712 D
1912 4645 1939 4716 ἒ
1974 4646 2073 4702 Ms.
2107 4646 2340 4716 Remig.,
2373 4652 2535 4700 totum
2558 4659 2692 4716 uere.

1915 4714 1936 4763 ι
1972 4717 2071 4773 Ms.
2103 4714 2467 4787 Remigianus,
2502 4714 2623 4787 falsi
2651 4715 2831 4786 hujus.

1912 4797 1953 4826 ω
1984 4787 2180 4842 Colon.
2213 4783 2322 4841 vet.
2353 4786 2509 4847 edtt..
2537 4783 2808 4840 Tanta'est
2822 4783 3067 4840 charitas.

1910 4866 1938 4895 ’³
1974 4858 2068 4911 Hic
2096 4857 2428 4928 Augustinus
2456 4857 2604 4919 dicit,
2632 4866 2766 4910 recte
2781 4856 3032 4911 habeatur
3055 4854 3245 4908 omnia.
3295 4853 3426 4922 Qua:

1838 4944 1944 4985 vox
1969 4937 2104 4982 recte
2134 4930 2186 4983 in
2212 4944 2343 4984 mss.
2375 4928 2659 4998 Augustini
2685 4928 2971 4982 omittitur.

1912 5008 1935 5080 ξ’
1964 4999 2174 5083 ιιειιιιε.
2206 4989 2619 5083 ἰριὶθιιείεόυηι
2646 4999 2944 5083 Augustino
2972 4996 3061 5051 hic
3088 4993 3214 5049 loci.
3269 4989 3422 5047 Reli-

1837 5069 1927 5141 qui
1952 5072 2119 5125 nostri
2151 5073 2389 5138 codices,
2420 5086 2527 5126 esse
2556 5068 2898 5138 setequalem.

1915 5152 1939 5190 P
1972 5140 2098 5218 Ms_s._
2130 5142 2341 5218 Remig.
2395 5153 2448 5197 et
2496 5140 2749 5218 .loliensis
2772 5183 2785 5206 ,
2829 5138 2946 5192 Hoc
2977 5142 3051 5190 est
3076 5134 3231 5200 enim,
3259 5133 3424 5188 relin-

1840 5228 2012 5282 quere.
2044 5212 2194 5269 idem
2223 5212 2359 5279 τιυὶ,
2390 5222 2477 5266 aut
2504 5214 2729 5282 recessit.

1917 5293 1943 5333 ιι
1973 5283 2073 5338 Ms.
2107 5284 2237 5346 Jul.,
2270 5271 2416 5340 Sicut
2441 5283 2506 5335 de
2534 5280 2701 5333 Adam
2732 5277 2839 5331 Eva
2858 5320 2872 5345 ,
2903 5278 2977 5329 ita
3005 5274 3067 5329 de
3094 5274 3254 5328 latere
3277 5271 3427 5328 Chri-

1842 5354 1909 5408 sti
1938 5355 1996 5422 ﬁt
2023 5352 2275 5410 Ecclesia.

1796 5456 1807 5469 ι
1916 5418 1947 5462 ί
1971 5425 2067 5479 Ms.
2094 5425 2372 5488 Joliensis.
2400 5421 2655 5478 Dormiuit
2687 5418 2871 5474 Adam.

1916 5502 1937 5530 ⁸
1973 5496 2045 5549 Ita
2078 5511 2208 5551 mss.
2258 5486 2471 5562 Remig.
2522 5500 2577 5547 et
2620 5491 2723 5562 Jol.
2768 5503 2891 5544 cum
2936 5487 3059 5562 loco
3104 5488 3330 5562 August.
3365 5486 3419 5540 in

1845 5564 2000 5623 Joan.
2036 5568 2238 5637 Evang.
2271 5567 2379 5622 Alii
2412 5553 2601 5620 omnes
2640 5560 2804 5616 etiam
2843 5559 3077 5629 sppend.
3110 5569 3151 5614 t.
3183 5553 3253 5626 Χ,
3282 5555 3420 5612 Dor-

1844 5639 2029 5691 miente
2053 5638 2239 5692 Adam.

1922 5709 1938 5744 '
1974 5708 2071 5762 Ms.
2103 5709 2236 5773 λοι..
2267 5718 2325 5762 ιιι
2353 5707 2405 5762 in
2434 5706 2553 5760 loco
2578 5702 2715 5772 Aug.
2743 5700 2927 5766 citato,
2962 5700 3267 5771 percutitur.
3308 5696 3425 5753 Cn-

1846 5781 1966 5843 teri,
2003 5783 2312 5849 perforatur.

1920 5860 1946 5888 “
1976 5843 2240 5921 Ms.'lol.,
2269 5847 2453 5921 quibus
2480 5846 2574 5918 ﬁat
2595 5843 2852 5905 Ecclesia.
