4006 6356
583 332 687 391 179

580 537 829 592 cabuntur
857 535 1015 609 (Aug.
1044 535 1198 603 ibid.,
1222 552 1277 591 n.
1303 534 1413 607 10).

578 669 902 730 CCCXXX"
950 669 1139 744 [Alias
1183 668 1466 796 ϐϐίὶιξὲἓξ
1489 666 1531 740 ].
1581 666 1613 709 ι’
1675 666 1753 723 De
1799 664 2166 722 Incarnatione

651 836 795 892 Deus
843 832 1007 890 homo
1056 831 1227 889 factus
1266 840 1351 888 est
1376 848 1393 888 :
1423 832 1551 903 quid
1599 832 1813 886 futurus
1854 838 1939 887 est
1978 829 2162 898 homo,
2196 834 2200 840 '

578 940 799 1003 propter
826 943 984 1001 quem
1020 928 1162 984 Deus
1195 927 1369 982 factus
1403 933 1487 983 est
1525 925 1689 982 homo
1717 924 1877 999 (Aug.
1911 932 2058 981 tract.
2100 923 2167 979 to

579 1025 631 1078 in
658 1022 844 1093 Joan.,
875 1039 932 1077 ιι.
962 1020 1055 1093 i)?

579 1134 930 1194 CCCXXX!“
968 1133 1145 1208 [Alias
1169 1132 1526 1208 DCCXXXI].
1559 1132 1637 1188 De
1662 1132 1860 1188 duabus
1888 1133 2168 1189 nativitati-

1173 1206 1264 1261 bus
1293 1205 1578 1260 hominum.

654 1320 769 1378 Una
810 1329 894 1377 est
922 1319 1175 1376 nativitas
1201 1318 1269 1376 de
1306 1326 1451 1376 terra
1470 1360 1488 1388 ,
1516 1318 1619 1375 alia
1643 1317 1712 1375 de
1737 1320 1914 1386 cmlo;
1952 1334 2056 1375 una
2084 1328 2167 1376 est

580 1416 648 1473 de
678 1430 842 1472 carne
868 1456 885 1481 ,
932 1415 1037 1471 alia
1081 1414 1150 1470 de
1191 1412 1436 1485 Spiritu;
1486 1427 1592 1469 una
1625 1421 1709 1469 cst
1745 1413 1815 1470 de
1844 1413 2166 1480 :rternitate,

581 1508 681 1566 alia
729 1508 798 1566 de
824 1507 1151 1565 mortalitate
1174 1524 1203 1575 τ
1230 1522 1334 1562 una
1364 1514 1448 1563 est
1488 1506 1557 1563 de
1595 1506 1835 1562 masculo
1862 1515 1918 1563 et
1944 1507 2166 1575 femina,

584 1600 689 1656 alia
720 1598 789 1655 de
831 1598 942 1654 Deo
972 1606 1029 1654 et
1072 1596 1335 1654 Ecclesia.
1385 1596 1495 1653 Sed
1539 1596 1669 1667 ipsa:
1708 1596 1829 1653 dua:
1867 1597 2170 1668 singulares

586 1701 733 1748 sunt.
786 1689 1067 1760 Quomodo
1109 1690 1252 1747 enim
1302 1689 1467 1763 595
1508 1697 1694 1745 uterus
1742 1704 1847 1746 non
1880 1700 2055 1760 potest
2084 1708 2169 1749 re-

583 1787 732 1859 peti,
779 1787 858 1843 sic
894 1802 997 1843 nec
1040 1787 1342 1859 baptismus
1379 1786 1566 1843 iterari
1606 1787 1769 1858 (Aug.
1823 1795 1976 1845 fract.
2012 1787 2072 1844 11
2118 1787 2171 1843 in

583 1879 765 1944 10am.
796 1896 851 1935 η.
881 1879 962 1949 6).
1033 1894 1046 1910 ·

584 1993 940 2053 CCCXXX”
971 1993 1137 2067 [Alias
1161 1991 1536 2067 CCCXXXll].
1580 1994 1655 2051 De
1682 1995 1976 2052 diversitate
2012 1995 2172 2051 bono-

1176 2082 1291 2121 rum
1318 2076 1340 2104 ε
1372 2066 1428 2120 in
1454 2066 1588 2120 Deo.

655 2179 685 2217 ἀ
711 2178 767 2236 Si
813 2178 1052 2235 visibilis
1097 2178 1347 2236 attendas
1370 2217 1387 2244 ,
1437 2193 1541 2236 nec
1576 2179 1733 2250 panis
1755 2188 1840 2237 est
1864 2181 2039 2249 Deus,
2073 2196 2175 2239 nec

589 2287 728 2342 aqua
752 2280 837 2328 est
863 2272 1037 2340 Deus,
1069 2287 1170 2329 nec
1198 2273 1288 2329 lus
1318 2273 1421 2327 ista
1446 2282 1531 2329 est
1561 2273 1705 2330 Deus
1723 2314 1741 2343 ,
1773 2290 1874 2331 nec
1902 2277 2071 2332 vestis
2094 2285 2178 2333 est

589 2363 752 2430 Deus,
783 2377 885 2419 nec
911 2362 1104 2419 domus
1131 2371 1155 2400 ⁸
1186 2371 1270 2419 est
1303 2363 1486 2419 Deus:
1517 2364 1697 2419 omnia
1726 2365 1869 2421 enim
1905 2364 2021 2422 lucc
2051 2368 2178 2421 visi-

591 2455 720 2511 bilia
748 2462 912 2521 sunt,
953 2463 1008 2511 et
1054 2453 1264 2526 singula
1317 2463 1463 2510 sunt.
1515 2454 1672 2522 Quod
1700 2455 1845 2512 enim
1889 2466 1974 2513 est
2001 2458 2175 2528 panis,

592 2560 700 2602 non
732 2544 837 2602 hoc
864 2555 949 2601 cst
975 2559 1112 2617 aqua
1139 2561 1155 2606 ;
1188 2553 1249 2602 et
1277 2545 1421 2617 quod
1450 2556 1534 2603 est
1559 2546 1726 2602 vestis
1750 2587 1767 2615 ,
1816 2563 1924 2604 non
1964 2548 2071 2606 hoc
2093 2560 2180 2607 est

589 2640 815 2706 domus;
848 2649 903 2698 et
929 2638 1072 2711 quod
1096 2647 1225 2695 sunt
1252 2639 1353 2696 ista
1377 2681 1394 2707 ,
1444 2654 1553 2695 non
1591 2640 1695 2697 lioc
1720 2649 1806 2697 est
1835 2642 2015 2710 Deus;
2044 2644 2178 2699 visi-

480 2762 485 2767 ο
591 2730 719 2787 bilia
761 2732 907 2788 enim
947 2738 1096 2800 sunt,
1145 2731 1291 2786 Deus
1331 2738 1517 2787 autem
1564 2740 1731 2787 totum
1762 2732 1861 2789 tibi
1898 2743 2002 2802 est,
2034 2735 2177 2806 quod

591 2831 741 2882 recte
776 2823 1097 2880 desideras:
1144 2833 1200 2881 et
1241 2827 1484 2883 omnium
1513 2826 1781 2882 bonorum
1807 2829 2041 2884 varietas
2071 2844 2180 2886 uno

592 2913 786 2972 fontel
820 2914 1184 2985 profunditur.
1238 2916 1505 2985 Quoniam
1547 2932 1670 2973 cum
1712 2933 1808 2975 sua
1852 2919 2078 2987 tribuit,
2121 2936 2182 2977 se

594 3007 771 3079 ipsum
802 3008 904 3063 sub
930 3006 1164 3065 diversis
1190 3024 1475 3066 munerum
1503 3024 1729 3067 suorum
1754 3012 2061 3069 nominibus
2082 3013 2183 3069 im-

596 3100 757 3171 pertit
787 3100 945 3173 (Aug.
975 3109 1123 3156 tract.
1159 3102 1227 3159 15
1253 3104 1308 3158 in
1334 3102 1523 3171 Joan.,
1550 3122 1604 3159 ιι.
1630 3103 1710 3175 5).

1816 323 1874 383 s.
1915 316 2252 377 PBOSPEBI
2271 313 2623 387 socium
3266 298 3289 333 ‘
3310 296 3317 305 ’
3732 318 3826 421 ιω,

580 462 633 515 v,
667 444 750 513 ll;
777 444 941 502 lCor.
974 458 1070 512 sv,
1092 443 1207 517 22),
1251 444 1325 499 ita
1347 451 1397 500 et
1432 444 1488 499 in
1524 439 1729 499 Christo
1751 454 1925 495 omnes
1946 446 1974 476 ι
2002 437 2167 503 vioiﬁ-
2192 433 2247 496 Α,
2269 430 2627 489 CCCXXXVI
2656 427 2823 505 [Alias
2848 425 3244 502 CCCXXXIV].
3281 426 3299 468 ι
3330 427 3411 485 De
3449 429 3560 487 loco
3580 428 3826 491 orationis.’
3871 422 3874 425 ’

2339 550 2381 579 ιη
2408 540 2511 609 Qui
2534 540 2935 628 supplicaturus
2960 540 3071 597 Deo
3102 540 3281 598 locum
3304 550 3488 614 aptum
3513 549 3572 600 et
3606 556 3821 605 sanctum
3875 596 3881 615 ι

2270 635 2502 707 requiris
2524 680 2541 704 ,
2593 634 2851 692 interiora
2882 646 2974 690 tua
3008 634 3207 695 munda
3232 674 3248 701 .
3296 646 3351 693 et
3390 636 3537 693 omni
3566 636 3685 695 inde
3705 641 3820 696 mala

2277 728 2577 799 cupiditate
2602 729 2849 801 depulsa,
2880 744 3123 802 praepara
3165 730 3261 786 tibi
3304 730 3359 787 in
3392 731 3569 788 cordis
3609 734 3680 789 tui
3713 750 3823 806 pace

2269 830 2557 878 secretum.
2611 820 2815 877 Volens
2838 821 2890 876 in
2921 820 3126 891 templo
3151 834 3309 877 orare
3326 862 3343 888 ,
3389 820 3443 877 in
3468 829 3523 878 te
3542 835 3667 888 ora;
3696 834 3745 879 et
3765 825 3822 880 ita

2268 926 2369 984 age
2408 927 2649 985 semper,
2696 922 2754 969 ut
2803 914 2898 970 Dei
2943 913 3203 985 templum
3248 912 3347 969 sis.
3401 912 3479 968 lbi
3524 913 3664 971 enim
3707 916 3823 972 Deus

2270 1006 2511 1075 exaudit,
2544 1006 2636 1063 ubi
2664 1005 2870 1063 habitat
2899 1005 3061 1080 (Aug.
3088 1005 3243 1074 ibid.,
3275 1022 3332 1061 ιι.
3362 1003 3476 1076 25).

2268 1116 2644 1175 cccxxxvn
2673 1117 2847 1191 [Alias
2873 1115 3251 1191 cccxxva
3291 1126 3320 1191 ιδ
3352 1117 3429 1191 De
3452 1118 3678 1176 sensibus
3730 1138 3823 1177 cor-

2734 1190 2897 1260 poris,
2927 1200 2973 1245 et
2995 1190 3198 1260 judicia
3226 1189 3407 1244 animi.
3827 1248 3831 1253 ,

2342 1297 2545 1355 Sensus
2590 1299 2837 1370 corporis
2881 1300 3184 1371 corporalia
3241 1300 3499 1357 nuntiant
3539 1302 3698 1359 cordi.
3729 1304 3825 1362 olit

2275 1407 2386 1449 non
2410 1390 2651 1449 omnium
2685 1393 2913 1448 facultas
2933 1392 3124 1450 eadem
3152 1411 3165 1446 :
3192 1394 3316 1465 quia
3343 1409 3455 1449 non
3477 1394 3603 1451 inde
3625 1395 3823 1465 videtur,

2271 1487 2416 1544 unde
2445 1486 2698 1553 auditur;
2745 1500 2847 1543 nec
2892 1486 3036 1543 unde
3074 1501 3259 1557 sapor,
3306 1486 3435 1544 inde
3472 1499 3531 1544 et
3562 1487 3689 1546 odor
3710 1494 3827 1562 capi-

2274 1590 2394 1637 tur:
2428 1594 2529 1637 nec
2559 1581 2615 1636 lii
2642 1579 2917 1648 ministri,
2965 1580 3084 1636 sine
3122 1588 3270 1637 tactu
3298 1579 3367 1637 ad
3389 1580 3549 1638 laevia
3577 1589 3631 1638 et
3651 1597 3826 1654 aspera,

2274 1672 2446 1728 calida
2475 1682 2529 1729 ct
2559 1672 2771 1743 frigida,
2802 1671 3020 1728 humida
3051 1682 3107 1729 et
3136 1675 3279 1728 sicca
3304 1711 3319 1737 .
3343 1672 3716 1743 discernenda,
3744 1676 3828 1732 safe

2278 1767 2483 1823 liciunt.
2540 1765 2861 1835 incorporea
2901 1780 3031 1823 vero
3074 1765 3291 1822 animus
3338 1781 3439 1823 suo
3470 1775 3674 1824 tantum
3697 1783 3828 1825 sensu

2275 1858 2575 1929 diiudicat,
2631 1867 2687 1915 et
2730 1873 2923 1915 omnes
2972 1859 3265 1916 varietates
3306 1874 3415 1915 uno
3442 1869 3594 1916 motu
3616 1859 3827 1931 attingit:

2276 1951 2439 2027 595
2466 1962 2521 2009 et
2541 1951 2801 2024 quidquid
2833 1963 2860 2002 ι’
2899 1951 3242 2009 discretionis
3290 1953 3434 2009 inter
3460 1954 3603 2010 bona
3625 1963 3678 2010 et
3699 1955 3827 2019 mala,

2271 2044 2416 2114 justa
2466 2054 2522 2100 et
2570 2044 2770 2114 injusta
2816 2044 3210 2101 rationabiliter
3249 2045 3484 2112 invenit,
3526 2056 3555 2096 ιι
3591 2046 3735 2103 unius
3766 2056 3831 2103 est

2277 2137 2596 2194 intentionis
2638 2137 2902 2193 effectus:
2933 2145 2994 2193 ut
3022 2137 3095 2193 ibi
3124 2138 3301 2210 imago
3336 2139 3435 2195 Dei
3475 2148 3736 2211 appareat,
3760 2140 3830 2195 alii

2277 2244 2442 2285 unum
2466 2229 2716 2301 idemque
2743 2239 2826 2285 est
2853 2271 2869 2297 ,
2904 2239 2926 2267 τ
2960 2244 3067 2298 quo
3096 2244 3251 2286 mens
3278 2238 3461 2300 potest
3489 2243 3733 2302 quantum
3758 2244 3831 2304 po-

2278 2331 2384 2377 test
2416 2321 2574 2393 (Aug.
2607 2329 2758 2375 tract.
2793 2322 2858 2377 18
2884 2320 2938 2374 in
2962 2318 3150 2387 Joan.,
3181 2337 3237 2374 η.
3264 2318 3300 2376 9
3326 2330 3374 2376 et
3398 2320 3515 2394 10).

2278 2431 2677 2490 CCCXXXVIII
2705 2433 2875 2507 [Alias
2899 2431 3297 2505 CCCXXXVI].
3320 2443 3342 2471 ⁸
3377 2432 3459 2490 De
3475 2435 3580 2489 vita
3596 2432 3715 2490 Filii
3740 2434 3831 2494 Dei.

2356 2548 2375 2583 ί
2407 2546 2500 2602 Dei
2544 2546 2714 2603 Filius
2760 2545 2960 2602 dicitur
2999 2546 3163 2602 vitam
3204 2546 3409 2604 habere
3450 2547 3507 2603 in
3557 2547 3831 2618 semetipso,

2280 2639 2418 2694 sicut
2443 2637 2604 2693 habet
2628 2638 2805 2704 l’ater,
2834 2652 2940 2692 non
2965 2638 3339 2709 participando
3361 2638 3613 2710 adeptus,
3646 2638 3733 2694 sed
3758 2656 3833 2694 na.

2280 2732 2505 2788 scendo.
2547 2731 2723 2787 Vitam
2768 2730 2911 2786 enim
2957 2731 3147 2803 genuit
3190 2730 3353 2787 Pater
3378 2732 3537 2787 vita:
3570 2746 3666 2787 nec
3691 2730 3835 2786 differt

2283 2824 2338 2881 in
2359 2825 2541 2896 aliquo
2568 2825 2803 2880 essentia
2826 2824 3100 2895 gignentis
3122 2831 3176 2879 et
3198 2822 3397 2895 geniti;
3428 2837 3560 2880 eum
3590 2822 3666 2878 sic
3684 2838 3739 2878 es
3760 2822 3837 2876 Pa-

2284 2922 2366 2971 tre
2390 2916 2460 2970 sit
2489 2915 2679 2981 Filius,
2710 2924 2734 2950 ιι
2770 2925 2827 2969 ιιι
2874 2914 3329 2984 consempiternae
3372 2913 3726 2985 mqualitatis,
3753 2928 3836 2967 non

2286 3023 2391 3063 una
2419 3006 2636 3079 quidem
2659 3021 2887 3076 persona
2912 3050 2928 3077 ,
2957 3005 3053 3062 sed
3081 3020 3186 3061 una
3218 3004 3289 3061 sit
3318 3004 3508 3061 Deitas
3537 3004 3690 3077 (Aug.
3713 3013 3836 3058 tract.

2286 3101 2355 3158 19
2385 3102 2438 3156 in
2466 3100 2651 3166 Joan.,
2681 3118 2737 3156 η.
2770 3098 2838 3156 12
2863 3109 2909 3154 et
2938 3099 3048 3171 13).

595 3212 922 3271 CCCXXXV
953 3214 1131 3288 [Alias
1164 3216 1576 3294 CCCXXXIII].
1610 3226 1636 3267 8
1669 3216 1750 3277 De
1794 3221 1973 3276 anima
2009 3227 2056 3277 et
2095 3222 2181 3276 in-
2207 3192 2255 3257 (ἶ
2284 3193 2645 3270 ΕΟΟΧΧΧΙΧ
2675 3211 2851 3294 [Alias
3343 3220 3386 3294 '_
3402 3209 3582 3276 Quare
3607 3207 3781 3275 Filius,
3806 3217 3843 3262 et

1274 3290 1501 3344 tellectu.

668 3378 863 3435 Anima
893 3379 1133 3437 carnalia
1162 3390 1427 3453 appetens
1464 3382 1677 3442 femina:
1701 3394 2047 3458 comparatur
2074 3402 2181 3445 non

598 3471 821 3529 habenti
852 3480 1120 3529 rectorem
1148 3473 1325 3530 virum
1350 3514 1368 3540 ,
1408 3475 1500 3546 qui
1547 3484 1633 3531 est
1661 3476 2003 3546 intellectus,
2030 3480 2186 3549 cujus

596 3576 716 3619 eam
765 3572 985 3633 Oportet
1027 3564 1294 3635 sapientia
1335 3565 1631 3635 gubernari
1664 3584 1677 3621 :
1720 3582 1829 3624 non
1857 3570 2009 3640 quasi
2040 3571 2183 3626 aliud

599 3654 671 3708 sit
695 3666 855 3725 quam
883 3654 1061 3710 anima
1090 3670 1106 3720 ;
1149 3654 1244 3711 sed
1270 3655 1395 3727 quia
1438 3657 1657 3716 obtutus
1695 3661 1917 3730 quidam
1948 3660 1977 3701 ιι
1998 3664 2185 3721 occul-

599 3752 684 3801 tus
710 3747 781 3800 sit
819 3746 1032 3802 animae.
1084 3747 1235 3805 Sicut
1272 3748 1416 3804 enim
1451 3750 1750 3808 exteriores
1787 3754 1933 3810 oculi
1981 3754 1993 3792 ί
2030 3755 2189 3827 quid-

599 3842 720 3897 dam
746 3853 870 3899 sunt
913 3843 1119 3911 carnis,
1174 3845 1247 3901 ita
1288 3862 1445 3903 mens
1489 3848 1747 3917 quiddam
1792 3859 1879 3906 est
1924 3850 1938 3901 i
1974 3852 2189 3919 animas,

599 3933 745 4004 quod
774 3932 828 3988 in
856 3949 919 3990 ea
959 3934 1258 3991 secundum
1293 3930 1766 4010 participationem
1793 3941 1991 4000 divinae
2021 3945 2190 4000 ratio-

601 4023 687 4079 nis
723 4024 965 4081 excellit.
1019 4026 1089 4081 Et
1123 4034 1252 4082 tunc
1290 4028 1542 4084 omnibus
1577 4027 1605 4068 ιι
1631 4030 1869 4088 motibus
1910 4032 2025 4090 suis
2052 4034 2191 4092 bene

600 4112 857 4183 praesidet
882 4153 897 4179 ,
942 4129 1064 4170 cum
1110 4129 1346 4188 superna
1372 4117 1494 4174 luce
1520 4120 1778 4190 radiatur,
1828 4132 1887 4179 ut
1930 4124 2002 4181 sit
2038 4124 2095 4181 in
2125 4143 2188 4184 ea

605 4203 779 4259 lumen
798 4220 1002 4273 verum,
1028 4208 1167 4277 quod
1195 4208 1453 4264 illuminat
1479 4225 1679 4265 omnem
1705 4212 1961 4271 hominem
1988 4219 2190 4274 venien-

604 4306 704 4353 tem
728 4302 781 4355 in
804 4301 940 4356 hunc
964 4303 1213 4359 mundum
1244 4303 1401 4377 (Aug.
1428 4314 1578 4361 tract.
1607 4308 1674 4364 15
1693 4308 1748 4363 in
1773 4309 1960 4379 Joan._.
1989 4330 2043 4367 n.
2070 4315 2186 4386 19).

678 4474 704 4537 9
733 4466 832 4521 Ms.
866 4465 1097 4537 Remig.,
1128 4467 1466 4537 vivi/icantur.

602 4532 1174 4663 ωιιὴξὲὧῖιοιηρυίά
1215 4532 1302 4606 ﬁet
1342 4539 1528 4617 homo',
1575 4554 1670 4613 pro
1711 4556 1811 4612 quo
1854 4539 1993 4598 Deus
2020 4544 2189 4616 factus

678 4688 701 4716 ε
727 4677 829 4754 Ms.
860 4676 991 4754 19L,
1024 4678 1175 4745 Quod
1204 4679 1342 4735 Deus
1376 4682 1444 4754 sit
1470 4681 1757 4754 invisibilis.
1806 4684 1961 4753 Quod
2000 4701 2188 4754 parum

606 4749 816 4835 accedit
842 4749 913 4835 ad
947 4764 1165 4835 sensum
1186 4752 1480 4835 sententias
1506 4793 1521 4817 ,
1553 4753 1641 4808 cui
1667 4793 1684 4820 ,
1717 4756 1769 4808 in
1810 4749 1917 4811 Deo
1943 4749 2187 4815 addimus

609 4833 832 4926 majoris
855 4830 1253 4890 perspicuitatis
1277 4830 1469 4904 gratia.

684 4968 702 4973 Δ
733 4889 876 4973 ﬁdit.
900 4891 1092 4951 Colon.
1123 4900 1261 4973 νει..
1291 4895 1346 4947 in
1376 4893 1877 4973 visibilia_atteri_das.

680 4968 705 4997 ο
737 4960 879 5038 ἑξάίιί
906 4975 1135 5027 omnes,
1169 4962 1514 5038 domus_ista.
1566 4964 1694 5038 Mss.
1741 4967 1950 5038 Remig.
1999 4977 2053 5025 et
2080 4969 2185 5026 Jol.

606 5044 715 5109 non
763 5030 961 5109 habent
1013 5046 1311 5101 pronomen
1356 5035 1478 5101 ista,
1526 5049 1626 5091 nec
1683 5036 1835 5093 locus
1863 5030 2087 5109 A'ugust.
2135 5044 2187 5100 in

604 5099 781 5175 Joan.
794 5102 995 5175 Evang.

606 5172 834 5299 di‘LrMS.
861 5172 1097 5245 Refnig.,
1132 5176 1363 5246 proﬂuit.
1406 5175 1549 5233 Edit.
1596 5175 1790 5235 Colon.
1833 5178 1941 5236 v‘et.
1978 5184 2191 5254 perfun-

676 5324 702 5391 _8
734 5314 834 5391 Ms.
862 5317 995 5391 19L,
1030 5317 1107 5391 De
1127 5319 1301 5391 anima
1329 5316 1565 5373 carnalia
1592 5328 1878 5391 appetente.

674 5382 701 5460 ιξ
734 5382 1103 5460 Mss._Remig.
1133 5398 1187 5443 et
1211 5388 1343 5454 Jol.,
1375 5382 1744 5460 cautusque'sit
1771 5392 1974 5447 animat.

684 5452 699 5532 ξ
736 5454 833 5532 Ms.
862 5452 1095 5532 qumigt,
1121 5452 1337 5529 quidam
1353 5468 1476 5532 sunt
1495 5452 1663 5532 σαι-νῇ.

613 5594 627 5611 ⁸
678 5523 695 5573 i
734 5523 830 5579 Ms.
860 5523 1211 5597 Jol.,a'niniai,
1236 5531 1375 5601 quod
1403 5532 1461 5585 in
1490 5546 1571 5586 ea.
1595 5531 2189 5605 Reliqui,animi.quod

609 5611 889 5750 ἠξοέἀίιι
905 5664 1097 5750 gelen.
1128 5681 1259 5750 vet.,
1292 5673 1509 5750 motibus
1537 5675 1671 5750 eius.

676 5735 696 5778 ι
728 5736 829 5797 Ms.
860 5736 1133 5808 Joliensis,
1194 5735 1346 5809 Quod
1383 5746 1437 5799 in
1464 5735 1607 5801 nobis
1635 5748 1702 5802 sit
1732 5750 2006 5805 orandum.

667 5817 714 5849 ι·
739 5807 936 5867 Colon.
984 5821 1093 5869 νει.
1140 5813 1297 5879 edil.,
1348 5816 1487 5884 Quid
1528 5818 1916 5883 supulicaturus
1936 5862 1952 5884 .
1985 5863 1993 5875 .
2026 5860 2035 5876 .
2069 5863 2077 5875 .
2111 5828 2190 5879 re.

920 5848 936 5867 o
992 5848 1093 5869 vva.
1140 5848 1297 5879 vallo,
1349 5848 1487 5884 ιιυηυ
1528 5848 1952 5889 ouyvuuulsrul,
1985 5863 1993 5875 ι
2026 5860 2035 5876 ο
2069 5863 2077 5875 .

2624 3281 2728 3337 non
2749 3281 2930 3348 Pater,
2969 3283 3158 3337 dicitur
3176 3281 3542 3354 judicaturus.

2359 3394 2615 3462 Quamvis
2660 3408 2958 3465 numquam
2984 3392 3205 3450 recedat
3226 3408 3256 3448 a
3287 3392 3428 3448 Filio
3455 3392 3618 3449 Pater
3642 3437 3657 3462 ,
3700 3391 3759 3448 ad
3772 3392 3843 3463 ju-

2288 3490 2549 3547 dicandos
2580 3496 2760 3545 tamen
2801 3488 2954 3545 vivos
2980 3496 3038 3545 et
3066 3496 3307 3544 mortuos
3329 3528 3343 3551 ,
3372 3501 3481 3543 non
3511 3487 3633 3558 ipse
3658 3486 3845 3551 dicitur,

2292 3582 2387 3637 sed
2441 3580 2613 3637 Filius
2642 3580 2941 3635 alfuturus:
2974 3580 3115 3649 .quia
3155 3579 3228 3635 ibi
3274 3594 3376 3633 nec
3399 3578 3598 3645 Patris,
3639 3591 3730 3634 nec
3750 3574 3845 3633 Filii

2296 3676 2494 3739 Deitas,
2525 3673 2623 3730 sed
2680 3674 2770 3729 illa
2799 3673 2971 3729 forma
2999 3672 3273 3728 videbitur
3300 3671 3428 3727 Filii
3465 3686 3629 3742 quam
3656 3671 3747 3726 sibi
3773 3683 3845 3739 per

2295 3773 2690 3823 sacramentum
2723 3764 3108 3819 incarnationis
3134 3761 3321 3818 univit.
3368 3760 3492 3831 Ipsa
3515 3777 3643 3834 ergo
3667 3759 3761 3816 erit
3774 3757 3845 3829 ju-

2294 3860 2425 3925 ἀει,
2456 3874 2577 3930 quae
2606 3857 2708 3914 sub
2728 3856 2913 3927 judice
2937 3857 3087 3913 stetit
3112 3874 3124 3911 :
3156 3856 3269 3927 ipsa
3296 3854 3582 3926 iudicabit,
3608 3852 3848 3926 quajudi-

2294 3960 2413 4008 cata
2452 3960 2567 4015 est;
2614 3958 2670 4004 ut
2714 3946 2931 4004 videant
2964 3946 3114 4018 impii
3154 3946 3273 4016 ejus
3310 3945 3544 4015 gloriam
3571 3986 3589 4012 ,
3636 3946 3690 4001 in
3724 3942 3849 4013 cujus

2300 4041 2769 4101 mansuetudinem
2798 4048 2826 4078 ι
2852 4039 3168 4095 saivierunt.
3229 4036 3377 4093 Talis
3421 4051 3560 4108 ergo
3606 4034 3850 4109 apparebit

2297 4136 2484 4206 iudex,
2514 4134 2688 4206 qualis
2713 4130 2888 4188 videri
2923 4129 3127 4201 possit,
3161 4139 3216 4185 et
3245 4128 3314 4184 ab
3332 4127 3412 4185 eis
3438 4142 3581 4200 quos
3602 4133 3850 4184 coronatu-

2299 4243 2393 4283 rus
2417 4235 2521 4293 est,
2552 4234 2607 4281 et
2634 4224 2702 4280 ab
2726 4224 2806 4280 eis
2834 4238 2970 4294 quos
2992 4222 3340 4277 damnaturus
3368 4230 3474 4276 est.
3519 4220 3681 4278 Pater
3700 4226 3850 4275 autem

2299 4333 2409 4375 non
2453 4315 2774 4388 apparebit;
2819 4314 2944 4385 quia
2993 4313 3164 4369 forma
3193 4312 3335 4369 servi
3365 4325 3473 4368 non
3516 4322 3603 4370 est
3628 4311 3847 4370 indutus:

2217 4481 2271 4545 D
2293 4478 2472 4547 quiris.

2369 4557 2397 4585 ιι
2429 4548 2503 4602 Ita
2534 4547 2630 4602 Ms.
2662 4545 2762 4602 lol.
2793 4545 2996 4612 caeteri,
3034 4544 3111 4600 De
3135 4545 3338 4600 homine
3370 4543 3636 4599 interiore.

2372 4628 2397 4655 ο
2430 4619 2555 4674 Mss.
2592 4617 2797 4687 Remig.
2834 4626 2892 4673 et
2914 4617 3186 4684 Joliensis,
3215 4626 3264 4670 et
3293 4631 3399 4687 non,
3421 4615 3655 4687 omnibus
3682 4625 3773 4667 una
3792 4612 3849 4680 fa-

2298 4688 2461 4743 cultas
2488 4701 2577 4743 est.
2613 4684 2776 4750 Editi',
2804 4699 2852 4742 et
2875 4704 2975 4741 non
3006 4688 3231 4740 omnium
3260 4686 3484 4756 facultas
3514 4684 3706 4738 eadem.

2372 4771 2398 4809 ι)
2430 4759 2529 4815 Ms.
2564 4760 2926 4829 liemigianus.
2960 4758 3338 4812 discretionum.

2370 4841 2395 4880 ιι
2430 4830 2519 4887 Sic
2556 4846 2655 4884 ms.
2688 4824 2796 4884 .li'il.
2831 4830 2958 4893 Alii,
3002 4845 3132 4882 unus
3174 4838 3247 4881 est
3295 4826 3593 4883 intentionis
3645 4824 3853 4894 aﬂ'ectus.

2295 4900 2392 4957 Ms.
2426 4916 2554 4955 vero
2582 4900 2819 4968 Reniig,
2837 4901 2991 4954 unius
3020 4910 3093 4953 est
3118 4900 3412 4952 intentionis
3434 4899 3483 4951 ei
3504 4896 3733 4964 effectus.

2374 4982 2395 5010 τ
2426 4971 2499 5026 ita
2529 4971 2653 5026 Mss.
2684 4970 2892 5040 Romig.
2927 4982 2981 5026 et
3006 4969 3145 5034 .lol.;
3179 4969 3360 5025 cieteri
3387 5009 3401 5033 ,
3431 4970 3575 5038 quod
3607 4983 3743 5023 mens
3777 4981 3855 5035 po-

2297 5052 2416 5099 test.

2370 5123 2391 5151 ι
2427 5112 2523 5168 Ms.
2555 5113 2840 5181 Joliensis,
2877 5112 3143 5181 Quomodo
3179 5109 3350 5167 Filius
3378 5110 3572 5165 dicitur
3604 5109 3778 5164 habere
3798 5106 3857 5159 ri-

2295 5195 2401 5259 tam
2427 5186 2481 5259 in
2507 5187 2790 5259 semetipso.
2970 5255 3001 5259 __
3102 5252 3134 5259 _
3174 5253 3186 5259 _
3473 5254 3487 5259 ,
3786 5248 3814 5259 ..
3846 5248 3856 5259 .

2373 5258 2391 5292 ⁸
2427 5256 2514 5311 Sic
2545 5272 2648 5311 ms.
2675 5248 2780 5310 Jul.
2824 5264 2881 5311 ot
2920 5255 3050 5309 edit.
3093 5252 3283 5310 Colon.
3317 5261 3422 5310 vet.
3460 5252 3565 5309 Alii
3600 5267 3748 5313 vero.
3780 5248 3856 5302 Dei

2296 5325 2467 5382 Filius
2493 5325 2630 5381 Deus
2651 5326 2835 5381 habere
2860 5326 3013 5381 vitam
3034 5322 3085 5380 in
3113 5325 3403 5395 semetipso,
3432 5324 3564 5379 sicut
3595 5323 3753 5395 Pater
3776 5320 3857 5374 lia-

2296 5398 2399 5465 bet,
2431 5413 2532 5471 non
2559 5398 2921 5471 participando
2949 5398 3160 5469 adeptus
3190 5394 3406 5471 estised
3431 5394 3710 5449 nascendo.
3830 5460 3841 5471 τ

2364 5477 2394 5506 τι
2425 5466 2617 5525 Colon.
2650 5466 2758 5524 vet.
2789 5469 2946 5537 edit.,
2980 5466 3482 5536 ut'consempiterna,
3510 5480 3618 5520 non
3646 5479 3747 5521 una
3763 5466 3840 5534 qui

2293 5540 2409 5594 dem
2443 5555 2679 5605 persona,
2707 5540 2796 5594 sed
2821 5556 2923 5593 una
2944 5538 3011 5593 sit
3035 5538 3235 5593 Deitas.

2364 5621 2391 5648 ν
2426 5609 2517 5665 Sic
2542 5624 2643 5664 ms.
2677 5610 2807 5677 ιοι.;
2838 5609 3044 5674 caeteri,
3074 5608 3152 5663 De
3172 5609 3396 5680 judicio.

2368 5690 2394 5718 ι
2422 5680 2521 5735 Ms.
2550 5680 2679 5747 Jol.,
2710 5682 2765 5735 in
2792 5672 2940 5753 cujus
2980 5672 3415 5753 mansuetudinem
3442 5679 3734 5753 meierunt.
3764 5672 3858 5753 Be-

2295 5752 2449 5824 mig.,
2482 5753 2533 5805 in
2555 5756 2703 5825 cujus
2730 5750 3122 5825 mansuetudine
3141 5751 3433 5825 saevierunt.
3476 5750 3579 5807 Alii
3611 5750 3667 5806 in
3708 5752 3866 5811 textu.

2293 5822 2632 5892 fremuerunt;-
2662 5824 2715 5881 in
2743 5822 3008 5894 margine,
3033 5823 3323 5879 moierunt.

3946 98 3957 215 ἶ
