4006 6356
179 292 270 356 ul

585 288 789 349 LIBER
822 288 1384 350 SENTENTIARIUM
1425 287 1519 349 EX
1555 286 1893 347 OPERlIUS
1932 287 1990 345 S.
2033 282 2405 345 AUGUSTINI
2446 280 2961 342 DELIBATARUM.

175 404 256 463 sed
278 400 432 469 Filio,
464 409 492 439 ι
517 402 609 473 qui
638 402 803 459 etiam
840 401 1002 459 homo
1032 402 1203 460 lactus
1234 411 1351 470 est,
1380 401 1532 459 dedit
1547 400 1731 473 judicii
1757 405 1809 465 Α
1837 399 1972 467 lunt,
2006 401 2191 457 felices
2216 409 2493 471 putantur,
2527 398 2651 471 quia
2685 399 2812 471 quid
2841 399 2912 456 sit
2948 397 3177 457 felicitas
3199 399 3229 440 ιι
3252 397 3412 471 igno-

174 503 471 571 potestatem
504 494 662 567 (Aug.
689 494 840 564 ibid.,
868 512 924 551 η.
950 495 1064 566 l6).

190 632 397 708 eccm.
439 632 621 708 [Alias
661 634 1087 708 cccxxxym,
1130 643 1248 689 ante
1291 630 1697 708 cccxxxvn.

228 704 255 746 δ
283 704 551 773 Quomodo
589 705 902 760 roluntatem
932 704 1028 760 Dei
1052 716 1101 759 et
1128 715 1353 760 nostram
1382 706 1653 777 faciamus.

227 796 381 854 Suam
448 797 781 853 voluntatem
843 798 1092 853 homines
1138 796 1374 863 faciunt,
1437 811 1545 852 non
1606 795 1721 862 Dei,

170 888 360 958 quando
401 887 456 944 id
484 898 648 961 agunt
675 888 820 960 quod
850 890 962 945 Deo
1003 888 1267 956 displicet.
1297 887 1523 955 Quando
1544 896 1725 942 autem

169 978 232 1031 ita
269 975 473 1034 iaciunt
504 979 649 1049 quod
677 978 861 1035 volunt
890 1018 906 1046 ,
948 989 1008 1035 ut
1032 979 1229 1034 divina:
1270 978 1508 1034 serviant
1535 977 1725 1032 volun-

170 1068 287 1124 tati:
335 1070 586 1140 quamvis
627 1071 872 1126 volentes
902 1080 1061 1140 agant
1088 1068 1229 1140 quod
1256 1076 1452 1139 agunt,
1477 1068 1619 1122 illius
1646 1076 1725 1122 ta-

165 1174 273 1216 men
310 1160 559 1218 voluntas
580 1168 702 1228 est,
748 1176 780 1215 a
822 1175 929 1231 quo
960 1170 1016 1216 et
1052 1172 1385 1231 prmparatur
1408 1168 1464 1214 et
1505 1157 1726 1227 iubetur

165 1253 288 1324 quod
335 1253 527 1311 volunt
572 1254 753 1325 (Aug.
796 1254 923 1309 ibid.
952 1295 968 1321 ,
1013 1272 1070 1309 n.
1123 1254 1229 1311 l9:
1300 1270 1418 1309 can.
1458 1251 1531 1309 25
1574 1268 1721 1308 conc.

164 1342 332 1399 Araus.
361 1343 448 1414 ιι).

164 1475 387 1535 cccxu
418 1475 607 1551 [Alias
636 1477 1030 1551 cccxxstx.
1098 1450 1236 1551 .‘...._
1280 1474 1657 1534 cccxxxvu
1678 1474 1719 1549 1.

427 1548 451 1589 ἒ
494 1548 572 1606 De
604 1552 838 1605 doctrina
871 1550 1046 1605 Patris
1068 1566 1158 1620 per
1193 1548 1440 1605 Verbum.

221 1642 275 1698 Si
304 1642 459 1699 illum
483 1642 643 1699 docet
660 1641 839 1709 Pater,
864 1642 955 1713 qui
976 1641 1123 1697 audit
1142 1641 1366 1697 verbum
1384 1641 1503 1712 ejus
1531 1658 1547 1697 :
1575 1658 1723 1714 qure-

162 1732 254 1788 retl
274 1734 405 1805 quid
448 1736 522 1790 sit
549 1733 802 1790 Christus
822 1774 838 1801 ,
868 1743 923 1789 et
958 1732 1199 1791 invenies
1231 1732 1463 1789 Verbum
1484 1732 1623 1805 ejus,
1654 1732 1721 1789 In

162 1827 399 1897 principio
423 1835 533 1882 erat
569 1825 815 1894 Verbum;
840 1841 947 1883 non
968 1836 1147 1885 autem
1166 1871 1181 1897 ,
1208 1826 1267 1883 ln
1295 1827 1557 1897 principio
1584 1827 1723 1882 Deus

162 1918 271 1974 fecit
294 1919 533 1976 Verbum
557 1936 573 1976 :
600 1921 782 1990 sicut,
824 1918 891 1975 In
951 1922 1209 1993 principio
1235 1919 1374 1977 Deus
1402 1922 1517 1992 fecit
1542 1919 1722 1976 cclum

160 2021 427 2069 etterraus.
476 2013 715 2075 Verbum
762 2014 906 2070 enim
952 2013 1048 2071 Dei
1095 2014 1239 2070 Deus
1279 2024 1386 2081 est,
1432 2030 1538 2071 non
1566 2028 1721 2071 crea-

159 2112 299 2159 tura:
325 2104 492 2177 596
521 2120 623 2162 nec
651 2108 846 2162 tactum
878 2106 1019 2163 inter
1052 2108 1230 2163 omnia
1252 2146 1270 2176 ,
1319 2107 1414 2162 sed
1459 2123 1552 2174 per
1578 2107 1721 2178 quod

158 2193 277 2249 iacta
300 2205 428 2251 sunt
478 2197 679 2252 omnia.
731 2196 801 2253 Ut
836 2212 965 2269 ergo
988 2197 1054 2253 ad
1093 2198 1218 2254 talis
1248 2198 1397 2254 verbi
1422 2198 1719 2255 doctrinam

158 2286 301 2342 homo
323 2288 378 2343 in
406 2304 575 2346 carne
614 2292 937 2347 constitutus
977 2293 1151 2361 possit
1174 2293 1460 2360 accedere;
1500 2292 1721 2349 Verbum

157 2391 260 2430 caro
283 2379 477 2447 factum
504 2388 579 2436 est
601 2419 619 2448 ,
660 2389 707 2435 et
741 2380 985 2436 habitavit
1012 2383 1064 2437 in
1094 2381 1239 2436 nobis
1268 2382 1429 2454 (Aug.
1471 2392 1619 2438 tract.
1650 2382 1720 2441 26

158 2470 202 2521 in
226 2467 401 2539 Joan.,
434 2489 491 2527 n.
518 2473 600 2542 8).

154 2581 403 2642 cocxut
450 2588 617 2661 [Alias
648 2586 874 2647 cccxr.
897 2600 1071 2662 ,_ante
1108 2590 1550 2662 CCCXXXVIIIJ.
1590 2601 1612 2629 ο
1641 2590 1720 2646 De

728 2678 883 2715 carne
911 2659 1123 2716 Christi.

212 2750 339 2806 Caro
381 2736 585 2809 Christi
633 2753 873 2810 ﬁdelium
924 2756 1031 2811 vita
1080 2765 1182 2823 est,
1230 2755 1278 2811 si
1323 2769 1520 2826 corpus
1552 2755 1717 2826 ipsius

151 2854 257 2897 esse
292 2858 400 2899 non
448 2845 741 2917 negligant.
789 2846 946 2903 Fiant
981 2863 1111 2919 ergo
1153 2862 1348 2918 corpus
1390 2845 1628 2915 Christi,
1671 2848 1717 2904 si

151 2933 317 2990 mlunt
357 2937 541 2994 vivere
590 2940 659 2996 de
702 2940 897 3010 spiritu
939 2938 1176 3007 Christi;
1204 2941 1274 2997 de
1300 2954 1408 3012 quo
1431 2956 1539 2997 non
1566 2939 1715 3009 visit,

150 3025 239 3079 nisi
264 3042 460 3101 corpus
482 3029 682 3087 Christi
725 3034 881 3104 (Aug.
907 3034 1060 3101 ibid.,
1089 3051 1143 3089 η.
1180 3034 1287 3104 15).

1827 498 1948 545 rant
1972 489 2129 560 (Aug.
2161 499 2311 544 tract.
2333 489 2405 546 ΞΒ
2433 491 2487 543 in
2512 487 2696 557 Joan.,
2728 506 2781 544 n.
2811 489 2887 561 7).
3292 540 3295 541 ν

1825 598 2095 659 CCCXLV
2125 601 2290 673 [Alias
2312 600 3085 729 (ἒϐϐἒοῐῆψὲοῗὲξὶεῦωίιη.
3135 601 3217 659 De
3238 612 3408 660 mute-

1904 760 1921 797 ¹
1957 761 2117 818 Aliud
2144 771 2229 818 est
2258 763 2489 833 migrare
2516 778 2743 834 corpore
2768 804 2784 831 ,
2832 762 2977 820 aliud
3007 762 3189 821 corde.
3216 762 3403 835 Migrat

1824 867 2056 925 corpore
2082 897 2099 922 ,
2147 854 2239 925 qui
2282 865 2433 910 motu
2487 857 2731 927 corporis
2775 866 2946 912 mutat
2990 858 3185 922 locum;
3215 858 3407 928 migrat

1823 944 2027 1013 corde,
2078 945 2171 1015 qui
2217 955 2368 1000 motu
2415 945 2595 1001 cordis
2640 955 2811 1002 mutat
2851 947 3123 1003 an‘ectum.
3171 945 3231 1003 Si
3259 946 3405 1003 aliud

1824 1050 1998 1102 amas,
2028 1036 2172 1092 aliud
2200 1038 2457 1105 amabas;
2486 1052 2591 1093 non
2615 1038 2687 1094 ibi
2707 1054 2768 1095 es
2796 1040 2886 1096 ubi
2915 1054 3037 1095 eras
3063 1040 3219 1113 (Aug.
3249 1048 3401 1095 tract.

1825 1123 1896 1181 32
1925 1127 1977 1180 in
2001 1126 2187 1193 Joan.,
2214 1144 2269 1181 n.
2300 1128 2415 1199 at).

1823 1233 2119 1295 CCCXLVI
2164 1235 2332 1309 [Alias
2372 1237 2857 1365 ccgg‘umuum
2900 1239 3210 1315 CCCXLII].
3257 1253 3297 1281 ω
3320 1241 3402 1298 De

1893 1400 2092 1458 Christi
2119 1416 2318 1460 nomen
2342 1417 2372 1459 a
2398 1402 2697 1459 chrismate
2721 1414 2825 1470 est,
2858 1404 2911 1460 id
2946 1414 3051 1474 est,
3090 1408 3157 1462 ab
3182 1410 3393 1465 unctio-

1823 1508 1911 1550 ne.
1955 1494 2090 1561 Quia
2142 1495 2268 1551 ideo
2312 1497 2488 1552 omnis
2527 1495 2864 1554 Christianus
2906 1497 3290 1567 sanctiﬁcatnr,
3342 1512 3400 1558 ut

1824 1586 2091 1657 intelligat
2119 1602 2179 1643 se
2207 1601 2313 1643 non
2358 1588 2532 1643 solum
2564 1587 2917 1645 sacerdotalis
2946 1597 3001 1645 et
3038 1592 3196 1661 regia:
3231 1593 3404 1662 digni-

1822 1679 1949 1734 tatis
1992 1694 2115 1735 esse
2154 1687 2459 1736 consortem
2483 1721 2498 1746 ,
2556 1679 2650 1736 sed
2689 1682 2855 1736 etiam
2896 1690 3090 1737 contra
3132 1683 3401 1739 diabolum

1752 1776 1801 1839 Β
1827 1769 1943 1825 ﬁeri
1977 1769 2293 1826 luctatorem
2323 1770 2479 1842 (Aug.
2508 1779 2658 1824 tract.
2692 1770 2761 1827 33
2785 1771 2839 1824 in
2867 1768 3049 1841 leam,
3076 1789 3129 1827 n.
3163 1773 3241 1843 ὅ).

1825 1883 2142 1943 cccxcvu
2192 1884 2357 1957 [Alias
2398 1882 2691 1957 cccxcv,
2736 1896 2854 1940 ante
2896 1884 3241 1957 cccxuu].
3273 1894 3299 1923 ιι
3329 1884 3403 1941 De

2511 1956 2718 2011 lumine.

1894 2046 2194 2117 Sequamur
2222 2045 2496 2103 Christum
2517 2045 2699 2102 lumen
2727 2062 2935 2114 verum,
2969 2062 3038 2103 ne
3064 2047 3402 2105 ambulemus

1824 2138 1878 2194 in
1907 2140 2168 2195 tenebris.
2199 2138 2461 2195 Tonebra:
2483 2150 2661 2195 autem
2689 2140 2989 2197 metuendae
3017 2150 3142 2197 sunt
3170 2157 3399 2209 morum,

1824 2244 1931 2285 non
1953 2232 2270 2287 oculorum:
2300 2240 2357 2287 et
2382 2232 2426 2287 si
2449 2232 2755 2300 oculorum,
2784 2246 2894 2289 non
2920 2235 3274 2302 exteriorum,
3305 2236 3402 2293 sed

1825 2329 1850 2357 ο
1875 2323 2215 2392 interiorum,
2248 2323 2390 2381 unde
2418 2324 2745 2381 discernitur
2763 2340 2870 2381 non
2892 2328 3071 2383 album
3092 2338 3143 2385 et
3165 2329 3399 2402 nigrum,

1820 2412 1913 2466 sed
1934 2412 2138 2482 justum
2158 2420 2214 2469 et
2232 2413 2487 2483 injustum
2507 2415 2665 2487 (Aug.
2689 2424 2841 2471 tract.
2870 2418 2940 2473 35
2960 2418 3013 2473 in
3034 2416 3217 2487 Joan.,
3240 2436 3294 2475 ιι.
3320 2420 3400 2491 Ι).

1818 2522 2157 2602 cccxtvut
2216 2524 2394 2602 [Alias
2468 2522 2804 2595 cccxm,
2857 2536 2987 2602 ante
3043 2528 3397 2602 cccxuv].

1930 2606 1955 2646 P
1983 2596 2133 2663 Quod
2157 2595 2304 2651 uerus
2334 2595 2475 2650 Deus
2501 2606 2546 2650 et
2579 2611 2725 2651 serus
2754 2602 2911 2653 homo
2944 2600 3012 2654 sit
3038 2599 3289 2657 Christus.

1893 2687 2053 2759 597
2079 2686 2353 2743 Catholica
2376 2685 2510 2742 ﬁdes
2539 2686 2824 2743 Dominum
2839 2688 3021 2745 Jesum
3039 2690 3313 2747 Christum
3344 2700 3398 2749 et

1823 2793 2006 2833 verum
2028 2777 2196 2834 Deum
2226 2786 2281 2834 et
2313 2791 2503 2834 verum
2537 2775 2808 2835 hominem
2833 2780 3025 2850 credit,
3048 2788 3105 2837 et
3122 2780 3394 2852 pradicet.

1820 2865 2119 2940 Utrumque
2159 2868 2302 2924 enim
2340 2866 2599 2939 scriptum
2645 2877 2749 2938 est,
2780 2878 2837 2926 et
2877 2877 3166 2942 utrumque
3212 2887 3399 2931 verum

1818 2973 1920 3023 est.
1943 2963 2044 3033 Qui
2071 2964 2238 3021 Deum
2286 2964 2655 3022 tantummodo
2693 2968 2886 3023 asserit
2912 2966 3208 3039 Christum,
3237 2980 3267 3023 ει
3287 2985 3400 3029 me-

1818 3055 2052 3112 dicinam
2083 3064 2263 3125 negat,
2292 3070 2395 3126 qua
2428 3066 2647 3113 sanatus
2687 3066 2791 3114 est.
2832 3058 2934 3128 Qui
2964 3058 3238 3118 hominem
3278 3070 3397 3120 tan-

146 3160 419 3223 CCCXL!"
450 3167 618 3241 [Alias
660 3168 905 3242 CCCX”
927 3213 941 3237 ,
987 3180 1105 3225 ante
1128 3169 1526 3242 CCCXXXIX].
1561 3170 1580 3209 ί
1615 3170 1715 3241 Qui

1829 3147 2097 3204 tummodo
2151 3148 2351 3205 asserit
2397 3147 2695 3217 Christum,
2741 3152 3032 3221 potentiam
3074 3165 3253 3226 negat,
3294 3171 3399 3228 qua

618 3240 775 3295 edunt
804 3258 989 3311 corpus
1010 3242 1224 3297 Christi.

204 3325 391 3386 Escam
437 3332 563 3387 vita:
591 3332 810 3402 accipit,
840 3342 864 3380 ε
917 3342 971 3389 et
1012 3334 1329 3390 mternitatis
1358 3335 1605 3406 poculum
1633 3336 1714 3392 bi-

144 3416 228 3483 bit,
254 3422 347 3492 qui
376 3424 435 3479 in
459 3425 677 3481 Christo
707 3437 887 3482 manet
912 3467 927 3493 ,
959 3436 1012 3483 et
1039 3425 1193 3498 cujus
1234 3426 1481 3483 Christus
1506 3428 1712 3485 habita-

145 3517 215 3565 tor
241 3522 341 3570 est.
390 3513 526 3571 Nam
553 3514 647 3587 qui
674 3516 951 3573 discordat
975 3533 1004 3573 a
1030 3516 1269 3584 Christo,
1299 3515 1325 3554 ιι
1353 3533 1455 3574 nec
1490 3533 1709 3575 carnem

143 3602 245 3673 ejus
269 3605 582 3677 manducat,
612 3624 710 3665 nec
738 3611 1055 3682 sanguinem
1082 3610 1254 3669 bibit:
1281 3611 1441 3667 etiam
1472 3611 1520 3667 si
1546 3620 1709 3667 tanta:

144 3698 213 3749 rei
251 3710 651 3755 sacramentum
693 3700 759 3756 ad
799 3700 1060 3771 judicium
1114 3717 1228 3759 sua:
1274 3705 1709 3775 praesumptionis

142 3786 360 3854 quotidie
386 3789 761 3849 indiderenter
784 3794 1015 3865 accipiat
1044 3793 1203 3867 (Aug.
1230 3794 1381 3863 ibid.,
1406 3813 1457 3850 η.
1491 3795 1606 3867 l8).

140 3915 413 3979 σίκλων
443 3922 629 3996 [Alias
656 3923 948 3998 cccxun
980 3936 1097 3981 ante
1122 3924 1402 3998 CCCXL].
1435 3928 1451 3965 ί
1488 3927 1569 3985 De
1595 3943 1709 3983 ma-

682 3997 850 4051 lorum
880 3997 1143 4068 felicitate.

200 4083 370 4144 Vellet
397 4089 670 4147 mundana
690 4092 976 4163 sapientia,
1011 4101 1070 4148 ut
1095 4109 1384 4167 numquam
1414 4096 1697 4166 permitte-

137 4189 207 4235 ret
230 4177 374 4236 Deus
397 4196 495 4238 eos
518 4184 611 4254 qui
659 4184 782 4240 mali
811 4196 938 4241 sunt
964 4200 1086 4243 esse
1114 4185 1300 4243 felices
1322 4229 1339 4253 ,
1372 4182 1395 4239 ἰ
1424 4190 1568 4259 quod
1592 4190 1702 4245 uti-

134 4285 227 4339 quc
255 4285 361 4328 non
386 4272 567 4342 siuet;
611 4276 706 4332 sed
751 4276 873 4334 ideo
899 4279 1027 4335 mali
1055 4293 1177 4335 cum
1203 4278 1405 4337 habent
1429 4282 1575 4354 quod
1603 4297 1702 4340 vo-

192 4508 217 4574 ἦ*
250 4499 349 4574 his.
374 4500 611 4574 Remig._,
639 4503 757 4574 quia
780 4504 931 4574 etiam
960 4503 1111 4558 homo
1141 4506 1305 4574 factus
1328 4513 1422 4571 est,
1452 4506 1499 4559 ei
1536 4506 1695 4560 dedit.
1727 4508 1781 4570 D

196 4570 217 4605 δ
252 4572 325 4625 lta
376 4586 481 4627 ms.
525 4569 799 4636 lolﬁAlii,
851 4572 929 4627 De
967 4569 1223 4629 uoluntate
1256 4569 1477 4638 Dei,‘ut
1500 4574 1695 4634 Colon.

129 4652 265 4716 wn;
281 4642 405 4716 sel,
432 4641 495 4716 de
515 4641 766 4716 voluntate
792 4642 962 4716 Qeiet
986 4643 1229 4716 hominis,
1253 4652 1313 4698 ut
1337 4645 1554 4716 reliqui.

197 4720 217 4746 ε
248 4712 349 4765 Ms.
380 4711 658 4777 loliensis,
690 4711 763 4766 De
790 4711 953 4767 Verbo
984 4714 1098 4768 Dei.

196 4778 221 4817 ἀ
255 4782 360 4856 his,
394 4782 628 4856 licuiig.,
670 4781 1041 4856 Verbumejus,
1069 4784 1207 4856 quod
1234 4794 1308 4839 est
1333 4784 1592 4855 Christus,
1616 4788 1699 4844 in-

125 4856 279 4923 i-cuiet
320 4850 538 4923 Verbum
557 4850 694 4923 ejus,
726 4850 942 4909 caeteris
962 4850 1194 4910 omissis.

197 4934 220 4996 ς
250 4922 343 4996 Sic
372 4939 474 4996 ms.
504 4921 615 4996 Jol.
636 4923 764 4989 Alti,
799 4924 877 4996 De
904 4941 1115 4996 corpore
1142 4924 1356 4981 Christi.

197 4989 215 5027 τ
250 4993 488 5069 bisulci.
515 5034 532 5062 ,
583 4995 685 5063 Qui
716 4995 969 5066 accipiant
994 4989 1041 5051 et
1064 4998 1154 5067 qui
1185 5013 1287 5051 non
1308 4998 1567 5069 accipiant
1593 5017 1708 5055 cor-

125 5077 214 5129 pus
244 5060 463 5118 Christi.

192 5141 218 5210 f
247 5133 774 5210 ριιοειηνειί-εάἰῑ..
804 5146 852 5192 et
872 5136 1113 5210 poculum
1136 5138 1254 5193 vita
1279 5140 1488 5210 accipit.

190 5200 218 5273 ‘j
247 5202 348 5258 Μς.
380 5204 514 5273 10L,
548 5204 661 5261 Nec
682 5200 885 5261 carnem
911 5206 1104 5263 Christi
1131 5200 1435 5264 manducat.

198 5270 213 5346 ξ
250 5274 353 5346 με.
384 5270 515 5346 lnl.,
549 5275 624 5330 De
649 5278 783 5346 falsa
810 5278 1050 5346 felicitate
1070 5279 1347 5335 malorum.

191 5342 224 5419 l_
250 5344 351 5401 his.
400 5342 819 5419 Remig.,'quod
852 5350 1023 5414 utique
1048 5349 1184 5405 Deus
1230 5368 1332 5405 non
1374 5352 1526 5406 sinet.
1576 5351 1705 5418 Alii,

117 5416 320 5469 omissa
351 5432 484 5489 voce
514 5416 672 5483 Deus,
690 5416 805 5489 inon
829 5422 979 5473 sinet.
1014 5421 1111 5474 Ms.
1139 5420 1412 5486 Joliensis,
1438 5440 1537 5477 non
1561 5416 1705 5489 sinit,‘

120 5500 220 5539 nec
267 5488 450 5553 male,
504 5504 625 5545 cum
669 5488 813 5545 dicat
859 5491 1187 5562 Augustinus
1216 5536 1231 5560 ,
1278 5510 1561 5564 numquam
1610 5488 1706 5549 hoc

120 5558 366 5613 Mmittit
394 5558 553 5613 Deus.

210 5574 261 5607 m

116 5568 366 5625 permittit
394 5568 553 5615 Deus.

188 5626 216 5665 ι
248 5626 446 5710 Melius
492 5633 777 5710 legeretur,
826 5635 1095 5710 ignoratur
1142 5645 1263 5704 post
1307 5637 1703 5710 Augustinum:

114 5698 265 5777 quod
298 5700 348 5753 in
379 5698 618 5777 margine
648 5698 880 5777 iudieau't
910 5706 1040 5762 editi
1074 5698 1237 5761 Du'ac.
1262 5746 1278 5772 ,
1310 5698 1501 5762 Colon.
1532 5720 1585 5763 et
1614 5723 1708 5777 po-

112 5771 405 5835 steriores.
434 5775 481 5831 si
508 5771 643 5833 mss.
672 5772 925 5843 Prosperi
953 5778 1399 5848 suifragareutur.

1816 3252 2029 3299 creatus
2050 3249 2153 3296 est.
2186 3239 2487 3312 Utrumque
2538 3256 2667 3313 ergo
2712 3242 2893 3299 anima
2939 3242 3118 3301 ﬁdelis
3147 3260 3211 3303 ac
3254 3257 3401 3307 recta

1814 3336 2028 3405 suscipe
2052 3350 2064 3387 :
2096 3344 2150 3390 et
2175 3333 2315 3389 Deus
2337 3334 2583 3390 Christus
2611 3343 2715 3405 est,
2742 3345 2797 3392 et
2823 3337 2983 3393 homo
3016 3335 3265 3395 Christus
3292 3352 3401 3397 est.

1814 3426 1998 3497 Qualis
2020 3426 2161 3482 Deus
2189 3424 2438 3482 Christus
2455 3424 2743 3505 tEqualis
2766 3426 2933 3495 Patri,
2958 3444 3120 3485 unum
3146 3444 3268 3486 cum
3295 3431 3393 3487 Pa-

1813 3532 1913 3580 tre.
1946 3518 2129 3589 Qualis
2179 3521 2339 3597 hqmo
2387 3521 2677 3577 Christus?
2712 3520 2945 3591 Virginis
2992 3520 3153 3589 illius,
3182 3521 3400 3577 trahens

1812 3612 1882 3669 de
1918 3612 2136 3670 homine
2184 3612 2601 3682 mortalitatem,
2654 3626 2762 3667 non
2801 3612 3023 3669 trahens
3060 3611 3400 3682 iniquitatem

1812 3704 1971 3777 (Aug.
1999 3714 2150 3761 tract.
2180 3705 2251 3761 38
2288 3706 2341 3760 in
2367 3703 2554 3774 luam,
2587 3721 2643 3759 n.
2673 3704 2763 3775 2).

1812 3835 2128 3904 cccxux,
2176 3835 2361 3909 [Alias
2400 3833 2744 3909 cccxutt,
2775 3842 2913 3909 ante
2958 3832 3275 3907 eccm].
3324 3836 3400 3893 οι

2339 3907 2578 3961 missione
2609 3916 2630 3944 τ
2661 3904 2838 3962 Verbi.

1886 4009 1907 4037 ο
1941 4000 2133 4056 Missus
2178 4007 2262 4056 est
2303 3998 2564 4055 Dominus
2598 3998 2851 4054 Christus
2880 4012 2911 4055 a
2949 3999 3129 4067 Patre,
3154 4014 3261 4058 non
3304 4017 3394 4060 re-

1808 4092 1973 4148 cessit
1993 4105 2023 4145 a
2053 4089 2233 4146 Patre.
2267 4088 2451 4146 Missio
2469 4089 2588 4160 ejus
2608 4087 2907 4145 incarnatio
2930 4088 3029 4146 fuit
3056 4099 3112 4147 et
3135 4089 3395 4149 invisibili

1810 4182 2007 4240 Deitati
2036 4182 2137 4238 hoc
2165 4180 2261 4237 fuit
2290 4181 2344 4238 iu
2373 4180 2518 4237 hunc
2540 4179 2797 4237 mundum
2827 4182 3031 4249 venire,
3056 4182 3198 4254 quod
3225 4198 3391 4255 appa-

1811 4292 1951 4335 rere.
1982 4273 2135 4345 Quod
2174 4274 2219 4331 si
2252 4274 2362 4331 cito
2387 4285 2694 4347 caperetur,
2728 4290 2836 4333 non
2879 4290 3018 4348 opus
3046 4287 3163 4335 erat
3192 4288 3250 4334 ut
3276 4291 3395 4335 creo

1879 4501 1895 4540 ι
1933 4501 2033 4573 his.
2063 4500 2192 4573 J_ol.,
2223 4500 2384 4573 Aliud,
2402 4517 2507 4573 esse
2528 4502 2749 4571 migrare
2777 4516 3013 4573 corpore,
3043 4500 3191 4556 aliud
3214 4504 3388 4573 corde.

1875 4582 1916 4612 ω
1947 4572 2048 4627 Ms.
2072 4570 2204 4639 Jol.,
2234 4571 2385 4639 Quod
2412 4569 2809 4625 Christi'nomen
2837 4588 2870 4626 u
2902 4569 3179 4627 chrismate
3196 4574 3285 4629 sit.

1874 4654 1901 4682 ιι
1934 4643 2033 4699 Ms.
2064 4642 2195 4710 ποι,
2245 4641 2324 4695 De
2367 4640 2584 4696 tenebris
2623 4641 2970 4697 interioribus.
3016 4642 3144 4711 Alii,
3192 4641 3270 4698 De
3309 4648 3392 4700 lu-

1803 4717 1963 4780 mine,
1992 4713 2189 4786 quibus
2213 4711 2511 4786 adiecimus
2535 4727 2672 4786 vero.

1878 4793 1901 4821 ο
1938 4782 2063 4839 llréc
2100 4783 2207 4838 duo
2257 4782 2475 4853 verba,_
2512 4782 2606 4853 sed
2670 4783 2973 4853 interiorum
2999 4825 3015 4850 ,
3081 4783 3392 4853 supplemus

1802 4856 2120 4911 auctoritate
2169 4867 2273 4912 ms.
2325 4850 2955 4921 Remigiano-Remensis
2995 4850 3161 4907 etiam
3185 4850 3388 4921 solius,

1802 4929 1925 4999 quia
1956 4928 2010 4980 in
2036 4922 2322 4999 Augustini
2354 4924 2477 4999 loco
2500 4924 2668 4978 citato
2713 4924 2800 4979 hic
2842 4925 2895 4978 in
2932 4924 3177 4999 margine
3207 4922 3394 4993 legun-

1813 4994 1923 5061 iur,
1948 5004 2002 5052 et
2026 4995 2210 5052 sensui
2232 4994 2515 5049 sententia:
2542 5003 2669 5050 sunt
2688 4996 3012 5050 necessaria.

1884 5078 1912 5118 ν
1941 5067 2031 5121 Sic
2057 5081 2160 5122 ms.
2182 5064 2287 5121 Jol.
2312 5063 2419 5125 Alii
2442 5079 2592 5133 vero,
2620 5064 2693 5118 De
2712 5065 3063 5120 incarnatione
3092 5062 3253 5117 mhi.

1886 5148 1913 5188 «ι
1941 5138 2132 5192 Colon.
2166 5145 2274 5192 vet.
2299 5137 2457 5203 edit.,
2480 5145 2529 5191 et
2558 5138 2834 5207 potentiam
2860 5142 3009 5203 negat
3050 5149 3155 5202 qua
3194 5143 3396 5207 creatus

1812 5218 1906 5279 est,
1936 5217 1982 5262 et
2008 5208 2315 5279 medicinam
2344 5217 2496 5279 negat
2512 5202 2624 5279 (qua
2650 5217 2850 5279 creatus
2875 5202 2980 5279 est.
3003 5241 3050 5279 ._.
3070 5242 3085 5257 .
3110 5240 3125 5255 .
3143 5212 3232 5279 est
3248 5202 3397 5279 Deus

1814 5270 2050 5335 Christus
2077 5287 2181 5333 :est
2210 5288 2259 5334 et
2283 5270 2435 5333 homo
2459 5270 2710 5345 Christus.
2739 5272 3113 5345 eliqualisDeo
3133 5270 3392 5345 Christus,

1813 5352 2024 5415 aqualis
2050 5348 2222 5414 Patri,
2254 5364 2413 5403 unum
2452 5362 2570 5400 cum
2603 5342 2781 5410 Patre,
2812 5342 3023 5413 sitqualis
3054 5342 3206 5415 homo
3236 5342 3393 5399 Chrié

1811 5412 1924 5476 stus
1962 5419 2188 5490 Virginis
2210 5412 2377 5489 ﬁlius,
2418 5416 2625 5471 trahens
2656 5418 2721 5472 de
2772 5412 2973 5470 homine
3002 5412 3388 5482 mortalitatem,

1812 5508 1913 5547 non
1940 5500 2108 5561 autem
2128 5491 2467 5561 iniquitatem.

1885 5571 1908 5601 τ
1938 5562 2033 5616 Ms.
2061 5558 2338 5627 Joliensis,
2367 5558 2513 5613 Filii.

1884 5642 1905 5669 ·
1934 5632 2032 5688 Ms.
2068 5630 2282 5701 Retuig.
2300 5642 2355 5701 et
2379 5627 2571 5684 Colon.
2592 5636 2707 5701 vet.
2733 5626 2901 5701 edit.,
2919 5627 3117 5686 Missus
3143 5629 3390 5701 Dominus

1809 5724 1842 5761 α
1876 5703 2055 5759 Patre.
2092 5698 2290 5757 Eadem
2320 5700 2511 5755 Colon.
2538 5698 2696 5763 etlit.,
2727 5710 2775 5752 et
2800 5700 3046 5755 inuisibili
3066 5702 3258 5756 deitate
3279 5698 3390 5753 lucc

1810 5779 1874 5852 (l'.
1904 5778 2020 5841 hoc)
2054 5776 2149 5831 t‘uit
2170 5774 2224 5830 in
2252 5770 2388 5827 hunc
2414 5768 2661 5852 mundum
2687 5770 2879 5843 venire,
2909 5772 3047 5843 quod
3092 5776 3383 5844 appareret.
