4006 6356
188 272 302 337 ass

652 273 854 333 LIBER
892 273 1432 333 SENTENTIARUM
1470 273 1566 331 EX
1596 271 1939 331 OPERIBUS
1974 273 2035 330 ὃ.
2074 271 2446 332 AUGUSTINI
2482 273 2996 332 DELIBATARUM.

3346 281 3454 335 480

190 390 604 463 huncupsntur.
626 386 782 447 Sicut
818 390 963 447 enim
990 389 1190 446 dicitur
1227 388 1459 445 mundus
1491 388 1542 445 in
1572 388 1776 459 impiis,
1805 393 1858 452 Α
1883 390 2006 455 erit,
2037 390 2249 460 quando
2274 390 2412 447 Deus
2437 392 2613 446 omnia
2638 392 2689 446 in
2722 391 2831 447 illis
2861 391 3113 447 omnibus
3134 391 3239 448 erit
3266 391 3311 466 (1
3330 391 3449 449 Cor.

188 483 263 540 ita
292 484 502 561 dicitur
526 482 756 539 mundus
783 481 839 538 in
866 483 1087 539 sanctis.
1122 480 1273 539 Unde
1298 496 1420 538 cum
1445 492 1586 538 totus
1631 497 1661 537 a
1688 496 1775 538 se-
1875 495 1968 545 xv,
1996 478 2110 551 28).
2152 481 2232 535 Ad
2266 498 2420 551 quam
2461 482 2843 538 beatitudinem
2876 472 2936 538 hi
2976 484 3314 555 perueniunt.
3359 485 3451 556 qui

185 577 426 647 inetipso
450 585 507 635 et
526 573 739 631 taceto
762 584 816 631 et
840 579 895 630 in
919 589 1103 631 amore
1123 574 1431 642 discordet,
1460 586 1559 628 nos
1577 587 1700 629 eum
1719 584 1773 628 et
1877 573 2003 630 huic
2031 575 2228 630 saeculo
2258 586 2384 630 ante
2408 578 2799 645 separationcm
2828 577 2843 627 i
2884 578 3076 632 animae
3102 580 3132 631 a
3155 582 3314 634 carne
3334 586 3452 633 'mo-

184 667 373 725 odisse
410 666 685 738 iubemur,
708 674 761 722 et
778 678 987 732 amare,
1017 680 1141 721 cum
1169 665 1366 721 dicitur
1391 665 1565 731 nobis,
1594 663 1774 719 Nolite
1874 665 2108 729 riuntur,
2134 679 2234 720 nec
2271 666 2323 720 in
2360 664 2439 721 eis
2467 665 2814 723 inveniuntur
2833 665 2860 706 ι
2890 664 3292 738 cupiditatibus,
3317 682 3450 740 quas

184 752 407 829 diligere
431 757 682 813 mundum
700 756 747 829 (I
766 754 925 812 Joan.
958 770 1018 822 η,
1043 756 1155 827 lli);
1179 764 1376 810 etcum
1404 753 1621 820 dieitur,
1643 752 1774 807 Diti-

186 849 292 922 gite
568 859 759 903 uestros
780 847 962 920 (lett.
990 863 1046 915 ν,
1061 848 1179 917 at),
1194 856 1254 902 ut
1273 862 1501 916 quorum
1524 860 1771 901 exsecra-

185 955 312 998 mur
334 940 697 1011 iniquitatem,
716 949 966 1012 Optemus
984 940 1211 997 salutem
1235 940 1392 1012 (Aug.
1417 940 1571 1006 ibim,
1601 956 1655 993 n.
1688 938 1767 1008 4).

184 1051 435 1111 cccux
463 1050 631 1127 [Alias
655 1048 943 1127 cccmt,
970 1060 1090 1127 ante
1106 1051 1369 1127 eccm.
1406 1060 1433 1090 ι
1462 1049 1541 1105 De
1558 1054 1769 1107 vitanda

764 1124 990 1179 scientia
1018 1125 1206 1196 gloria.

122 1186 143 1233 ἔ
254 1216 339 1274 Ad
368 1217 646 1273 vitandam
676 1186 1041 1274 testationem
1053 1230 1208 1273 rane
1229 1215 1440 1286 gloria,
1468 1213 1663 1271 melior
1686 1224 1769 1271 est

180 1300 214 1349 δ
248 1307 517 1366 discentis
557 1308 794 1363 conditio
842 1322 1003 1378 quem
1062 1308 1332 1364 doceatis.
1388 1307 1576 1363 Tutius
1620 1307 1766 1363 enim

182 1396 406 1455 ~uiuitur
460 1400 665 1454 veritas
716 1412 877 1468 quam
935 1397 1279 1468 prmdieatnr.
1332 1398 1596 1466 Quoniam
1643 1412 1766 1454 cum

181 1484 432 1547 loetﬁna
459 1490 743 1560 recipitur,
776 1488 1053 1545 humilitas
1074 1490 1409 1557 custoditur;
1441 1505 1563 1546 cum
1588 1502 1765 1546 autem

182 1580 481 1653 disputatio
511 1582 709 1652 placet,
736 1582 827 1636 vis
866 1592 952 1637 est
981 1590 1041 1637 ut
1067 1582 1422 1637 disserentem
1460 1597 1568 1637 non
1593 1582 1767 1652 pulset

182 1676 681 1749 quantulacumque
731 1675 1185 1749 iactantia(.tug.
1216 1686 1366 1733 tract.
1400 1678 1467 1733 67
1500 1678 1553 1732 in
1580 1678 1762 1745 Joan.,

184 1774 238 1823 ιι.
264 1764 362 1837 2).

184 1856 405 1915 CCCLX
432 1858 603 1933 [Alias
630 1858 944 1925 CCCLVIII,
964 1870 1090 1914 ante
1127 1858 1417 1933 CCCLVI].
1446 1870 1469 1899 ε
1501 1858 1579 1915 De
1608 1861 1764 1917 laude

661 1949 761 2003 qua
780 1948 834 1987 se
862 1933 1111 2002 predicat
1142 1931 1300 1985 Deus.

254 2041 623 2100 Periculosum
644 2052 732 2100 est
751 2043 953 2099 homini
974 2042 1081 2099 sibi
1097 2043 1330 2111 placere,
1358 2043 1443 2098 cui
1468 2043 1762 2099 carendum

189 2143 267 2192 est
292 2137 606 2207 superbire.
640 2136 780 2192 Deus
811 2144 992 2192 autem
1034 2145 1530 2208 quantumcumque
1562 2150 1623 2191 se
1652 2138 1766 2191 lau-

182 2225 296 2297 det,
320 2244 435 2285 non
467 2243 531 2285 se
556 2230 767 2289 extollit
792 2229 1058 2294 excelsus,
1084 2243 1186 2283 nec
1230 2228 1344 2282 vult
1382 2242 1441 2282 se
1475 2242 1571 2281 sua
1597 2228 1764 2282 videri

186 2321 474 2391 hiiestate
517 2323 799 2391 majorem.
832 2320 940 2377 Sed
969 2334 1091 2375 cum
1136 2319 1340 2373 homini
1383 2320 1619 2388 loquitur
1670 2334 1765 2387 po-

190 2414 407 2471 tcntium
455 2429 642 2483 suam,
705 2428 814 2469 non
870 2413 973 2469 hoc
1029 2415 1141 2484 agit
1191 2424 1250 2466 ut
1292 2413 1408 2481 ipse
1456 2412 1761 2481 gloriosior,

306 2515 369 2565 ut
392 2508 488 2565 ille
509 2508 702 2565 melior
728 2507 824 2563 ﬁat
842 2514 900 2562 et
922 2505 1157 2561 doctior.
1189 2504 1355 2560 Nobis
1377 2504 1522 2560 enim
1547 2504 1766 2573 prodest

188 2608 457 2659 auctorem
496 2611 741 2659 nostrum
794 2615 1108 2671 agnoscere,
1140 2609 1196 2655 et
1240 2602 1289 2657 ei
1329 2601 1421 2671 qui
1470 2609 1557 2657 est
1603 2616 1765 2669 super

188 2696 360 2752 cuiuis
398 2696 709 2766 subjaeere:
741 2691 766 2730 ἀ
794 2709 863 2749 ne
905 2694 975 2748 de
1003 2707 1110 2761 quo
1148 2706 1251 2748 non
1298 2707 1582 2763 possumus
1611 2708 1761 2747 com-

189 2787 523 2861 prehendere
549 2789 676 2858 quid
704 2796 805 2854 est,
833 2786 1102 2857 possimus
1131 2786 1335 2843 sentire
1376 2786 1521 2858 quod
1552 2802 1659 2842 non
1682 2795 1765 2842 est

190 2880 342 2955 (Aug.
360 2891 509 2937 tract.
531 2883 601 2938 58
618 2882 673 2935 in
692 2879 879 2946 10am,
906 2898 961 2933 n.
987 2879 1073 2951 ὅ).

186 2976 425 3055 CCCLX!
451 2996 623 3071 [Alias
668 2991 941 3071 (ΣΩῼΙᾸΧΔὶ
982 3001 1100 3048 ante
1145 2990 1458 3071 CCCLVII].
1496 3004 1521 3033 ο
1550 2994 1627 3050 De
1681 3012 1763 3050 re-

702 3066 968 3119 mitteudis
1004 3066 1241 3130 peccatis.

246 3152 552 3213 Christiana
581 3156 926 3213 observantia
949 3157 1012 3211 ad
1043 3156 1296 3226 perfectae
1336 3157 1551 3228 pietatis
1583 3156 1603 3195 τ
1634 3173 1759 3228 pro-
1784 3158 1832 3225 (ι

190 3248 381 3306 lectum
413 3266 507 3319 per
561 3258 799 3305 mutuam
850 3249 1080 3304 maxime
1128 3248 1758 3321 pervenitGOOindul-

180 3342 415 3411 gentiam
450 3350 813 3410 peccatorum,
856 3339 1021 3395 dante
1062 3340 1218 3395 nobis
1263 3341 1486 3396 Domino
1511 3357 1623 3396 suae
1665 3342 1759 3397 bo-

189 3430 368 3486 uitatis
386 3432 719 3499 exemplum.
750 3430 884 3486 Nam
913 3432 960 3486 si
991 3433 1106 3496 ille,
1137 3432 1192 3488 in
1215 3448 1321 3502 quo
1352 3433 1559 3488 nullum
1588 3434 1759 3488 omni-

186 3520 380 3577 noluit
402 3531 703 3593 peccatum,
740 3522 1050 3593 interpellat
1101 3538 1198 3593 pro
1242 3526 1475 3589 peccatis
1519 3526 1755 3591 nostris,

185 3607 382 3681 quanto
418 3611 592 3682 magis
632 3626 733 3667 nos
762 3612 992 3668 invicem
1021 3628 1119 3683 pro
1150 3615 1385 3683 propriis
1420 3629 1579 3671 orare
1600 3614 1762 3671 debe-

182 3702 342 3760 ius?
380 3705 764 3774 Amplecteuda
803 3709 1002 3777 quippe
1048 3717 1133 3762 est
1186 3706 1415 3775 homini,
1465 3709 1554 3778 qui
1598 3716 1623 3755 ε
1656 3722 1760 3763 non

186 3794 327 3852 omni
360 3805 535 3867 potest
567 3812 757 3854 carere
794 3808 1039 3869 peccato,
1068 3808 1176 3855 tam
1217 3800 1442 3869 benigna
1483 3800 1759 3870 conditio,

188 3898 239 3943 ut
267 3888 588 3947 dimittendo
631 3891 828 3946 delicta
862 3891 1062 3958 aliena,
1089 3890 1260 3946 diluat
1300 3905 1397 3946 sua
1420 3890 1577 3963 (Aug.
1606 3891 1759 3957 ibid.,

185 3996 236 4035 ιι.
272 3980 365 4052 s).

186 4056 439 4131 Cccuu
477 4071 647 4149 [Alias
670 4073 927 4149 CCCLX,
958 4082 1075 4149 autc
1122 4073 1456 4149 eccum].
1488 4073 1518 4116 ιι
1550 4074 1628 4133 De
1655 4079 1755 4133 im-

518 4146 742 4218 pletione
768 4147 1135 4202 desideriorum
1167 4146 1437 4219 iustorum:

247 4256 521 4316 iustorum
564 4259 961 4317 desideriorum
998 4259 1015 4300 ί
1054 4262 1290 4345 εαιίριιιιὶ
1322 4270 1454 4318 tunc
1491 4261 1627 4319 nihil
1657 4262 1755 4319 de-

246 4426 272 4487 !
300 4420 401 4476 Ms.
424 4419 700 4487 Jolicnsis,
718 4422 794 4477 De
815 4422 1104 4478 conditione
1128 4422 1387 4484 discentis.
1424 4431 1472 4476 et
1503 4422 1752 4477 docentis.

182 4486 274 4614 ηιξ
303 4492 483 4548 Editio
526 4495 717 4551 Colon.
779 4504 955 4562 vetus,
1000 4494 1272 4562 discentis,
1330 4509 1484 4566 quam
1531 4494 1758 4547 docentis

223 4574 355 4614 aus.

223 4574 355 4615 σιω.

182 4630 426 4757 ὠδίςᾶ
447 4632 724 4706 Joliensis,
761 4635 911 4705 Quod
946 4650 1049 4689 non
1102 4635 1313 4689 extollat
1354 4650 1409 4689 se
1453 4630 1594 4689 Deus
1641 4635 1756 4688 tau-

317 4720 348 4754 ο
429 4743 444 4757 ο

317 4720 444 4757 ose.

1786 4724 1838 4785 Β

1872 755 1991 810 sola
2023 762 2247 824 superat
2277 753 2496 811 dilectio
2521 752 2616 811 Dei
2642 774 2655 809 :
2688 750 2711 795 1
2743 767 2803 813 ut
2827 767 2882 815 et
2908 758 2957 814 id
2986 756 3223 828 patiatur
3248 759 3447 830 iniqui-

1873 853 1978 913 tas,
2003 846 2145 917 quod
2194 847 2396 916 elegit;
2432 854 2486 902 et
2516 861 2582 902 eo
2618 847 2761 903 bono
2802 848 3006 905 fruatur
3045 851 3272 920 Iustitia,
3304 852 3445 922 quod

1871 941 2065 994 amavit
2100 939 2257 1010 (Aug.
2287 949 2437 993 tract.
2468 938 2536 996 65
2566 940 2620 994 in
2647 939 2834 1011 Joan.,
2858 959 2912 997 n.
2943 941 3018 1013 l).

1868 1092 2161 1152 CCCLXIII
2183 1095 2350 1169 [Alias
2374 1093 2658 1169 ACCCLXI.
2687 1100 2809 1169 ante
2838 1094 3095 1169 CCCLIX
3108 1093 3151 1169 }.
3180 1097 3261 1153 De
3286 1100 3446 1169 conﬁ-

2262 1166 2415 1221 tendo
2441 1165 2646 1220 homine
2672 1163 2798 1221 Iesu
2823 1165 3050 1223 Christo.

1940 1278 2041 1347 Qui
2071 1279 2150 1334 sic
2197 1277 2487 1333 conﬁtetur
2539 1277 2815 1334 Christum
2856 1277 3055 1345 Deum,
3087 1289 3146 1335 ut
3196 1282 3443 1338 eumdem

1868 1368 2143 1426 hominem
2190 1370 2353 1440 neget
2404 1384 2625 1436 verum,
2657 1370 2944 1426 habentem
2985 1369 3193 1428 scilicet
3235 1374 3445 1429 unitam

1868 1464 1972 1520 sibi
2016 1473 2215 1519 nostra!
2252 1464 2430 1519 carnis
2455 1463 2755 1534 animaeque
2785 1475 3063 1531 naturam,
3089 1472 3196 1520 non
3221 1475 3303 1520 est
3348 1482 3445 1535 pro

1874 1550 1974 1610 illo
2025 1566 2271 1611 mortuus
2313 1553 2580 1618 Christus,
2633 1555 2755 1625 quia
2810 1555 3103 1609 secttudum
3174 1557 3444 1612 hominem

1869 1657 2117 1703 mortuus
2146 1655 2230 1703 est
2268 1646 2538 1702 Christus.
2558 1646 2673 1702 Non
2713 1648 3094 1703 reconciliatur
3122 1664 3218 1715 per
3248 1649 3447 1703 Meda-

1795 1776 1845 1838 Β
1870 1747 2040 1795 torem
2068 1740 2201 1795 Deo.
2235 1738 2379 1795 Unus
2408 1740 2543 1793 enim
2574 1736 2744 1804 Deus,
2766 1747 2809 1777 ω
2830 1748 2877 1793 et
2905 1754 3037 1792 unus
3068 1737 3325 1794 Hediator
3353 1738 3446 1794 Dei

1870 1840 1918 1885 et
1951 1830 2237 1895 hominum,
2266 1831 2418 1885 homo
2446 1828 2679 1885 Christus
2707 1827 2861 1884 Iesus
2887 1829 2929 1901 (ι
2959 1828 3093 1883 Tim.
3132 1845 3193 1897 tt,
3216 1830 3296 1899 ὃ).
3329 1829 3446 1888 Non
3534 1888 3545 1898 ,

1865 1922 2195 1993 justillcatur
2239 1939 2336 1994 per
2380 1925 2575 1994 ipsum,
2604 1926 2729 1994 quia
2755 1924 2885 1978 sicut
2918 1938 3007 1992 per
3053 1924 3445 1979 inobedientiam

1866 2016 2018 2069 unius
2053 2016 2273 2071 hominis
2301 2027 2585 2088 peccatores
2611 2017 2876 2071 constituti
2898 2028 3015 2072 sunt
3039 2018 3215 2085 multi,
3247 2018 3327 2073 ita
3354 2035 3446 2089 per

1866 2108 2203 2163 obedientiam
2242 2110 2394 2163 unius
2432 2108 2653 2164 hominis
2693 2111 2827 2181 justi
2870 2110 3242 2165 constituentur
3297 2112 3446 2167 multi

1867 2200 2042 2273 (Rom.
2074 2216 2128 2263 ν.
2150 2200 2255 2271 19).
2273 2200 2388 2256 Νοη
2417 2210 2662 2272 resurget
2687 2213 2719 2250 tt
2739 2202 2793 2257 in
2820 2204 3269 2259 resurrectionem
3296 2205 3443 2273 vita,

1867 2297 1989 2365 quia
2020 2311 2110 2364 per
2136 2294 2391 2350 hominem
2433 2310 2589 2362 mors,
2618 2304 2668 2350 et
2709 2311 2798 2369 per
2844 2296 3103 2352 hominem
3137 2299 3446 2352 resurrectio

1866 2395 2206 2440 mortuorum.
2239 2385 2386 2441 Sicut
2411 2387 2545 2441 enim
2576 2387 2627 2438 in
2649 2388 2816 2440 Adam
2845 2403 3018 2442 omnes
3046 2389 3444 2454 mminnturﬁta

1866 2485 1914 2531 et
1943 2477 1995 2530 in
2023 2475 2224 2531 Christo
2250 2492 2421 2530 omnes
2445 2483 2469 2512 °
2494 2477 2883 2546 vivificabuntur
2904 2477 2946 2551 (Ι
2976 2478 3096 2534 Cor.
3127 2495 3194 2533 ιν
3216 2478 3309 2546 21,
3327 2478 3440 2549 22).

1866 2575 1895 2615 r
1922 2563 2030 2621 Nec
2060 2567 2199 2621 ullus
2230 2581 2289 2622 se
2316 2566 2464 2621 beati
2495 2566 2641 2621 Petri
2680 2566 2933 2623 defendat
2973 2572 3243 2641 exemplo,
3268 2572 3357 2641 qui
3385 2586 3445 2627 se

1864 2657 2047 2713 multis
2069 2658 2325 2728 lacrymis
2351 2667 2405 2713 et
2424 2660 2694 2714 accusavit
2714 2671 2765 2715 ct
2798 2662 2924 2716 lavit
2947 2661 3127 2732 (Hau.
3160 2678 3311 2729 xsvt,
3330 2666 3441 2736 75),

1862 2760 1918 2803 ut
1943 2749 2238 2819 principem
2270 2763 2424 2803 suum
2457 2746 2696 2805 Ecclesia
2720 2763 2829 2805 non
2853 2750 3174 2821 negationis,
3209 2754 3304 2810 sed
3332 2768 3444 2824 pm-

1862 2842 2102 2898 niteutizn
2147 2842 2443 2899 imitatione
2486 2852 2807 2913 sequeretur
2856 2844 3017 2916 (Aug.
3066 2855 3215 2904 tract.
3268 2847 3341 2904 68
3387 2849 3443 2904 in

1858 2930 2044 3001 10am,
2075 2944 2128 2989 tt.
2156 2931 2238 3003 2).

1934 3064 2227 3123 CCCLXIV
2268 3066 2449 3141 [Alias
2502 3064 2796 3137 CCCLX",
2846 3078 2964 3124 ante
3014 3067 3306 3142 CCCLX].
3369 3072 3445 3129 De

2503 3144 2805 3194 teternitatc.

1949 3251 2006 3308 ιη
2034 3251 2355 3324 quibusdam
2384 3252 2603 3309 sternis
2632 3262 2808 3324 potest
2830 3254 3005 3326 aliqua
3034 3260 3154 3312 esse
3170 3253 3446 3325 distantia,

1865 3343 1978 3415 ipsa
2027 3356 2205 3400 autem
2258 3347 2531 3401 mternitas
2570 3348 2773 3417 alisque
2813 3347 3128 3403 diversitate
3174 3360 3445 3406 mensum

1865 3447 1969 3494 est.
1994 3437 2169 3492 Multa:
2193 3437 2389 3507 quippe
2410 3438 2738 3500 mansiones.
2772 3439 2823 3491 in
2854 3448 2957 3493 una
2988 3439 3096 3495 vita
3123 3440 3305 3495 varias
3330 3456 3444 3497 me-

1865 3531 2091 3585 ritorum
2135 3530 2440 3601 signiﬁcant
2476 3530 2783 3600 dignitates.
2812 3529 2915 3587 Sed
2949 3540 2976 3581 ιι
3007 3539 3063 3586 ut
3092 3530 3234 3589 Deus
3262 3534 3443 3589 omnia

1865 3622 1921 3677 iu
1952 3620 2202 3676 omnibus
2231 3620 2359 3685 erit,
2389 3622 2480 3675 lict
2505 3620 2668 3676 etiam
2697 3620 2751 3676 in
2791 3621 2990 3692 dispari
3014 3622 3263 3679 claritate
3290 3633 3314 3663 ε
3346 3639 3446 3696 par

1864 3712 2318 3784 gaudium,601
2337 3712 2393 3766 ut
2420 3714 2561 3783 quod
2586 3712 2782 3768 habent
2804 3712 3023 3785 singuli,
3057 3726 3345 3773 commune
3372 3717 3446 3774 sit

1866 3803 2136 3858 omnibus.
2183 3802 2443 3872 Quoniam
2484 3819 2579 3874 per
2626 3807 3021 3861 connexionem
3064 3804 3446 3879 dilectionis,a

1864 3895 2033 3967 gloria
2062 3896 2253 3966 capitis
2293 3895 2436 3950 nulla
2479 3896 2583 3951 erit
2623 3897 2794 3953 aliena
2835 3900 2957 3969 pars
3004 3899 3442 3975 corpot‘ls(Aug.

1866 3997 2018 4045 tract.
2045 3990 2115 4045 67
2138 3990 2193 4045 in
2220 3986 2403 4057 Joan.,
2432 4006 2487 4044 η.
2513 3988 2595 4061 2).

1862 4096 2133 4205 CCCLiV
2173 4145 2360 4219 [Alias
2386 4142 2700 4211 CCCLXIII,
2725 4153 2844 4202 ante
2872 4132 3114 4203 CCCLX!
3206 4132 3283 4203 De
3318 4146 3440 4218 ﬁde.

1936 4262 2098 4319 Fides
2117 4276 2305 4320 eorum
2333 4261 2425 4333 qui
2455 4260 2623 4318 Deum
2660 4261 2825 4317 visuri
2856 4270 3001 4331 sunt,
3043 4262 3189 4335 quod
3216 4275 3329 4319 non
3360 4265 3442 4320 vi-

1867 4420 2120 4475 omnibus.
2144 4418 2332 4475 Melius
2356 4432 2486 4476 mss.
2511 4417 2720 4488 Remig.
2739 4424 2795 4474 et
2821 4415 2951 4485 Jol.,
2968 4415 3088 4473 Col.
3116 4420 3253 4486 vet,
3271 4415 3442 4490 Lugd.

1865 4500 1919 4546 et
1950 4490 2177 4557 Lovan.,
2212 4490 2405 4543 omnia.

1941 4563 1955 4611 l
1992 4562 2089 4615 iis.
2119 4560 2388 4627 .lotiensis,
2419 4560 2608 4613 anima
2635 4575 2667 4612 a
2697 4574 2869 4615 carne.
2901 4557 3004 4615 Alii
3035 4560 3286 4615 omittunt
3308 4574 3444 4632 pra:-

1862 4634 2185 4702 positimtetu
2212 4650 2263 4686 a.

1934 4699 1959 4740 ι
1989 4703 2087 4757 bis.
2118 4702 2350 4770 Remigq
2378 4701 2700 4772 cupiditates.
2729 4699 2828 4757 bis.
2851 4699 2981 4770 10L,
3003 4701 3321 4756 invenientur
3348 4717 3442 4755 cu-

243 4770 270 4809 ⁴¹
302 4773 399 4848 bis.
420 4773 696 4848 Joliensis,
722 4785 779 4830 ut
797 4777 858 4829 de
886 4792 987 4847 quo
1015 4793 1118 4831 non
1150 4791 1422 4848 possumus
1452 4790 1752 4848 cognoscere
1786 4770 1833 4785 ”
1864 4774 2195 4848 piditatilms.

180 4843 313 4918 quod
340 4854 436 4906 est,
467 4846 743 4918 possimus,
769 4858 872 4902 etc.
898 4843 1002 4901 'Ms.
1033 4843 1265 4918 Remig,
1296 4862 1362 4901 ne
1388 4850 1450 4901 de
1469 4843 1636 4917 9.10..
1656 4884 1669 4898 .
1693 4882 1705 4897 .
1734 4884 1746 4897 .

180 4912 311 4989 quod
348 4926 441 4969 est.
473 4915 611 4989 [ξάίιὶ
647 4918 909 4989 plerique,
950 4935 1012 4971 ne
1059 4920 1121 4989 de
1163 4912 1261 4989 quo
1288 4957 1299 4970 .
1326 4958 1338 4970 .
1360 4957 1373 4971 .
1402 4955 1417 4972 .
1438 4958 1452 4971 .
1481 4912 1752 4989 possumus

178 4987 359 5049 sentire
378 4986 515 5049 quod
542 5002 643 5041 non
669 4996 758 5042 est.
796 4986 959 5043 Duae.
986 5003 1040 5043 et
1062 4986 1252 5044 Colon.
1281 5003 1401 5042 cum
1432 4987 1751 5043 recentiori-

176 5048 376 5131 hus,_ne
393 5048 461 5131 de
486 5072 651 5131 qua?
672 5098 683 5110 .
704 5098 716 5112 .
742 5098 755 5111 .
786 5061 1040 5126 possimus
1067 5062 1253 5113 sentire
1281 5058 1420 5131 quod
1448 5074 1553 5131 non
1579 5066 1676 5131 est.

246 5133 270 5162 '
296 5125 394 5181 Ms.
425 5125 558 5195 10L,
587 5127 663 5182 De
692 5125 921 5199 profectu
973 5131 1172 5199 pietatis
1224 5125 1313 5200 per
1360 5130 1743 5200 indulgentiam

177 5206 515 5263 peccatorum.

245 5260 268 5304 ί
298 5265 391 5341 bis.
426 5267 664 5341 Bemig.,
692 5274 1001 5341 provectum.

246 5341 272 5384 8
298 5336 391 5392 bis.
420 5336 702 5401 ιιιιίεηὲὶδξ
718 5357 817 5395 non
842 5342 1069 5397 omnino.

242 5401 369 5476 §lta
400 5426 502 5464 tus.
525 5409 801 5466 .loliensis.
841 5412 966 5476 Atti,
1001 5412 1073 5465 De
1097 5414 1378 5468 teter-nitate
1423 5419 1742 5467 sanctorum.

246 5471 393 5551 ‘_ms.
439 5478 649 5551 Bemig.
698 5490 753 5537 ct
793 5483 925 5551 ποι,
954 5471 1228 5549 ⁷ιιιιίειιιιί;
1258 5487 1346 5539 ubi
1389 5484 1486 5539 alii
1531 5499 1743 5548 omnes,

175 5546 414 5623 societati.
446 5546 622 5606 Minus
665 5553 820 5612 bene.
853 5546 971 5607 cum
1003 5546 1254 5623 respici}!
1286 5555 1448 5609 verba
1492 5558 1605 5609 lucc
1638 5546 1746 5609 Αιιὲ

1934 4842 1951 4881 ι
2001 4844 2142 4899 Edit.
2173 4840 2365 4914 Colon.
2392 4851 2529 4914 γει..
2566 4852 2612 4909 et
2643 4851 2697 4898 ut
2725 4845 2841 4900 ideo
2867 4845 2996 4899 bona
3028 4844 3253 4914 fruatur.

1929 4923 1967 4951 ω
1994 4914 2084 4987 §ic
2117 4928 2244 4987 mss.
2269 4910 2619 4984 Remigianus
2640 4924 2693 4969 et
2716 4915 2824 4971 Jol.
2852 4924 2969 4987 post
3001 4910 3137 4982 .tug.
3164 4912 3282 4987 loco
3304 4911 3437 4987 cita-

1854 4995 1931 5041 to.
1988 4985 2128 5055 Etliti
2179 4983 2388 5038 Lovan.
2417 4979 2865 5055 ét_pnsteriores,'
2881 4996 2925 5041 et
2957 4979 3105 5038 unus
3126 4990 3217 5036 est.
3243 4979 3433 5037 Colon.

1851 5065 1990 5121 νει..
2017 5054 2167 5112 Unus
2193 5066 2267 5110 est
2291 5056 2427 5109 enim
2459 5053 2620 5122 Deus,
2646 5068 2693 5111 et
2721 5053 2878 5114 unus.

1923 5136 1952 5165 ιι
1978 5120 2076 5183 Sic
2114 5141 2240 5182 cum
2293 5129 2517 5197 August.
2572 5120 2703 5183 mss.
2738 5126 2948 5198 ltctuig.
2981 5132 3035 5179 et
3054 5121 3159 5178 Jol.
3184 5120 3353 5189 Editi,
3384 5123 3439 5177 in

1848 5200 2243 5255 resurrectione.

1928 5279 1954 5306 ο
1980 5270 2113 5324 Mss.
2143 5269 2375 5337 liemig.,
2400 5267 2738 5336 rioiﬁcantur.

1924 5350 1952 5391 ν
1994 5340 2176 5396 Ειιὶιὶυ
2201 5339 2392 5394 Ωσιιοη.
2430 5350 2557 5400 νει,
2592 5338 2786 5392 Nullus
2809 5350 2881 5391 se.

1925 5421 1951 5461 ς
1983 5412 2112 5465 Mss.
2142 5409 2399 5464 Joliensis
2428 5420 2482 5464 et
2508 5408 2739 5476 Retnig.,
2772 5408 2889 5471 ubi;
2915 5405 3027 5465 alii.
3051 5410 3129 5462 ut.

1926 5490 1949 5521 ι’
1986 5482 2352 5536 Emendautus
2394 5495 2457 5534 es
2497 5481 2731 5534 editione
2767 5478 2953 5540 Duac.,
2977 5492 3140 5533 sensu
3168 5479 3436 5548 exigente,

1852 5561 1908 5610 et
1932 5551 2232 5623 Augustino
2254 5553 2523 5623 scribente
2545 5549 2733 5623 inloco
2763 5564 2918 5623 quem
2950 5549 3194 5603 intuetur
3223 5547 3279 5605 Si
3302 5548 3436 5603 Pro-

173 5622 388 5698 guSIiui,
417 5623 754 5698 perducturus
797 5641 879 5698 eos
909 5626 975 5698 ad
1002 5618 1170 5698 illum
1199 5625 1349 5695 ﬁnem
1397 5627 1485 5695 qui
1526 5625 1745 5695 sufﬁciat
1853 5640 1999 5691 sper,
2017 5618 2403 5698 proptcr‘nngunt
2427 5618 2889 5698 denariumnullus
2911 5630 3184 5689 separatur
3207 5624 3435 5698 aregno.

175 5688 264 5755 eis,
294 5688 374 5744 ubi
404 5694 615 5746 satietur
648 5697 705 5747 in
736 5695 877 5748 bonis
904 5688 1211 5750 desiderium
1254 5688 1446 5751 eorum.
1482 5688 1609 5750 Post
1648 5701 1745 5749 ali-

172 5770 303 5827 quot
329 5769 509 5831 verba,
557 5761 724 5822 Duae.
756 5777 811 5822 et
853 5766 1042 5823 Colon.
1074 5778 1302 5834 recent.,
1345 5769 1510 5823 earinis
1540 5769 1596 5821 in
1638 5766 1745 5822 illis

1853 5688 1957 5752 Alii
1985 5688 2205 5751 codices
2240 5694 2431 5745 habent
2462 5706 2550 5757 per
2578 5690 2859 5757 gaudium;
2903 5688 2985 5743 cui
3036 5705 3144 5746 non
3184 5688 3437 5747 conﬂuit

1856 5767 2165 5824 immediate
2197 5760 2544 5827 antecedens,
2568 5758 2623 5814 in
2650 5762 2846 5829 dispari
2867 5758 3119 5817 claritate.
