4006 6356
546 3963 575 4020 ,ἐ

663 281 770 345 887

1904 286 1964 346 3.
2007 287 2346 349 PROSPBRI
2383 287 2708 359 AQUITANI

3817 296 3888 355 ‘88

657 403 750 460 det
776 403 945 460 credit
977 419 992 458 :
1033 415 1156 458 nam
1209 401 1257 458 ai
1296 401 1478 470 videt,
1505 417 1616 466 non
1675 411 1760 459 est
1796 401 1951 459 ﬁdes.
1983 404 2237 461 Credenti
2266 406 2318 465 Δ
2341 400 2635 459 CCCLXIX
2684 401 2866 476 [Alias
2891 400 3240 476 CCCLXV",
3263 412 3384 457 ante
3428 399 3756 476 CCCLXV].
3789 403 3803 443 ι
3831 407 3886 466 Di

658 504 686 533 ι
714 494 1268 566 colligiturmeritum,
1286 496 1490 553 videnti
1518 496 1759 554 redditur
1781 497 2059 570 praemium
2083 499 2240 572 (Aug.

653 597 803 643 tract.
831 587 900 644 68
918 590 972 644 in
993 585 1268 660 Joan.,'_n.
1307 590 1398 661 3).

2817 473 3055 528 humanae
3069 475 3290 544 justitite
3321 476 3493 530 modo.

2417 587 2686 644 Divinitus
2707 586 2911 644 dictum
2942 596 3047 655 est,
3082 586 3210 642 Noli
3241 604 3348 642 esse
3353 590 3530 660 justus
3557 589 3774 643 multum
3797 589 3884 660 (Ec-

646 698 945 774 CCCLXYI
973 699 1145 774 [Alias
1163 700 1479 770 CCCLXIV,
1512 714 1630 758 ante
1673 702 1996 774 CCCLXII].
2033 704 2061 744 δ
2088 706 2238 771 Quod
2343 677 2440 774 cle:
2471 695 2565 747 vn,
2598 679 2711 774 fl).
2743 679 2921 748 IIIQuo
2957 689 3141 774 notata
3167 694 3279 774 n‘ong
3303 690 3387 736 est
3412 678 3623 774 iustitia
3649 684 3880 750 sapientis,

719 772 991 842 prapitius’
1011 774 1078 826 sit
1109 772 1249 827 Deus
1279 791 1383 828 non
1425 776 1697 830 annuendo
1727 772 1984 830 malorum
2014 780 2162 830 rotis.

2343 769 2439 824 sed
2471 770 2732 841 superbia
2759 771 3158 842 praesumentis.
3181 771 3282 840 Qui
3313 787 3445 843 ergo
3472 772 3707 828 lituimis
3725 774 3879 844 justus,

720 861 857 918 Male
893 878 1087 919 usurus
1131 879 1196 921 eo
1237 866 1379 936 quod
1414 876 1436 905 ε
1462 866 1577 920 vult
1603 869 1850 936 accipere
1872 908 1887 934 ,
1919 869 2031 924 Deo
2060 871 2237 939 potius
2340 862 2459 932 ipso
2484 862 2651 918 nimio
2701 863 2761 918 lit
2791 863 3045 933 iniustus.
3079 864 3214 932 Quis
3243 873 3330 920 est
3355 872 3539 920 autem
3571 866 3662 935 qui
3700 881 3758 920 se
3786 875 3808 902 ι
3828 870 3880 922 ni-

647 952 948 1009 miserante
969 969 1077 1011 non
1103 957 1324 1026 accipit.
1351 956 1586 1013 Proinde
1616 959 1660 1012 si
1693 959 1795 1013 hoc
1822 959 1890 1012 ab
1921 974 1991 1014 eo
2037 961 2235 1030 petitur
2339 955 2444 1010 mis
2472 955 2603 1013 l’acit
2625 957 2854 1026 justum,
2883 957 2989 1013 uisi
3015 956 3108 1028 qui
3136 958 3266 1013 dicit
3292 972 3353 1013 se
3381 973 3488 1013 non
3515 958 3717 1014 habere
3739 974 3880 1028 pectu-

643 1043 789 1099 unde
819 1044 984 1101 homo
1021 1047 1307 1104 exauditus
1358 1048 1620 1115 laedatur,
1669 1050 1841 1120 magis
1886 1051 2205 1108 metuendun

2337 1055 2449 1102 tum
2479 1049 2646 1120 (Aug.
2675 1059 2827 1105 tract.
2860 1048 2930 1106 95
2953 1050 3006 1104 in
3030 1048 3212 1117 Joan.,
3235 1065 3289 1103 n.
3318 1047 3431 1120 2)?

638 1146 745 1236 fit.
796 1137 1053 1236 nsquod
1085 1135 1112 1176 ά
1143 1141 1322 1236 regit
1358 1141 1498 1236 Dfus
1530 1157 1636 1196 non
1673 1141 1803 1236 dare
1833 1144 2113 1215 propitius.
2142 1144 2233 1201 de!
2333 1160 2606 1220 cccsxx
2632 1163 2803 1236 [Alias
2825 1162 3187 1236 CCCLXVIII,
3212 1172 3329 1218 ante
3350 1161 3700 1236 cccexw].
3725 1172 3748 1199 ο
3772 1162 3876 1230 om

638 1228 810 1284 iratus
835 1230 998 1302 (Aug.
1024 1239 1173 1286 tract.
1207 1231 1277 1287 7'5
1305 1231 1357 1285 in
1385 1229 1569 1301 Joan.,
1592 1250 1646 1289 n.
1677 1235 1758 1304 l).

637 1339 956 1418 CCCvatt
984 1342 1165 1418 [Alias
1194 1343 1521 1418 _ccct._xv,
1566 1355 1681 1398 ante
1710 1343 2002 1418 cecoxm
2023 1346 2062 1418 ].
2097 1357 2120 1385 ε
2151 1347 2228 1402 De

804 1413 1005 1484 duplici
1032 1414 1302 1469 dilectione
1333 1414 1523 1470 Christi
1543 1432 1663 1485 ergo
1693 1416 1961 1486 diligentes
1989 1413 2062 1477 se.

2588 1235 2700 1290 sola
2721 1236 2895 1290 divina
2920 1235 3207 1290 substantia
3227 1251 3340 1288 uere
3358 1237 3421 1288 sit
3447 1235 3687 1304 simplex.

2404 1328 2636 1394 Nullius,
2666 1329 2829 1384 etiam
2870 1326 3210 1398 incorporea:
3238 1336 3522 1394 creaturas,
3547 1341 3677 1382 vere
3695 1326 3874 1396 simplex

2331 1429 2416 1477 est
2446 1421 2775 1486 substantia,
2806 1421 2892 1476 cui
2933 1435 3041 1476 non
3092 1419 3194 1474 hoc
3233 1428 3316 1474 est
3340 1434 3485 1485 esse,
3531 1417 3675 1489 quod
3721 1433 3868 1484 nosse;

714 1507 814 1574 Qui
843 1508 1014 1578 diligit
1043 1525 1142 1574 me,
1193 1508 1367 1578 inquit
1409 1508 1704 1575 Dominus,
1736 1509 1976 1582 diligetur
2007 1528 2038 1564 a
2073 1511 2227 1568 Patre
2330 1520 2509 1584 potest
2537 1513 2681 1569 enim
2707 1523 2735 1564 ι)
2763 1527 2907 1578 esse,
2962 1527 3062 1568 nec
3104 1525 3266 1566 nosse
3292 1528 3305 1565 :
3336 1520 3390 1564 at
3419 1511 3512 1566 illa
3545 1509 3720 1565 divina
3747 1520 3776 1560 ει
3800 1525 3870 1566 non

637 1615 746 1654 meo
763 1616 783 1666 ;
813 1609 862 1653 et
883 1615 974 1673 ego
1002 1601 1216 1673 diligam
1245 1617 1383 1665 eum,
1407 1610 1455 1654 et
1487 1601 1829 1670 mani/estabo
1855 1603 1902 1656 ei
1925 1619 2002 1657 me
2029 1605 2219 1672 ipsum.

2328 1613 2531 1676 potest,
2554 1605 2677 1676 quia
2711 1604 2946 1674 idipsum
2974 1613 3060 1659 est
3080 1602 3224 1672 quod
3255 1601 3437 1656 habet.
3463 1601 3542 1656 Ac
3567 1615 3661 1670 per
3687 1599 3783 1656 hoc
3801 1615 3868 1656 non

640 1691 661 1732 ί
685 1693 826 1762 Quid
856 1703 960 1761 est,
988 1694 1242 1766 diligam?
1267 1704 1540 1766 tamquam
1571 1703 1696 1748 tunc
1725 1694 2023 1752 dilecturus
2053 1698 2144 1762 sit,
2168 1706 2223 1753 et
2328 1698 2406 1752 sic
2438 1697 2598 1751 habet
2619 1695 2925 1761 scientiam,
2951 1703 3010 1749 ut
3039 1693 3182 1748 aliud
3209 1693 3287 1748 illi
3313 1693 3384 1747 sit
3410 1692 3640 1748 scientia
3664 1707 3761 1762 qua
3779 1693 3866 1758 scit,

636 1799 784 1840 nunc
813 1799 919 1840 non
965 1784 1196 1857 diligat?
1237 1786 1413 1843 Absit.
1443 1787 1727 1853 Quomodo
1760 1790 1904 1844 enim
1935 1805 2034 1844 nos
2062 1790 2220 1847 Pater
2251 1794 2299 1856 Β
2325 1788 2470 1843 aliud
2490 1789 2725 1844 essentia
2741 1803 2845 1858 qua
2869 1797 2976 1855 est,
2994 1786 3094 1842 sed
3123 1795 3413 1855 utrumque
3441 1799 3640 1839 unum:
3671 1783 3866 1854 quamvis

634 1875 754 1929 sine
783 1873 943 1942 Filio,
970 1885 1062 1930 aut
1088 1875 1260 1933 Filius
1282 1878 1402 1932 sine
1431 1877 1589 1933 Patre
1616 1878 1905 1950 diligeret?
1933 1890 1958 1928 ε
1985 1881 2223 1947 Quomo-

637 1966 732 2038 do,
755 1983 878 2024 cum
911 1969 1349 2040 inseparabiliter
1379 1980 1671 2040 operentur
1691 2012 1707 2036 ,
1740 1972 2111 2042 separabiliter
2140 1973 2222 2028 di-

632 2058 839 2131 ligunt?
863 2059 970 2117 Sed
994 2061 1062 2116 ad
1105 2061 1210 2118 hoc
1257 2062 1472 2133 diligant
1515 2078 1651 2129 eum,
1681 2061 1746 2117 ad
1777 2063 1920 2133 quod
1951 2065 2217 2134 sequitur,

630 2161 680 2206 et
701 2154 1036 2225 manifestabo
1059 2156 1105 2210 ei
1135 2172 1213 2210 me
1237 2157 1442 2226 ipsum;
1479 2157 2220 2229 diligam,etmanifestabo,id

629 2255 732 2311 est,
759 2247 826 2303 ad
857 2247 960 2303 hoc
1001 2247 1254 2319 diligam,
1288 2257 1347 2303 ut
1389 2248 1750 2305 manilestem.
1783 2249 1934 2306 Nunc
1962 2252 2105 2308 enim
2152 2253 2220 2309 ad

629 2337 733 2393 hoc
761 2335 788 2374 ¹ι
817 2338 1026 2406 dilexit,
1057 2349 1117 2394 ut
1147 2339 1461 2407 credamus,
1491 2349 1546 2396 et
1590 2338 1606 2379 ί
1640 2341 1952 2398 mandatum
1995 2343 2118 2398 lidei
2143 2352 2222 2401 te-

627 2444 852 2487 neamus
882 2450 895 2485 :
926 2443 1051 2488 tunc
1076 2432 1143 2488 ad
1173 2431 1277 2489 hoc
1317 2432 1525 2503 diliget,
1553 2443 1614 2488 ut
1642 2433 1944 2499 videamus,
1969 2445 2023 2491 et
2049 2437 2219 2508 ipsam

627 2525 890 2582 visionem
914 2525 1220 2582 mercedem
1251 2525 1378 2582 ﬁdei
1399 2528 1846 2597 capiamus.Quia
1873 2539 1928 2586 et
1959 2545 2056 2586 nos
2077 2547 2219 2588 nunc

625 2617 904 2688 diligimus
932 2618 1206 2674 credendo
1239 2617 1254 2669 i
1307 2621 1455 2690 quod
1484 2620 1820 2688 videbimus;
1871 2631 1999 2679 tunc
2035 2633 2214 2680 autem

623 2710 909 2782 diligemus
937 2711 1170 2768 videndo
1200 2711 1343 2783 quod
1385 2711 1719 2770 credidimus
1749 2713 1926 2786 (Aug.
1957 2723 2103 2770 tract.
2145 2716 2216 2772 75

621 2802 672 2856 in
695 2799 879 2873 Joan.,
901 2821 956 2857 n.
985 2805 1075 2875 5).

620 2915 962 2974 CCCLXVIII
987 2917 1164 2992 [Alias
1185 2915 1502 2992 cccmt,
1529 2928 1652 2992 ante
1690 2918 1989 2976 CCCLXIV
2007 2921 2046 2992 ].
2082 2920 2108 2958 ιι
2136 2922 2215 2976 De

1072 2991 1174 3044 uite
1202 2998 1251 3045 el
1281 2989 1577 3061 palmitibus
1607 2990 1747 3044 vitis.

693 3080 768 3135 lia
803 3088 928 3136 sunt
959 3081 1012 3136 in
1058 3080 1169 3137 vite
1214 3079 1464 3152 palmites
1489 3121 1504 3146 ,
1532 3090 1592 3135 ut
1617 3081 1712 3137 viti
1744 3081 1879 3137 nihil
1909 3084 2207 3153 conferant,

2325 1897 2434 1938 non
2473 1891 2766 1951 utrumque
2799 1879 3089 1935 dicendum
3113 1878 3204 1946 sit,
3224 1877 3365 1948 quod
3385 1876 3668 1932 verissime
3687 1876 3864 1946 simplex

2326 1984 2381 2030 et
2413 1989 2580 2030 unum
2626 1982 2728 2030 est.
2758 1972 2932 2029 Habet
2958 1971 3102 2028 enim
3131 1970 3292 2026 Pater
3318 1970 3482 2025 vitam
3506 1969 3557 2024 in
3588 1970 3862 2038 semetipso;

2325 2083 2426 2123 nec
2453 2067 2598 2122 aliud
2630 2079 2712 2122 est
2733 2067 2850 2136 ipse
2879 2079 3042 2136 quam
3077 2063 3212 2131 vita,
3241 2079 3362 2135 qua:
3389 2063 3441 2118 in
3472 2063 3569 2117 illo
3593 2071 3678 2118 est
3699 2080 3710 2114 :
3731 2073 3780 2117 et
3803 2061 3864 2116 de-

2322 2160 2398 2217 dit
2425 2161 2562 2217 Filio
2585 2160 2789 2217 habere
2818 2160 2982 2215 vitam
3008 2160 3062 2214 in
3091 2158 3426 2228 semetipso;
3457 2159 3561 2213 hoc
3589 2166 3696 2224 est,
3722 2156 3863 2226 genuit

2324 2253 2548 2323 Filium,
2573 2253 2665 2324 qui
2694 2261 2750 2309 et
2779 2254 2893 2323 ipse
2921 2261 2943 2289 τ
2979 2251 3088 2306 vita
3108 2259 3272 2306 esset.
3297 2248 3390 2305 Sic
3431 2249 3610 2318 itaque
3649 2247 3862 2303 debemus

2323 2348 2571 2418 accipere
2618 2345 2763 2417 quod
2793 2345 2861 2401 de
2893 2344 3097 2414 Spiritu
3148 2353 3337 2399 sancto
3391 2341 3594 2396 dictum
3641 2349 3742 2406 est,
3776 2338 3860 2393 Non

2321 2442 2455 2493 enim
2485 2439 2718 2510 loquetur
2741 2455 2773 2491 a
2801 2437 3070 2508 semetipso
3095 2477 3109 2501 ,
3154 2435 3245 2490 sed
3290 2450 3624 2505 quiscumque
3663 2433 3857 2494 audierit,

2321 2531 2555 2602 loquetur
2582 2527 2767 2601 (Joan.
2806 2543 2920 2593 xvt,
2947 2528 3086 2596 l3);
3114 2537 3172 2581 ut
3214 2526 3597 2596 intelligamus,
3640 2539 3739 2579 non
3773 2536 3858 2578 eum

2320 2639 2440 2679 esse
2467 2640 2495 2677 a
2519 2621 2832 2693 semetipso.
2861 2621 3024 2677 Pater
3047 2621 3247 2691 quippe
3275 2619 3424 2676 solus
3445 2619 3512 2674 de
3534 2618 3645 2673 alio
3666 2633 3761 2672 non
3785 2625 3855 2672 est.

2317 2714 2451 2772 Nam
2481 2725 2535 2772 et
2564 2715 2731 2771 Filius
2751 2714 2820 2770 de
2844 2714 3006 2770 Patre
3026 2723 3185 2770 natus
3212 2723 3320 2780 est,
3343 2723 3402 2769 et
3421 2712 3659 2784 Spiritus
3683 2721 3856 2766 sanctus

2317 2807 2384 2864 de
2408 2807 2568 2864 Patre
2602 2817 2623 2845 ι
2661 2808 2907 2878 procedit
2936 2823 2951 2860 :
2983 2805 3146 2862 Pater
3188 2813 3371 2861 autem
3403 2818 3501 2860 nec
3532 2814 3688 2859 natus
3721 2813 3792 2859 est
3815 2800 3856 2856 dt

2316 2904 2445 2971 alio,
2476 2919 2576 2960 nec
2619 2901 2888 2974 procedit.
2911 2899 3019 2956 Nec
3049 2900 3173 2956 ideo
3211 2913 3343 2954 sane
3369 2898 3546 2968 aliqua
3577 2896 3856 2967 disparilitas

2317 2997 2375 3050 in
2406 3009 2616 3050 summa
2642 2994 2732 3050 illa
2761 2993 3028 3049 Trinitate
3073 2989 3386 3062 cogitationi
3425 2999 3673 3045 occurrat
3711 2988 3857 3042 buma-

2319 3102 2402 3142 ηπ
2435 3103 2448 3142 :
2481 3086 2603 3158 quia
2643 3095 2697 3142 et
2729 3085 2895 3141 Filius
2921 3085 2970 3140 ei
2996 3083 3066 3140 de
3111 3099 3218 3154 quo
3241 3091 3399 3137 natus
3447 3090 3552 3148 est,
3585 3089 3638 3135 et
3660 3078 3855 3150 Spiritus

620 3171 714 3227 sed
759 3171 885 3228 inde
909 3171 1175 3244 accipiant
1199 3172 1348 3228 unde
1374 3173 1584 3228 vivant.
1618 3171 1708 3229 Sic
1744 3176 1946 3245 quippe
1974 3175 2099 3232 vitis
2126 3186 2211 3232 est
2237 3179 2284 3244 (ζ
2315 3188 2531 3234 sanctus
2559 3177 2611 3234 ei
2649 3177 2717 3233 de
2745 3192 2852 3248 quo
2880 3176 3145 3248 procedit,
3179 3174 3400 3246 aequalis
3431 3183 3515 3230 est
3548 3174 3708 3246 (Aug.
3736 3179 3852 3225 tract.

619 3265 670 3318 in
696 3265 1039 3337 palmitibus,
1073 3274 1132 3322 ut
1155 3265 1321 3323 vitale
1349 3265 1672 3322 alimentum
1707 3268 2081 3325 subministret
2107 3272 2210 3340 eis,

617 3373 724 3416 non
755 3369 936 3415 sumat
960 3359 1029 3417 ab
1053 3359 1154 3417 eis.
1178 3359 1257 3416 Ac
1281 3375 1379 3431 per
1405 3357 1509 3415 hoc
1537 3369 1591 3416 et
1615 3369 1923 3417 manentem
1954 3361 2008 3418 in
2039 3378 2098 3419 se
2117 3363 2215 3418 ba-

617 3450 749 3509 bere
775 3450 1074 3520 Christum,
1105 3462 1160 3510 et
1183 3467 1404 3509 manere
1433 3453 1486 3507 in
1513 3451 1750 3522 Christo,
1779 3454 2059 3525 discipulis
2087 3472 2214 3529 pro-

615 3543 738 3600 dest
765 3553 1077 3618 utrumque,
1101 3559 1209 3602 non
1234 3545 1478 3601 Christo.
1502 3545 1635 3601 Nam
1655 3548 1883 3616 praeciso
1912 3550 2072 3623 602
2096 3553 2212 3621 pal-

616 3637 768 3706 mite,
793 3647 970 3708 potest
1000 3637 1070 3694 de
1113 3639 1232 3694 viva
1259 3637 1446 3694 radice
1487 3637 1627 3693 alius
1655 3638 1923 3709 pullulare
1950 3658 1961 3692 :
1992 3644 2082 3712 qui
2109 3658 2208 3699 au-

613 3740 720 3786 tem
749 3730 1010 3800 praecisus
1050 3739 1154 3797 est,
1173 3730 1292 3787 sine
1315 3730 1496 3786 radice
1522 3745 1628 3786 non
1648 3740 1827 3802 potest
1843 3732 2023 3789 vivere
2045 3735 2203 3809 (Aug.

613 3830 764 3878 tract.
797 3821 862 3879 8i
895 3823 948 3878 in
975 3822 1134 3879 Joan.
1197 3841 1253 3878 n.
1285 3823 1348 3890 ‘l;
1377 3839 1493 3879 can.
1520 3821 1590 3876 24
1618 3839 1760 3879 conc.
1792 3827 1981 3882 Araus.
2011 3824 2096 3897 tt).

679 4075 707 4104 κ
733 4062 1063 4136 Scripsimus
1091 4064 1371 4136 colligitur,
1417 4065 1537 4120 loco
1565 4064 1713 4119 vocis
1743 4067 2034 4135 pollicetur,
2068 4080 2188 4136 quas

609 4136 664 4192 in
688 4144 844 4191 antea
859 4133 1027 4189 editis
1049 4133 1348 4204 legebatur,
1380 4137 1702 4191 auctoritate
1733 4133 1867 4189 mss.
1899 4133 2109 4204 Remig.
2134 4144 2190 4190 et

607 4206 742 4270 Jol.,
771 4215 827 4261 et
850 4205 974 4275 quia
999 4205 1050 4258 id
1081 4219 1295 4275 quoque
1323 4207 1373 4259 in
1397 4206 1640 4275 margine
1667 4205 1974 4260 indicarunt
2001 4221 2188 4260 omnes

609 4274 880 4332 editiones
905 4290 937 4346 a
965 4274 1310 4346 Lugdunensi
1341 4279 1510 4330 veteri
1527 4274 1602 4329 ad
1638 4276 1874 4342 ultimas,
1907 4288 1958 4332 et
1990 4277 2042 4331 in
2071 4276 2190 4332 loco

610 4347 892 4418 Augustini
922 4344 1172 4402 habetur.

679 4416 706 4459 1³
738 4417 815 4473 Ita
840 4433 942 4471 ms.
973 4416 1080 4473 Jol.
1099 4416 1227 4481 Alii,
1259 4415 1333 4469 De
1355 4414 1594 4483 petitione
1621 4417 1901 4472 contraria.

683 4500 704 4528 ε
739 4488 838 4558 Ms.
871 4486 1106 4558 Remig.,
1139 4490 1405 4558 acceperit.

679 4558 705 4596 ά
735 4557 923 4630 Colon.
954 4557 1062 4630 vet.
1085 4558 1239 4630 ερὶιη
1258 4557 1426 4630 possit
1457 4559 1579 4612 dare
1599 4566 1655 4611 ut
1685 4558 1955 4630 prapitius.

682 4639 706 4667 ⁸
737 4629 889 4684 Alias
909 4629 1062 4683 editi.
1095 4626 1172 4682 De
1195 4626 1482 4692 dilectione,
1501 4626 1746 4698 qumdaiti
1770 4626 2010 4685 addenda
2034 4629 2189 4686 duxi-

2315 3270 2466 3327 99in
2495 3268 2681 3337 Joan.,
2709 3287 2766 3324 n.
2787 3269 2877 3340 4).

2315 3386 2610 3444 CCCLXXI
2636 3386 2803 3459 [Alias
2823 3384 3144 3448 CCCLXIX,
3167 3392 3286 3439 ante
3304 3380 3718 3459 CCCLXVll]._‘
3747 3378 3854 3446 Quo-

2409 3459 2563 3513 modo
2592 3451 2739 3523 rutr,
2763 3468 2810 3512 et
2831 3472 2981 3524 ειιιτ,
3015 3466 3060 3511 et
3083 3471 3179 3510 εει·
3203 3496 3218 3519 ,
3244 3457 3572 3526 accipiantur
3596 3451 3651 3507 in
3673 3451 3790 3506 Deo.

2383 3549 2641 3619 Quamvis
2689 3558 2876 3606 natura
2906 3546 3365 3605 incommutabilis
3401 3562 3508 3601 non
3541 3544 3754 3616 accipiat
3782 3541 3852 3611 {sit

2314 3653 2366 3699 et
2395 3643 2513 3706 erit,
2566 3639 2661 3696 sed
2709 3648 2938 3704 tantum,
2967 3648 3084 3693 est:
3117 3639 3230 3708 ipsa
3280 3637 3422 3693 enim
3477 3637 3732 3692 veraciter
3764 3642 3847 3694 est,
3940 3690 3941 3699 χ

2315 3733 2439 3806 quia
2463 3733 2621 3787 aliter
2645 3745 2806 3802 quam
2829 3739 2933 3798 est,
2958 3745 3079 3786 esse
3104 3744 3212 3785 non
3239 3738 3413 3800 potest
3444 3747 3456 3782 :
3479 3739 3653 3784 tamen
3677 3735 3848 3796 praptet

2314 3824 2726 3883 mutabilitatem
2756 3833 3058 3895 temporum
3077 3863 3093 3890 ,
3123 3823 3176 3878 in
3206 3821 3403 3892 quibus
3431 3828 3676 3877 versatur
3701 3826 3848 3874 nostra

2372 4065 2393 4101 ¹ι
2429 4065 2722 4128 Hactenus,
2749 4062 2826 4117 De
2851 4063 3145 4132 palmitibus
3173 4061 3308 4116 vitis.
3336 4061 3439 4118 Ms.
3463 4061 3596 4129 Jol.,
3623 4058 3844 4128 Quomodo

2299 4137 2398 4192 sint
2428 4137 2480 4188 in
2511 4137 2608 4188 vite
2638 4135 2890 4200 palmites.

2308 4281 2319 4291 .
2377 4209 2398 4291 ‘_
2427 4208 2524 4260 Ms.
2553 4203 2825 4291 J‘oliensis,
2859 4203 2937 4258 De
2959 4222 3016 4258 eo
3046 4204 3182 4275 quod
3213 4203 3460 4274 scriptum
3495 4214 3592 4269 est,
3620 4201 3735 4256 Noli
3757 4215 3842 4253 esse

2291 4281 2462 4350 justus
2481 4277 2723 4330 multum.

2371 4358 2409 4385 ω
2438 4347 2530 4426 Sic
2559 4345 2913 4426 ms._Remig.
2947 4355 3002 4400 et
3028 4346 3159 4426 edit.
3184 4344 3444 4426 appetiti.
3479 4341 3838 4426 Augushjutta

2300 4420 2552 4474 eumdem
2579 4417 2632 4471 in
2662 4416 2817 4471 Joan.
2855 4417 3022 4471 Evan.
3047 4417 3146 4471 Ms.
3176 4417 3306 4480 Jol.,
3341 4415 3493 4482 Quod
3521 4415 3840 4484 nonestjusti-

2221 4483 2276 4546 Ι)
2301 4492 2394 4544 tia.
2427 4490 2620 4543 Crateri
2648 4487 2884 4554 codices,
2917 4487 3173 4554 Quoniant
3201 4503 3303 4540 non
3327 4495 3420 4539 est.

2370 4570 2398 4596 ιι
2422 4559 2621 4615 Vocem
2650 4559 2787 4612 hanc
2813 4553 2961 4610 nimis
2989 4557 3233 4611 addimus
3259 4573 3323 4611 ex
3351 4570 3454 4610 ms.
3479 4555 3673 4622 Remig.
3697 4564 3739 4606 et
3765 4553 3837 4602 lo-

2298 4630 2480 4686 liensi.
2514 4630 2816 4696 Augustino
2855 4629 3090 4693 dicente,
3123 4627 3346 4680 Multum
3386 4627 3521 4680 enim
3557 4643 3608 4680 se
3639 4625 3748 4694 facit
3767 4623 3836 4690 ju»

608 4715 728 4755 mus
752 4698 971 4754 ma'oris
998 4699 1388 4767 perspicuitatis
1412 4701 1606 4769 gratia.
1637 4700 1733 4754 Ms.
1767 4700 1870 4755 Jol.
1906 4716 2002 4772 pro
2031 4701 2190 4758 titulo
2297 4713 2449 4763 stum,
2473 4703 2558 4770 qui
2588 4702 2709 4752 dicit
2729 4716 2782 4753 se
2804 4717 2904 4751 non
2926 4699 3108 4751 habere
3132 4709 3412 4767 peccatum.

608 4772 787 4833 habet,
821 4717 922 4837 Qui
950 4769 1118 4837 diligit
1143 4771 1389 4837 diligetur
1412 4788 1443 4822 α
1474 4769 1631 4825 Patre
1655 4786 1790 4837 meo,
1821 4780 1926 4826 etc.
2370 4783 2394 4807 ο
2424 4773 2498 4826 Ita
2521 4786 2622 4825 ms.
2652 4769 2760 4825 Jol.
2791 4769 3027 4835 Reliqui,
3057 4767 3136 4822 De
3155 4769 3412 4837 simplicia

607 4772 787 4842 habet,
821 4769 922 4842 Qui
950 4769 1118 4842 diligit
1143 4771 1389 4842 diligetur
1412 4788 1443 4822 α
1474 4769 1635 4842 Patre,
1655 4786 1790 4839 meo,
1817 4769 1926 4842 etc.

681 4841 701 4880 ί
735 4842 835 4897 Ms.
859 4840 1069 4910 Remig'.
1106 4841 1190 4894 hic
1219 4840 1408 4894 inserit
1435 4841 1599 4895 verba
1626 4841 1725 4896 ista
1748 4883 1761 4906 ,
1795 4840 1929 4907 Quid
1958 4853 2032 4898 est
2060 4842 2185 4898 dili-

603 4929 750 4985 gam,
771 4924 820 4968 et
849 4912 1184 4985 manipslabo
1214 4928 1292 4985 me
1327 4914 1514 4985 ipsum.

681 4983 819 5040 ISic
849 4999 950 5038 ms.
993 4981 1105 5037 'Jol.
1147 4982 1495 5037 coulormiter
1524 4982 1692 5037 textui
1734 4983 2018 5053 Augustini
2068 4985 2190 5040 loco

524 5104 530 5106 _
601 5053 765 5110 citato
793 5055 900 5111 hic.
935 5053 1128 5109 Colon.
1151 5063 1259 5108 vet.
1290 5053 1445 5118 edit,
1484 5054 1752 5120 Quomodo
1782 5057 2190 5124 inseparabiliter

603 5136 900 5193 operantur,
931 5125 1282 5196 separabiltter
1306 5125 1614 5195 diliguntur,
1638 5126 1776 5179 forte
1801 5141 1897 5193 pro
1928 5126 2193 5196 diligunt?

605 5197 708 5252 Alii
735 5196 972 5262 Codices,
1005 5195 1130 5251 Cum
1173 5195 1584 5267 inseparabiliter
1606 5207 1900 5267 operentur,
1934 5195 2189 5266 quomodo

601 5267 952 5337 aeparabiliter
972 5267 1238 5337 diligunt?

674 5335 703 5409 ξ
732 5337 832 5391 Ms.
856 5335 1089 5408 Remig.,
1115 5339 1182 5391 ad
1198 5337 1295 5392 hoc
1318 5338 1505 5409 diligit.
1523 5337 1629 5393 Alii
1650 5351 1840 5393 omnes
1873 5345 1994 5408 post
2022 5340 2185 5409 Aug.,

604 5407 808 5460 dilexit.

681 5476 826 5550 ‘Ms.
856 5475 1090 5550 Remig.,
1124 5481 1368 5534 mandata
1407 5482 1548 5550 ﬁdei.
1586 5479 1691 5535 Jol.
1725 5493 1852 5547 ms.,
1883 5481 2185 5534 mandatum

603 5547 750 5618 ﬁdei,
779 5556 833 5601 ut
861 5548 914 5623 in
945 5547 1168 5623 August.
1192 5622 1197 5623 γ
1219 5547 1431 5616 Caneri,
1472 5553 1767 5604 mandatum
1793 5554 1906 5623 ejus
1938 5567 1957 5606 :
1987 5553 2078 5622 qui
2105 5562 2185 5605 ta-

599 5635 728 5676 men
757 5619 1055 5690 mandatum
1083 5621 1200 5683 ﬁdei
1225 5623 1277 5675 in
1309 5637 1400 5676 ora
1426 5623 1549 5677 liliri
1586 5619 1894 5690 indigitaiit.

673 5691 688 5742 l
729 5689 827 5745 Ms.
860 5687 990 5759 ἔοι..
1014 5693 1153 5763 quod
1200 5709 1298 5748 non
1339 5694 1586 5750 videmus.
1610 5687 1727 5748 Αιιῖ
1746 5700 1802 5748 ut
1853 5694 1905 5750 in
1949 5700 2097 5750 textu
2129 5701 2182 5748 et

598 5763 828 5833 August.

2370 4783 2394 4807 ο
2424 4767 2498 4826 Ita
2521 4786 2622 4825 ms.
2652 4769 2760 4825 Jol.
2791 4769 3027 4840 Reliqui,
3057 4767 3136 4822 De
3155 4769 3501 4840 simplicitate.

2367 4855 2394 4891 p
2426 4843 2552 4896 Mss.
2586 4842 2798 4911 Remig.
2829 4853 2881 4894 et
2909 4839 3044 4904 λοι..
3075 4850 3121 4892 et
3153 4839 3258 4911 non
3283 4855 3451 4911 nosse.

2369 4913 2552 4999 «Sola
2577 4909 2952 4999 editio‘Colon.
2986 4922 3092 4999 vet;
3122 4910 3270 4999 add‘it
3297 4909 3720 4999 liic,Ls'ubst'¢lt_ntia,
3743 4917 3834 4972 qua
3905 4927 3907 4999 ι

2297 4985 2350 5040 in
2373 4984 2492 5038 aliis
2513 4983 2762 5036 omnibus
2787 4997 2856 5038 ex
2885 4980 3314 5050 praecedentibus
3341 4979 3759 5050 subiutelligitur.

2371 5053 2526 5151 t'Alii
2561 5054 2816 5151 lpudicos,
2854 5048 2962 5151 pila
2994 5062 3085 5151 est:
3119 5051 3218 5106 Ms.
3248 5050 3462 5119 Remig.
3488 5059 3604 5120 post
3642 5048 3830 5114 August.
3901 5079 3903 5151 ι

2295 5125 2349 5181 in
2378 5126 2534 5180 Juun.
2561 5125 2784 5193 Evaug.,
2816 5124 2917 5176 vita
2944 5131 3094 5177 esset.

2370 5206 2390 5234 ι
2426 5198 2522 5251 Ms.
2556 5185 2765 5256 Remi}.
2814 5193 2901 5248 hic
2946 5193 3095 5247 addit
3124 5203 3171 5246 et
3197 5189 3377 5252 Filio;
3408 5199 3465 5246 et
3513 5189 3674 5256 infra,
3705 5188 3764 5240 eis
3787 5185 3833 5234 de

2293 5269 2475 5338 quibus
2502 5265 2749 5338 procedit.
2777 5264 2908 5332 Quae
2933 5278 3054 5338 eum
3087 5279 3188 5318 nec
3227 5264 3281 5338 in
3308 5263 3427 5338 aliis
3447 5261 3733 5338 codicibus.
3759 5268 3832 5338 nec

2294 5332 2348 5393 in
2374 5332 2647 5408 ipso'Aug.
2674 5335 3212 5408 Tractatulegantur,
3235 5334 3484 5408 videntur
3510 5332 3833 5408 additamenta

2289 5401 2482 5464 scribae
2507 5401 2872 5462 amanuensis.
2904 5401 3138 5460 Maxime
3159 5419 3283 5458 cum
3312 5405 3500 5458 eodem
3529 5401 3732 5471 quidem
3756 5412 3837 5450 tra-

2289 5488 2458 5542 etatu,
2482 5479 2574 5534 sed
2605 5487 2725 5548 post
2756 5477 2922 5531 multa
2968 5476 3301 5548 interposita,
3331 5489 3586 5543 expre~ae
3625 5471 3838 5548 instituat

2291 5550 2350 5607 S.
2403 5543 2890 5618 Doctor-probare,
2923 5546 3066 5617 quod
3113 5545 3348 5618 Spiritus
3379 5553 3594 5600 sanctus
3634 5543 3780 5598 etiam
3816 5550 3836 5587 ti

2289 5620 2427 5675 Filio
2456 5620 2719 5677 procedit.

2288 5636 2940 5816 Σιῖοῗῗέοιξιῗιὶειίεηεὶεσ
2977 5691 3079 5749 Alii
3113 5690 3272 5756 libri,
3319 5689 3398 5747 De
3441 5682 3834 5759 internparalitatt

2325 5778 2368 5816 ei
2394 5778 2424 5816 a
2450 5780 2512 5816 is.

2325 5765 2512 5824 citatis.

3889 5157 3901 5609 l

3869 5925 3881 6237 ί
