4006 6356
564 455 688 514 XIX
719 464 742 495 ⁸
758 455 837 512 De
868 463 1095 527 angusta
1120 454 1239 510 vita
1261 454 1367 511 eia.

241 554 485 622 Angusta
522 560 605 622 est
636 549 886 622 via__qu:e
916 548 1067 603 ducit
1095 548 1161 622 ad
1206 549 1371 602 vitam
1402 543 1454 601 ³.
1479 546 1544 602 Et
1581 553 1762 622 tamen

243 641 271 679 r
312 618 524 690 ipsam,
557 621 656 675 nisi
705 618 931 675 dilatato
978 620 1163 680 corde.
1198 635 1305 673 non
1351 623 1606 690 curritur,
1638 618 1764 686 quia

1277 330 1833 393 EPIGRAMMATUM
1870 333 2072 393 LIBER
2110 336 2317 398 UNUS.

1785 454 1844 519 Α
1935 450 2223 511 Exoritur:
2254 452 2442 511 nullus
2466 452 2526 509 ﬁt
2554 451 2729 510 bonus
2752 450 2961 519 absque
2988 443 3011 489 ι
3042 448 3217 505 Bono.

3349 325 3457 393 ιοο

2154 542 2345 601 XXIII.
2389 544 2465 599 De
2507 543 2830 610 passionibus
2856 551 3171 597 sanctorum.

1937 638 2091 696 Iusto
2135 638 2340 706 judicio
2386 638 2479 695 Dei
2530 639 2688 695 datur
2715 638 3033 708 plerumque
3079 634 3456 707 peccatoribus

193 689 1764 786 ﬁ"Y‘F!9£P:F.:.f!2‘t.¥£““it'.‘ilff'.Pf?!i‘?ﬁ€‘.£"§ill:.§.‘f§:
1864 717 1907 749 ·
1934 689 2497 786 ὂίὶίὸῖε,ἱ)ἷ›ιὲέὶῖιεῖιιὶὸ
2521 689 3381 779 sine;'iiiéiiis‘virsi-«iuamdri
3395 689 3456 763 ῐιὶ

113 784 119 841 ς
170 769 312 854 plum
338 777 422 854 est
446 765 688 820 ﬁdelium
712 761 859 834 spei,
884 765 1047 818 etiam
1073 766 1120 817 si
1143 770 1349 818 arctum
1370 762 1442 818 sit
1471 761 1763 819 inﬁdelium

1910 761 2199 854 υἷ’έρίιῖῑῦἶ
2214 761 2314 837 Dei
2333 761 2375 820 ἱ
2400 761 2735 854 manus:
2751 761 3164 853 έὲῖιὶῐίυὶξὶῖάιίι
3184 761 3457 851 perlaon

170 840 416 893 vanitati.

169 928 325 985 Arcta
349 929 435 981 via
458 934 542 983 est
569 942 713 983 rem
739 942 859 998 qua:
888 926 1037 983 ducit
1066 926 1133 982 ad
1163 929 1298 982 atria
1325 927 1471 997 vitas,

150 1088 155 1097 .
236 1021 349 1077 Nec
381 1022 580 1091 recipit
607 1020 788 1075 carnis
824 1020 1022 1091 gaudia
1048 1020 1245 1076 mentis
1280 1022 1406 1076 iter.

168 1116 374 1185 Amplts
416 1113 622 1170 incedit
649 1117 882 1183 spatiisc
915 1124 1128 1169 terrena
1160 1115 1431 1186 voluptas,

236 1212 486 1279 Augusto
518 1211 691 1261 virtus
722 1208 893 1263 limite
918 1209 1058 1263 celsa
1106 1211 1260 1278 petit.

171 1299 235 1354 Et
263 1309 451 1355 tamen
483 1300 536 1354 lii
566 1300 754 1365 calles,
779 1316 919 1371 quos
950 1302 1136 1357 mundi
1170 1318 1306 1356 vana
1340 1312 1650 1372 pavescant,

233 1390 493 1461 Quardam
527 1393 827 1463 magniﬁcis
853 1410 1071 1465 aequora
1100 1406 1224 1449 sunt
1254 1396 1469 1449 animis.

169 1483 525 1556 Ditticilisqne
555 1488 718 1541 nimis
759 1502 852 1557 per
878 1488 1045 1554 dura,
1077 1486 1104 1524 ἀ
1126 1504 1220 1558 per
1248 1488 1415 1542 ardua
1444 1502 1684 1560 gressus,

233 1580 596 1637 Commendat
625 1582 749 1637 lidei
781 1583 923 1652 quod
956 1583 1197 1639 tolerare
1219 1582 1393 1653 juvat.

386 1676 510 1734 XX.
547 1677 619 1733 De
654 1677 868 1747 praemio
898 1674 1204 1732 Christianae
1233 1678 1517 1749 religionis.

236 1771 349 1826 Hoc
386 1770 582 1825 aIIecttt
622 1781 675 1824 et
708 1772 807 1823 hoc
856 1770 1132 1824 desiderio
1169 1771 1428 1825 colendus
1466 1781 1548 1826 est
1583 1771 1755 1835 Deus,

1873 853 1993 910 rum
2024 853 2280 910 exetcittu
2317 853 2597 909 clariores.

1865 945 2019 1015 Quod
2043 946 2361 1016 plerumque
2386 947 2510 999 mali
2539 946 2591 999 in
2621 954 2838 1001 sanctos
2862 944 3057 1001 saevire
3077 942 3358 1008 sinuntur.

1938 1042 2200 1111 Quodque
2232 1043 2388 1095 bonis
2424 1040 2571 1110 pravi
2598 1056 2741 1111 sa'pe
2770 1056 2969 1096 nocere
2992 1048 3238 1111 queunt;

1867 1136 2086 1208 Absque
2115 1136 2206 1190 Dei
2238 1146 2367 1189 nuttt
2398 1151 2501 1189 nott
2528 1134 2607 1202 lit,
2626 1135 2716 1204 qui
2738 1133 2899 1190 corda
2928 1147 3172 1199 suorum,

1935 1230 2029 1286 llis
2057 1231 2219 1284 etiam
2252 1228 2408 1284 bellis
2435 1227 2787 1299 gloriﬁcanda
2816 1228 3026 1297 probat.

1862 1324 2130 1381 Crescunt
2158 1326 2415 1377 virtutum
2444 1323 2658 1393 palmae,
2686 1333 3043 1387 crescuntque
3064 1333 3309 1385 corona.

1937 1425 1963 1453 °
1995 1418 2273 1472 Mutantur
2304 1417 2484 1469 tnundi
2530 1414 2713 1485 prmlia
2745 1429 2878 1483 pace
2911 1412 3025 1469 D‘ei.

2283 1506 2472 1563 XXIV.
2504 1517 2531 1557 Ρ
2556 1504 2634 1562 De
2669 1507 2883 1562 scienti:
2904 1505 3040 1560 boni.

1934 1603 2049 1660 Non
2081 1612 2160 1657 est
2190 1619 2317 1657 vera
2348 1601 2571 1656 scientia
2624 1600 2749 1655 boni
2773 1643 2786 1663 ,
2832 1600 2933 1654 nisi
2964 1597 3029 1652 ad
3079 1595 3183 1652 hoc
3209 1608 3455 1664 compre-

1869 1677 2171 1741 hendatur,
2204 1689 2256 1728 ut
2288 1687 2493 1737 agatur.
2529 1684 2557 1723 tt
2590 1672 2701 1727 Non
2749 1672 2892 1727 enim
2921 1672 3125 1724 utiliter
3168 1668 3457 1741 meditatur

1863 1747 2034 1829 legem
2086 1735 2365 1829 Deiuoui
2414 1745 2626 1799 laborat
2673 1753 2728 1797 ut
2769 1742 3034 1798 memoria
3092 1747 3273 1795 teneat
3314 1735 3457 1809 quod

170 1852 223 1898 ut
253 1846 338 1897 sui
370 1847 550 1897 cultus
577 1842 711 1916 ipse
758 1853 824 1894 sit
856 1857 1087 1916 merces.
1134 1842 1264 1896 Nam
1297 1845 1384 1912 qui
1421 1818 1760 1897 oéﬁ...’i[ié&

1910 1822 2078 1873 :tione
2100 1832 2205 1873 non
2238 1818 2454 1886 implet.

170 1916 322 1972 colit.
355 1928 411 1968 ut
446 1914 587 1967 aliud
620 1928 790 1983 mzog-s
817 1929 975 1977 uittam
1006 1911 1179 1982 ipsum
1233 1911 1622 1982 promeseatur,
1651 1931 1757 1969 non

176 1985 340 2043 Deum
368 1987 518 2047 ι-οιὶι,
550 1984 643 2039 sed
676 1983 726 2037 id
755 1990 895 2054 quod
925 1988 1136 2055 assequi
1164 1990 1513 2053 cunt-opisctt.

171 2079 277 2134 Ilac
302 2078 567 2134 desiderii
598 2077 739 2132 Deus
762 2088 847 2133 est
878 2079 1078 2146 pietate
1105 2078 1391 2142 colendus,

240 2171 475 2228 Iustitiae
502 2180 563 2226 ut
593 2186 802 2227 merces
830 2181 941 2225 tota
968 2172 1039 2225 sit
1068 2170 1183 2240 ipse
1215 2171 1378 2225 Deus.

173 2267 301 2323 Nam
340 2280 570 2337 sperans
594 2265 700 2321 alio
724 2280 784 2320 se
816 2280 1039 2320 munere
1071 2280 1228 2331 posse
1260 2264 1439 2331 beari,

238 2361 357 2417 Non
391 2368 415 2398 ο
435 2361 579 2431 quod
610 2361 779 2430 poscit
807 2368 972 2426 amat,
997 2359 1091 2413 sed
1121 2358 1262 2430 quod
1292 2358 1494 2413 habere
1520 2356 1687 2429 cupit.

474 2452 622 2510 XXI.
655 2453 733 2507 De
762 2449 977 2508 occultis
1007 2469 1107 2507 non
1128 2451 1452 2524 judicaudis.

245 2550 314 2604 De
348 2549 575 2603 oceultis
606 2548 784 2601 cordis
816 2546 975 2600 alieni
1027 2554 1231 2599 temere
1271 2544 1515 2614 judicare
1565 2558 1761 2612 pecca-

168 2631 276 2677 tum
307 2634 417 2680 esu
442 2632 496 2674 et
518 2635 640 2673 eum
673 2622 827 2687 cujus
864 2635 968 2670 non
1003 2619 1257 2670 Videntur
1276 2631 1435 2681 opera
1464 2616 1565 2668 nisi
1597 2618 1759 2687 bona,

171 2709 231 2749 es
267 2693 580 2760 Sttspicioiie
612 2685 1010 2759 reprehendere
1032 2688 1273 2757 iniquum
1305 2688 1573 2760 eanutn
1604 2685 1621 2760 I
1655 2702 1765 2760 eo-

170 2779 284 2819 rum
322 2758 441 2834 quae
475 2758 681 2834 homini
728 2769 854 2814 sunt
902 2760 1167 2830 incognita
1213 2759 1357 2813 solus
1412 2758 1551 2813 Deus
1597 2758 1762 2830 judex

175 2837 242 2891 sit
266 2833 467 2904 justus,
500 2833 594 2904 qni
622 2841 679 2887 et
706 2836 979 2900 inspector
1007 2840 1091 2886 est
1118 2846 1300 2885 verus.

173 2929 398 2999 Culpare
417 2930 470 2984 in
488 2942 761 2999 quoquam
781 2943 899 2996 quae
919 2941 1023 2980 non
1038 2935 1164 2980 sunt
1186 2933 1331 2990 nota,
1349 2925 1641 2995 malignum
1659 2934 1762 2989 est,

238 3023 555 3089 Prmsertim
588 3024 669 3077 lsi
698 3037 819 3093 qua:
851 3021 1064 3091 cognita
1096 3032 1221 3075 sunt
1249 3021 1386 3073 bﬂlta
1415 3030 1559 3073 sunt.

177 3115 284 3173 Non
318 3125 539 3187 pateant
570 3114 754 3169 faciles
780 3114 938 3167 smvis
965 3114 1274 3168 rumoribus
1300 3128 1478 3167 aures.

240 3212 367 3279 Qua
396 3225 615 3265 nescire
636 3209 809 3278 juvat,
836 3208 1060 3263 credo-re
1087 3223 1190 3261 non
1224 3207 1411 3261 libeat.

173 3302 514 3375 Linqnantnr
542 3310 750 3357 secreta
782 3299 913 3365 Deo,
941 3302 1032 3369 qui
1064 3300 1106 3353 si
1136 3299 1262 3369 quid
1296 3305 1545 3367 Opertum
1576 3308 1659 3351 est

236 3396 480 3471 Inspicit,
506 3404 562 3451 et
592 3394 757 3449 nullis
785 3390 1028 3464 indigetlI
1064 3391 1299 3446 indiciis.

603 3484 770 3541 XXII.
808 3484 882 3539 De
905 3484 1166 3551 adiutorio
1198 3482 1310 3536 Dei.

242 3582 424 3638 Divini
468 3588 553 3633 est
582 3578 852 3641 muneris,
892 3576 1046 3630 icum
1074 3586 1128 3631 et
1168 3584 1312 3631 recta
1353 3574 1683 3643 cogitamus,
1714 3580 1771 3628 et

174 3656 333 3723 pedes
384 3662 609 3707 nosnos
644 3665 678 3723 a
721 3649 950 3703 falsitate
992 3657 1046 3701 et
1098 3648 1355 3723 inlumina
1406 3646 1764 3723 continemus.

172 3718 391 3794 Quames
442 3725 589 3777 enim
642 3722 778 3776 bona
826 3734 1063 3789 agunus,
1099 3719 1114 3768 I
1146 3718 1289 3773 Deus
1320 3718 1373 3772 in
1407 3719 1561 3772 nobis
1609 3726 1769 3786 atque

177 3798 461 3851 nobiscum
494 3802 559 3847 ut
587 3807 876 3862 operemur
901 3801 1177 3859 operatur.

174 3889 333 3963 629
366 3889 487 3943 Non
519 3885 683 3941 dubie
708 3886 874 3939 nostri
902 3884 1038 3939 Deus
1062 3893 1142 3938 est
1175 3892 1230 3938 et
1261 3891 1462 3949 rector,
1489 3890 1544 3936 et
1567 3888 1776 3949 auctor,

246 3984 380 4040 Cum
411 3994 530 4036 teto
556 3978 753 4035 alfectu
779 3993 898 4049 qua:
930 3978 1067 4032 bona
1096 3986 1217 4032 sunt
1240 3976 1504 4048 gerimus.

179 4078 259 4133 Ex
286 4090 522 4149 operum
551 4074 732 4143 specie
760 4072 1046 4127 clarebunt
1071 4072 1254 4125 intima
1287 4070 1489 4134 cordis,

258 4166 287 4207 ι
308 4169 518 4239 Quisve
540 4164 774 4221 hominis
800 4174 1034 4218 mentem
1066 4162 1286 4233 spiritus
1308 4162 1450 4216 intus
1480 4161 1596 4215 alit.

177 4260 416 4321 Sanctus
446 4259 595 4317 enim
622 4268 839 4315 sanctos
868 4256 1016 4323 facit,
1040 4267 1095 4313 et
1115 4258 1183 4312 de
1209 4255 1414 4311 lumine
1445 4256 1628 4311 lumen

247 4399 387 4456 slis.
414 4397 549 4461 .Iol.,
576 4396 652 4452 De
677 4403 896 4469 angusta
925 4394 1025 4448 via.
1050 4394 1152 4451 Ms.
1186 4392 1420 4460 Theod.,
1455 4392 1534 4446 De
1557 4399 1780 4465 angusta

175 4481 225 4528 st
255 4482 403 4527 arcta
433 4472 535 4524 via.

247 4541 396 4596 ηις.
428 4540 617 4593 tiamh.
648 4539 798 4594 addit
825 4538 908 4592 hic
937 4551 1123 4591 vorem
1156 4547 1416 4591 (sternam.

255 4623 282 4653 ε
304 4614 406 4670 Ms.
442 4610 663 4673 Regius,
696 4621 769 4665 ter
800 4627 895 4665 ena
924 4608 1181 4663 voluntas.

248 4681 451 4740 dEdit.
518 4681 689 4753 Lugd.
739 4691 794 4736 et
844 4683 1174 4752 posteriores
1223 4680 1277 4734 in
1326 4694 1419 4734 ora
1474 4678 1635 4746 libri,
1691 4694 1781 4748 per

181 4772 396 4825 aspera.

256 4836 281 4864 ε
308 4828 408 4881 Ms.
441 4823 656 4887 Camb.,
687 4822 806 4877 Non
836 4841 982 4893 quem
1013 4824 1174 4892 poscit
1204 4834 1363 4877 amat.

258 4895 279 4935 ί
305 4898 486 4953 Etlitio
513 4895 672 4959 νειμ,
703 4912 879 4949 eorum
910 4911 1139 4965 operum.

253 4977 281 5015 Β
307 4968 383 5023 lta
415 4968 726 5037 disponitur
745 4962 951 5021 versus
968 4967 1018 5020 in
1049 4981 1179 5020 mss.
1205 4980 1303 5021 sex
1334 4971 1390 5020 et
1414 4964 1544 5021 edit.
1565 4962 1700 5020 Ven.
1726 4963 1779 5019 In

176 5039 333 5108 aliis,

314 5140 602 5191 Prmertim
626 5152 738 5203 qua:
762 5145 874 5189 sunt
896 5140 1112 5201 cognita,
1138 5138 1180 5187 sl
1201 5138 1329 5188 bona
1352 5146 1481 5188 sunt.

252 5243 436 5303 l'Mss.
472 5254 606 5313 tres,
636 5245 915 5299 indiribus.

260 5316 281 5355 ί
300 5318 409 5372 Ms.
439 5316 645 5370 Ttieod.
662 5358 675 5375 .
700 5332 813 5369 cum
843 5325 977 5369 recte
1000 5315 1299 5383 cogitamus.

260 5388 278 5439 i
308 5389 413 5443 Ms.
447 5388 606 5458 Iicg.,
635 5386 768 5442 Deus
794 5388 1055 5440 nobiscum
1090 5396 1182 5439 est.
1215 5386 1348 5440 hdﬂ.
1380 5385 1539 5447 ναι..
1565 5386 1618 5438 in
1640 5386 1785 5440 nobis

170 5471 288 5522 at;
320 5473 436 5513 tum
480 5470 729 5530 uterque,
753 5468 904 5529 atque
931 5458 1192 5512 nobiscum
1236 5469 1500 5527 operatur,
1527 5468 1579 5511 ut
1607 5473 1783 5529 opere-

173 5548 308 5587 mur
335 5547 455 5583 cum
481 5530 595 5585 illo.

250 5599 284 5641 ι
321 5601 425 5657 Ms.
451 5601 824 5669 Camh.,agat.
854 5600 994 5655 Editi
1012 5600 1165 5664 alias,
1197 5598 1385 5666 Quive.
1407 5640 1420 5655 .
1442 5642 1457 5656 .
1480 5640 1492 5656 .
1518 5600 1628 5654 alit.
1654 5599 1782 5657 Mss.

184 5686 459 5744 )tsgtrqtte,
499 5672 695 5739 Quidve
710 5711 722 5723 .
814 5712 827 5726 .
847 5674 973 5726 alat.

257 5741 282 5783 ι
317 5741 470 5814 Editi
495 5742 874 5803 communiter.
908 5746 1094 5814 absque
1126 5743 1252 5799 Deo.
1286 5744 1414 5800 Mss.
1452 5745 1617 5797 nostri
1664 5758 1780 5797 om-

173 5830 311 5879 nes,
349 5823 408 5885 et
433 5813 567 5869 Ven.
599 5814 790 5881 editio,
821 5816 1007 5885 absque
1026 5816 1177 5881 bona,
1205 5819 1406 5871 scilicet
1437 5816 1651 5883 Spiritu.

254 5894 308 5927 ⁸
341 5883 513 5946 Abest
554 5901 657 5945 vox
687 5885 825 5954 haec,
875 5883 1072 5960 optata,
1102 5904 1130 5944 ο
1160 5902 1289 5945 mss.
1335 5888 1508 5945 tribus
1546 5897 1599 5945 et
1644 5887 1776 5943 Ven.

1864 1911 1981 1968 Scit
2014 1912 2210 1981 legent,
2248 1910 2515 1980 docteque
2545 1915 2690 1963 tenet
2716 1908 2865 1977 iussa
2891 1904 3311 1976 Omnipotentis,

1943 2006 2043 2074 Qui
2070 2005 2213 2077 quod
2242 2010 2397 2060 novit
2425 2020 2611 2075 agens,
2646 2004 2818 2073 diligit
2846 2001 2900 2057 id
2922 2001 3064 2071 quod
3092 2000 3223 2070 agit.

1868 2098 1986 2157 Non
2016 2105 2148 2154 satis
2170 2109 2254 2154 est
2283 2099 2492 2153 Domini
2521 2108 2849 2167 praeceptum
2880 2096 3099 2150 volvere
3134 2092 3350 2163 lingua:

1936 2193 1988 2249 Is
2016 2194 2262 2250 meminit
2288 2195 2442 2264 legis,
2466 2196 2557 2263 qui
2588 2207 2797 2247 memor
2822 2197 2906 2245 est
2935 2188 3142 2260 operis.

2328 2306 2500 2362 XXV.
2546 2305 2626 2361 De
2651 2322 2824 2360 amore
2847 2304 2992 2376 legis.

1936 2397 2037 2465 Qui
2065 2397 2235 2468 legem
2268 2398 2363 2453 Dei
2390 2398 2589 2469 diligit,
2626 2399 2816 2466 probat
2844 2412 2903 2451 ce
2933 2406 2956 2434 τ
2991 2395 3044 2449 in
3070 2390 3329 2469 omnibus
3352 2389 3457 2445 ini-

1864 2463 1985 2541 quis
2010 2472 2060 2524 id
2091 2463 2232 2538 q'uod
2262 2481 2452 2523 contra
2478 2463 2649 2539 li-gem
2681 2480 2764 2524 est
2785 2469 2987 2531 odisse,
3030 2482 3135 2520 non
3185 2463 3453 2519 homines.

1865 2562 2065 2635 Legem
2096 2574 2421 2633 spernentes
2457 2564 2571 2619 odit
2595 2580 2715 2618 cum
2747 2562 2880 2630 legis
2908 2572 3139 2623 amator,

1940 2657 2054 2713 Non
2089 2658 2335 2712 homines
2363 2656 2501 2722 odit,
2531 2664 2553 2691 ⁸
2586 2656 2680 2712 sed
2713 2656 2966 2725 reprobat
2995 2654 3134 2724 quod
3162 2659 3347 2723 agunt.

2101 2772 2293 2828 XXVI.
2339 2772 2358 2809 ‘
2391 2771 2471 2827 De
2491 2770 2787 2826 scrutandis
2814 2770 3070 2823 mandatis
3097 2765 3213 2822 Dei.

1939 2875 1970 2905 ιι
1998 2866 2247 2922 Mandata
2282 2866 2374 2921 Dei
2408 2869 2638 2921 scrutari
2683 2867 2781 2919 nisi
2814 2864 2992 2934 quieta
3032 2877 3185 2917 mens
3230 2872 3336 2915 non
3364 2872 3460 2934 oo-

1870 2947 1999 2994 test.
2041 2939 2109 2995 Ut
2139 2954 2269 3006 ergo
2300 2940 2612 3004 religiosum
2656 2929 2974 2991 exerceatur
2999 2934 3257 2999 studium,
3290 2940 3317 2971 ν
3345 2929 3461 2987 abl-

1874 3011 2051 3082 gentia
2082 3010 2397 3081 suntjurgia
2430 3012 2806 3078 malignorum.

1874 3104 2118 3160 Scrutari
2147 3102 2318 3170 legem
2351 3112 2577 3170 pmsunt
2605 3114 2900 3169 utcumque
2930 3098 3134 3169 quieti,

1944 3195 2001 3250 Si
2034 3196 2217 3249 mnutli
2252 3210 2281 3247 a
2316 3195 2547 3263 strepitu
2580 3194 2745 3248 libera
2773 3190 2941 3246 corda
2969 3198 3183 3245 Vaceut.

1871 3285 1943 3345 Ut
1963 3302 2117 3342 mens
2138 3302 2266 3357 ergo
2296 3286 2397 3356 piis
2418 3286 2611 3341 studiis
2638 3290 2839 3339 intentu
2864 3283 3103 3353 juvetur,

1943 3390 1973 3420 ⁸
1998 3382 2187 3437 Prtelia
2221 3381 2444 3436 divinus
2472 3394 2669 3436 carnea
2697 3381 2872 3433 vincat
2899 3392 3072 3431 amor.

1876 3474 2009 3531 Nam
2042 3476 2300 3542 templum
2337 3474 2549 3528 Domini
2580 3488 2679 3542 per
2702 3487 2853 3527 sacra
2878 3470 3091 3524 silentia
3118 3466 3334 3530 crescit,

1944 3568 2011 3623 Et
2043 3566 2201 3622 tacite
2225 3575 2254 3615 γ
2285 3566 2517 3621 struitur
2552 3582 2660 3621 non
2692 3564 2896 3618 ruitura
2928 3563 3145 3616 domus.

2303 3680 2401 3736 XX
2414 3680 2519 3735 VII.
2568 3680 2644 3734 De
2683 3678 3018 3749 proﬁcientia.

1956 3788 1981 3818 ⁸
2011 3778 2181 3834 Nemo
2204 3786 2312 3830 tam
2336 3777 2599 3835 eruditus.
2643 3788 2801 3827 nemo
2838 3782 2947 3825 tam
2997 3770 3188 3823 doctus
3240 3773 3345 3834 est,
3374 3765 3467 3833 qui

1882 3867 2114 3917 superna
2132 3849 2496 3903 illustratinne
2520 3862 2624 3900 non
2639 3855 2812 3912 egeat.
2840 3842 2953 3897 Non
2974 3840 3125 3917 enim
3143 3847 3199 3874 ει·
3216 3837 3289 3891 ita
3303 3837 3465 3909 εει

1885 3910 1991 3978 ulla
2022 3920 2325 3975 divinorum
2348 3920 2614 3972 bonorum
2637 3910 2921 3985 augmenta
2950 3910 3250 3985 Sufﬁciunt,
3276 3922 3336 3985 ut
3360 3924 3466 3961 ttott

1882 4009 2098 4060 semper
2152 3991 2387 4058 supersit
2432 3978 2815 4060 aliquidhqitod
2874 3998 3028 4060 mens
3086 3978 3368 4037 rationalis
3414 3986 3473 4035 et

1883 4056 2291 4134 intelligendum
2321 4060 2595 4116 desideret
2624 4057 2682 4096 δι’
2705 4068 2760 4113 et
2786 4056 3100 4125 gerendum.

1842 4173 1852 4182 κ
1883 4157 2154 4213 Doctrina:
2188 4156 2400 4211 Domini
2430 4151 2752 4224 penetralia,
2788 4160 3032 4219 tempore
3062 4147 3116 4203 in
3144 4146 3250 4202 isto
3272 4191 3287 4215 ,

1955 4249 2035 4306 Ad
2066 4250 2284 4320 plenum
2313 4247 2444 4303 nulli
2470 4245 2654 4318 pervia
2693 4252 2819 4299 sunt
2848 4240 3072 4296 homini.

1885 4386 2018 4443 edit.
2053 4402 2116 4442 ac
2146 4384 2545 4442 Sententiarum
2579 4383 2736 4440 libro.

1956 4469 1984 4497 η
2016 4459 2110 4511 Ms.
2144 4457 2357 4521 Camb.,
2385 4458 2578 4510 vivunt.

1958 4539 1982 4567 ο
2026 4530 2150 4584 Mss.
2200 4518 2353 4590 tres,
2391 4526 2730 4581 Teumuntnr.
2780 4526 2879 4580 Ms.
2922 4537 3094 4590 unus,
3161 4518 3469 4575 Vincuntur.

1886 4601 2189 4668 Utrumque
2218 4599 2444 4669 margini
2476 4601 2862 4667 inscripserunt
2891 4594 3157 4651 editiones
3193 4591 3398 4648 Lovan.
3422 4599 3478 4647 et

1885 4674 1978 4728 illa
2005 4673 2352 4739 posteriores.

1957 4753 1988 4794 Ρ
2010 4738 2107 4797 Ms.
2135 4741 2369 4803 Theod.,
2406 4739 2480 4794 De
2513 4740 2721 4793 scientia
2756 4738 2869 4793 Dei.

1807 4802 1859 4863 D
1956 4824 1985 4865 ει
2010 4814 2135 4868 Mss.
2170 4816 2406 4881 quinque
2441 4820 2497 4865 et
2520 4811 2652 4864 Ven.
2695 4812 2852 4875 edit.,
2884 4806 3149 4881 Inutiliter
3174 4807 3330 4881 enim.

1962 4895 1985 4922 τ
2020 4885 2147 4940 Mss.
2179 4871 2435 4954 έιιιιιιὶιιιθ,
2462 4885 2512 4936 in
2534 4871 2849 4947 hominibus,
2864 4890 2926 4935 ιιι
2946 4881 2998 4934 in
3022 4880 3158 4932 libro
3174 4871 3478 4932 Sententia-

1888 4973 2161 5084 ml'niidit.
2197 5027 2355 5091 ναι,
2389 5027 2592 5081 omisso
2618 5024 2728 5083 sed.
2763 5022 3000 5095 reprobat
3037 5018 3093 5074 id
3122 5015 3259 5087 φίοά
3288 5023 3471 5084 agum'

1962 5100 1982 5135 ί
2017 5099 2117 5153 Ms.
2142 5099 2362 5167 Cantb.,
2394 5097 2469 5151 De
2499 5096 2845 5167 obsert'andis.

1956 5179 1983 5206 “
2014 5171 2113 5225 Ms.
2143 5157 2377 5240 Regius,
2413 5168 2667 5223 Mandata
2708 5166 2803 5220 Dei
2829 5206 2843 5229 ,
2888 5162 2984 5215 nisi
3012 5161 3076 5213 sit
3104 5157 3304 5227 quieta,
3332 5172 3477 5211 mens

1888 5242 2131 5307 scrutari,
2166 5252 2271 5295 etc.

1969 5323 1995 5350 ν
2029 5295 2157 5367 Mss.
2192 5323 2320 5376 ttes,
2348 5324 2401 5366 et
2435 5313 2567 5366 Ven.
2599 5310 2753 5372 edit.,
2800 5299 3090 5375 abiicienda
3130 5307 3272 5352 sunt.
3318 5295 3477 5357 Colb.

1896 5400 2056 5444 unus,
2082 5385 2335 5454 abigende
2356 5391 2437 5455 est
2465 5382 2679 5455 injuria.

1967 5464 1995 5492 ι
2025 5455 2150 5508 Mss.
2175 5469 2304 5515 tres.
2335 5454 2543 5524 Iurgia.

1966 5536 1994 5574 γ
2026 5526 2152 5581 Mss.
2190 5536 2319 5589 tres,
2343 5528 2638 5578 instruitur.

1970 5606 1991 5633 ι
2021 5600 2115 5651 Ms.
2152 5597 2282 5666 Reg.
2311 5585 2365 5651 et
2394 5598 2523 5651 edn.
2555 5593 2710 5655 γεω..
2757 5587 2927 5643 Nemo
2953 5594 3029 5642 ut
3057 5594 3163 5643 tant
3187 5585 3389 5651 doctus,
3441 5594 3485 5639 et

1895 5685 2040 5722 nemo
2068 5678 2161 5722 est.

1965 5749 2022 5777 ³η
2055 5740 2149 5794 Ms.
2173 5738 2317 5804 _Jol.,
2351 5740 2420 5791 ita
2451 5735 2567 5789 ulli.

1960 5809 2021 5852 δι’
2048 5811 2143 5867 Ms.
2172 5801 2396 5883 Regius,
2437 5818 2485 5862 et
2514 5804 2789 5879 agendum.
