  <div class='ocr_page' id='page_1' title='image "/cluster/home/n/w/nwhite01/storage/ocr_20150623/51/hvd.32044015471568/261.png"; bbox 0 0 4006 6356; ppageno 0'>
   <div class='ocr_carea' id='block_1_1' title="bbox 1951 282 2028 293">
    <p class='ocr_par' dir='ltr' id='par_1_1' title="bbox 1951 282 2028 293">
     <span class='ocr_line' id='line_1_1' title="bbox 1951 282 2028 293; baseline 0.026 -5"><span class='ocrx_word' id='word_1_1' title='bbox 1951 282 2028 293; x_wconf 60' lang='grc' dir='ltr'><strong>ιν,</strong></span> 
     </span>
    </p>
   </div>
   <div class='ocr_carea' id='block_1_2' title="bbox 568 364 670 433">
    <p class='ocr_par' dir='ltr' id='par_1_2' title="bbox 568 364 670 433">
     <span class='ocr_line' id='line_1_2' title="bbox 568 364 670 433; baseline 0.01 -1"><span class='ocrx_word' id='word_1_2' title='bbox 568 364 670 433; x_wconf 70' lang='lat' dir='ltr'><strong>Mi</strong></span> 
     </span>
    </p>
   </div>
   <div class='ocr_carea' id='block_1_3' title="bbox 635 487 1933 563">
    <p class='ocr_par' dir='ltr' id='par_1_3' title="bbox 635 487 1933 563">
     <span class='ocr_line' id='line_1_3' title="bbox 635 487 1933 563; baseline 0.001 -16"><span class='ocrx_word' id='word_1_3' title='bbox 635 487 736 547; x_wconf 86' lang='lat' dir='ltr'><strong>Cui</strong></span> <span class='ocrx_word' id='word_1_4' title='bbox 763 498 958 547; x_wconf 85' lang='lat' dir='ltr'><strong>cuncta</strong></span> <span class='ocrx_word' id='word_1_5' title='bbox 980 490 1240 547; x_wconf 79' lang='lat' dir='ltr'><strong>assistunt</strong></span> <span class='ocrx_word' id='word_1_6' title='bbox 1270 498 1413 558; x_wconf 83' lang='lat' dir='ltr'><strong>acta,</strong></span> <span class='ocrx_word' id='word_1_7' title='bbox 1435 500 1492 548; x_wconf 87' lang='lat' dir='ltr'><strong>et</strong></span> <span class='ocrx_word' id='word_1_8' title='bbox 1516 490 1723 563; x_wconf 87' lang='lat' dir='ltr'><strong>agenda</strong></span> <span class='ocrx_word' id='word_1_9' title='bbox 1749 490 1933 548; x_wconf 73' lang='lat' dir='ltr'><strong>simul.</strong></span> 
     </span>
    </p>
   </div>
   <div class='ocr_carea' id='block_1_4' title="bbox 738 581 1974 657">
    <p class='ocr_par' dir='ltr' id='par_1_4' title="bbox 738 581 1974 657">
     <span class='ocr_line' id='line_1_4' title="bbox 738 581 1974 657; baseline 0 -18"><span class='ocrx_word' id='word_1_10' title='bbox 738 581 906 657; x_wconf 70' lang='lat'><strong>839</strong></span> <span class='ocrx_word' id='word_1_11' title='bbox 945 582 1106 639; x_wconf 71' lang='lat' dir='ltr'><strong>XLII.</strong></span> <span class='ocrx_word' id='word_1_12' title='bbox 1139 593 1167 622; x_wconf 80' lang='grc' dir='ltr'>ι</span> <span class='ocrx_word' id='word_1_13' title='bbox 1201 583 1279 638; x_wconf 88' lang='lat' dir='ltr'><strong>De</strong></span> <span class='ocrx_word' id='word_1_14' title='bbox 1304 585 1607 657; x_wconf 85' lang='lat' dir='ltr'><strong>impunitate</strong></span> <span class='ocrx_word' id='word_1_15' title='bbox 1633 586 1974 654; x_wconf 71' lang='lat' dir='ltr'><strong>peccantium.</strong></span> 
     </span>
    </p>
   </div>
   <div class='ocr_carea' id='block_1_5' title="bbox 637 672 2152 748">
    <p class='ocr_par' dir='ltr' id='par_1_5' title="bbox 637 672 2152 748">
     <span class='ocr_line' id='line_1_5' title="bbox 637 672 2152 748; baseline 0.002 -19"><span class='ocrx_word' id='word_1_16' title='bbox 637 672 779 748; x_wconf 60' lang='lat' dir='ltr'><strong>Nihil</strong></span> <span class='ocrx_word' id='word_1_17' title='bbox 811 684 897 731; x_wconf 71' lang='lat' dir='ltr'><strong>est</strong></span> <span class='ocrx_word' id='word_1_18' title='bbox 923 675 1188 733; x_wconf 68' lang='lat' dir='ltr'><strong>infelicius</strong></span> <span class='ocrx_word' id='word_1_19' title='bbox 1220 676 1479 734; x_wconf 75' lang='lat' dir='ltr'><strong>feliCitate</strong></span> <span class='ocrx_word' id='word_1_20' title='bbox 1507 678 1879 745; x_wconf 88' lang='lat' dir='ltr'><strong>peccantium,</strong></span> <span class='ocrx_word' id='word_1_21' title='bbox 1909 692 2013 748; x_wconf 86' lang='lat' dir='ltr'><strong>qua</strong></span> <span class='ocrx_word' id='word_1_22' title='bbox 2038 691 2152 744; x_wconf 76' lang='lat' dir='ltr'><strong>pte-</strong></span> 
     </span>
    </p>
   </div>
   <div class='ocr_carea' id='block_1_6' title="bbox 1782 320 2591 436">
    <p class='ocr_par' dir='ltr' id='par_1_6' title="bbox 1782 320 2591 436">
     <span class='ocr_line' id='line_1_6' title="bbox 1782 320 2591 436; baseline -0.004 -6"><span class='ocrx_word' id='word_1_23' title='bbox 1782 370 1845 430; x_wconf 88' lang='lat' dir='ltr'><strong>s.</strong></span> <span class='ocrx_word' id='word_1_24' title='bbox 1885 367 2224 428; x_wconf 80' lang='lat' dir='ltr'><strong>PROSPERI</strong></span> <span class='ocrx_word' id='word_1_25' title='bbox 2263 320 2591 436; x_wconf 60' lang='lat' dir='ltr'><strong>Acutiam</strong></span> 
     </span>
    </p>
   </div>
   <div class='ocr_carea' id='block_1_7' title="bbox 2173 488 3812 563">
    <p class='ocr_par' dir='ltr' id='par_1_7' title="bbox 2173 488 3812 563">
     <span class='ocr_line' id='line_1_7' title="bbox 2173 488 3812 563; baseline 0.007 -21"><span class='ocrx_word' id='word_1_26' title='bbox 2173 491 2226 555; x_wconf 74' lang='grc' dir='ltr'>Α</span> <span class='ocrx_word' id='word_1_27' title='bbox 2251 488 2341 543; x_wconf 88' lang='lat' dir='ltr'><strong>sed</strong></span> <span class='ocrx_word' id='word_1_28' title='bbox 2369 506 2434 563; x_wconf 75' lang='lat' dir='ltr'><strong>ea:</strong></span> <span class='ocrx_word' id='word_1_29' title='bbox 2451 498 2696 557; x_wconf 80' lang='lat' dir='ltr'><strong>vocante;</strong></span> <span class='ocrx_word' id='word_1_30' title='bbox 2748 505 2816 546; x_wconf 92' lang='lat' dir='ltr'><strong>ne</strong></span> <span class='ocrx_word' id='word_1_31' title='bbox 2853 488 3092 563; x_wconf 83' lang='lat' dir='ltr'><strong>ipsorum</strong></span> <span class='ocrx_word' id='word_1_32' title='bbox 3123 493 3211 562; x_wconf 85' lang='lat' dir='ltr'><strong>sit,</strong></span> <span class='ocrx_word' id='word_1_33' title='bbox 3243 507 3348 550; x_wconf 88' lang='lat' dir='ltr'><strong>non</strong></span> <span class='ocrx_word' id='word_1_34' title='bbox 3379 491 3508 560; x_wconf 87' lang='lat' dir='ltr'><strong>Del,</strong></span> <span class='ocrx_word' id='word_1_35' title='bbox 3554 501 3607 551; x_wconf 85' lang='lat' dir='ltr'><strong>et</strong></span> <span class='ocrx_word' id='word_1_36' title='bbox 3633 509 3812 555; x_wconf 81' lang='lat' dir='ltr'><strong>merces</strong></span> 
     </span>
    </p>
   </div>
   <div class='ocr_carea' id='block_1_8' title="bbox 3728 371 3812 435">
    <p class='ocr_par' dir='ltr' id='par_1_8' title="bbox 3728 371 3812 435">
     <span class='ocr_line' id='line_1_8' title="bbox 3728 371 3812 435; baseline 0.024 -2"><span class='ocrx_word' id='word_1_37' title='bbox 3728 371 3812 435; x_wconf 74' lang='lat' dir='ltr'><strong>bl!</strong></span> 
     </span>
    </p>
   </div>
   <div class='ocr_carea' id='block_1_9' title="bbox 2263 562 3805 634">
    <p class='ocr_par' dir='ltr' id='par_1_9' title="bbox 2263 562 3805 634">
     <span class='ocr_line' id='line_1_9' title="bbox 2263 562 3805 634; baseline 0.008 -20"><span class='ocrx_word' id='word_1_38' title='bbox 2263 576 2367 634; x_wconf 91' lang='lat' dir='ltr'><strong>non</strong></span> <span class='ocrx_word' id='word_1_39' title='bbox 2412 562 2710 630; x_wconf 88' lang='lat' dir='ltr'><strong>imputetur</strong></span> <span class='ocrx_word' id='word_1_40' title='bbox 2740 564 3032 618; x_wconf 88' lang='lat' dir='ltr'><strong>secundmu</strong></span> <span class='ocrx_word' id='word_1_41' title='bbox 3085 568 3350 634; x_wconf 76' lang='lat' dir='ltr'><strong>gratiam,</strong></span> <span class='ocrx_word' id='word_1_42' title='bbox 3412 567 3507 623; x_wconf 84' lang='lat' dir='ltr'><strong>sed</strong></span> <span class='ocrx_word' id='word_1_43' title='bbox 3545 570 3805 626; x_wconf 79' lang='lat' dir='ltr'><strong>secundum</strong></span> 
     </span>
    </p>
   </div>
   <div class='ocr_carea' id='block_1_10' title="bbox 2257 633 3616 709">
    <p class='ocr_par' dir='ltr' id='par_1_10' title="bbox 2257 633 3616 709">
     <span class='ocr_line' id='line_1_10' title="bbox 2257 633 3616 709; baseline 0.005 -22"><span class='ocrx_word' id='word_1_44' title='bbox 2257 633 2521 698; x_wconf 88' lang='lat' dir='ltr'><strong>debitum,</strong></span> <span class='ocrx_word' id='word_1_45' title='bbox 2546 646 2706 703; x_wconf 87' lang='lat' dir='ltr'><strong>atque</strong></span> <span class='ocrx_word' id='word_1_46' title='bbox 2736 634 2807 690; x_wconf 89' lang='lat' dir='ltr'><strong>ita</strong></span> <span class='ocrx_word' id='word_1_47' title='bbox 2854 637 3023 706; x_wconf 77' lang='lat' dir='ltr'><strong>gratia</strong></span> <span class='ocrx_word' id='word_1_48' title='bbox 3048 633 3159 705; x_wconf 83' lang='lat' dir='ltr'><strong>jam</strong></span> <span class='ocrx_word' id='word_1_49' title='bbox 3185 651 3292 692; x_wconf 92' lang='lat' dir='ltr'><strong>non</strong></span> <span class='ocrx_word' id='word_1_50' title='bbox 3323 639 3395 693; x_wconf 88' lang='lat' dir='ltr'><strong>sit</strong></span> <span class='ocrx_word' id='word_1_51' title='bbox 3420 640 3616 709; x_wconf 83' lang='lat' dir='ltr'><strong>gratia.</strong></span> 
     </span>
    </p>
   </div>
   <div class='ocr_carea' id='block_1_11' title="bbox 567 728 2132 818">
    <p class='ocr_par' dir='ltr' id='par_1_11' title="bbox 567 728 2128 818">
     <span class='ocr_line' id='line_1_11' title="bbox 567 728 2128 818; baseline 0.004 -19"><span class='ocrx_word' id='word_1_52' title='bbox 567 728 707 818; x_wconf 59' lang='lat' dir='ltr'><strong>ista.</strong></span> <span class='ocrx_word' id='word_1_53' title='bbox 728 728 1360 818; x_wconf 29' lang='lat' dir='ltr'><strong>’nuit-iturimpunius,</strong></span> <span class='ocrx_word' id='word_1_54' title='bbox 1372 728 2128 818; x_wconf 55' lang='lat' dir='ltr'><strong>&#39;et&#39;ssiﬁiiii&#39;tas&#39;,“vtn</strong></span> 
     </span>
    </p>
   </div>
   <div class='ocr_carea' id='block_1_12' title="bbox 2241 728 3686 818">
    <p class='ocr_par' dir='ltr' id='par_1_12' title="bbox 2256 728 3686 809">
     <span class='ocr_line' id='line_1_12' title="bbox 2256 728 3686 809; baseline 0.006 -29"><span class='ocrx_word' id='word_1_55' title='bbox 2256 728 2393 797; x_wconf 67' lang='lat' dir='ltr'><strong>Qum</strong></span> <span class='ocrx_word' id='word_1_56' title='bbox 2428 730 2566 783; x_wconf 82' lang='lat' dir='ltr'><strong>heus</strong></span> <span class='ocrx_word' id='word_1_57' title='bbox 2595 731 2937 809; x_wconf 82' lang='lat' dir='ltr'><strong>omnipotens</strong></span> <span class='ocrx_word' id='word_1_58' title='bbox 2971 729 3235 800; x_wconf 77' lang='lat' dir='ltr'><strong>pmmittit</strong></span> <span class='ocrx_word' id='word_1_59' title='bbox 3255 772 3270 793; x_wconf 86' lang='lat'><strong>.</strong></span> <span class='ocrx_word' id='word_1_60' title='bbox 3299 730 3511 803; x_wconf 84' lang='lat' dir='ltr'><strong>perficit</strong></span> <span class='ocrx_word' id='word_1_61' title='bbox 3542 731 3686 804; x_wconf 85' lang='lat' dir='ltr'><strong>ipse,</strong></span> 
     </span>
    </p>
   </div>
   <div class='ocr_carea' id='block_1_13' title="bbox 566 817 1370 886">
    <p class='ocr_par' dir='ltr' id='par_1_13' title="bbox 566 817 1370 886">
     <span class='ocr_line' id='line_1_13' title="bbox 566 817 1370 886; baseline 0.004 -13"><span class='ocrx_word' id='word_1_62' title='bbox 566 817 741 873; x_wconf 78' lang='lat' dir='ltr'><strong>bustis</strong></span> <span class='ocrx_word' id='word_1_63' title='bbox 768 818 1028 886; x_wconf 88' lang='lat' dir='ltr'><strong>interior,</strong></span> <span class='ocrx_word' id='word_1_64' title='bbox 1058 817 1370 876; x_wconf 78' lang='lat' dir='ltr'><strong>reboratur.</strong></span> 
     </span>
    </p>
   </div>
   <div class='ocr_carea' id='block_1_14' title="bbox 566 909 1630 987">
    <p class='ocr_par' dir='ltr' id='par_1_14' title="bbox 566 909 1630 987">
     <span class='ocr_line' id='line_1_14' title="bbox 566 909 1630 987; baseline 0.005 -23"><span class='ocrx_word' id='word_1_65' title='bbox 566 909 667 981; x_wconf 92' lang='lat' dir='ltr'><strong>Qui</strong></span> <span class='ocrx_word' id='word_1_66' title='bbox 695 928 756 968; x_wconf 83' lang='lat' dir='ltr'><strong>se</strong></span> <span class='ocrx_word' id='word_1_67' title='bbox 784 915 1021 983; x_wconf 80' lang='lat' dir='ltr'><strong>peccatis</strong></span> <span class='ocrx_word' id='word_1_68' title='bbox 1045 915 1241 987; x_wconf 89' lang='lat' dir='ltr'><strong>gaudet</strong></span> <span class='ocrx_word' id='word_1_69' title='bbox 1264 915 1490 972; x_wconf 78' lang='lat' dir='ltr'><strong>feliciter</strong></span> <span class='ocrx_word' id='word_1_70' title='bbox 1522 917 1630 983; x_wconf 88' lang='lat' dir='ltr'><strong>uti,</strong></span> 
     </span>
    </p>
   </div>
   <div class='ocr_carea' id='block_1_15' title="bbox 638 1006 1670 1083">
    <p class='ocr_par' dir='ltr' id='par_1_15' title="bbox 638 1006 1670 1083">
     <span class='ocr_line' id='line_1_15' title="bbox 638 1006 1670 1083; baseline 0.001 -20"><span class='ocrx_word' id='word_1_71' title='bbox 638 1007 829 1065; x_wconf 89' lang='lat' dir='ltr'><strong>Infelix</strong></span> <span class='ocrx_word' id='word_1_72' title='bbox 858 1006 1020 1066; x_wconf 84' lang='lat' dir='ltr'><strong>nimis</strong></span> <span class='ocrx_word' id='word_1_73' title='bbox 1044 1018 1129 1067; x_wconf 91' lang='lat' dir='ltr'><strong>est</strong></span> <span class='ocrx_word' id='word_1_74' title='bbox 1166 1014 1527 1083; x_wconf 81' lang='lat' dir='ltr'><strong>prosperitate</strong></span> <span class='ocrx_word' id='word_1_75' title='bbox 1551 1024 1670 1066; x_wconf 87' lang='lat' dir='ltr'><strong>sua.</strong></span> 
     </span>
    </p>
   </div>
   <div class='ocr_carea' id='block_1_16' title="bbox 566 1098 2008 1174">
    <p class='ocr_par' dir='ltr' id='par_1_16' title="bbox 566 1098 2008 1174">
     <span class='ocr_line' id='line_1_16' title="bbox 566 1098 2008 1174; baseline 0.003 -19"><span class='ocrx_word' id='word_1_76' title='bbox 566 1098 813 1172; x_wconf 82' lang='lat' dir='ltr'><strong>Dumque</strong></span> <span class='ocrx_word' id='word_1_77' title='bbox 836 1107 983 1174; x_wconf 87' lang='lat' dir='ltr'><strong>capit</strong></span> <span class='ocrx_word' id='word_1_78' title='bbox 1013 1104 1243 1159; x_wconf 86' lang='lat' dir='ltr'><strong>miseros</strong></span> <span class='ocrx_word' id='word_1_79' title='bbox 1273 1105 1499 1159; x_wconf 77' lang='lat' dir='ltr'><strong>effectus</strong></span> <span class='ocrx_word' id='word_1_80' title='bbox 1530 1118 1693 1174; x_wconf 88' lang='lat' dir='ltr'><strong>prava</strong></span> <span class='ocrx_word' id='word_1_81' title='bbox 1723 1102 2008 1169; x_wconf 84' lang='lat' dir='ltr'><strong>voluntas.</strong></span> 
     </span>
    </p>
   </div>
   <div class='ocr_carea' id='block_1_17' title="bbox 639 1195 1613 1266">
    <p class='ocr_par' dir='ltr' id='par_1_17' title="bbox 639 1195 1613 1266">
     <span class='ocr_line' id='line_1_17' title="bbox 639 1195 1613 1266; baseline 0.003 -16"><span class='ocrx_word' id='word_1_82' title='bbox 639 1195 681 1250; x_wconf 78' lang='grc' dir='ltr'><strong>Α</strong></span> <span class='ocrx_word' id='word_1_83' title='bbox 716 1210 844 1252; x_wconf 81' lang='lat' dir='ltr'><strong>vera</strong></span> <span class='ocrx_word' id='word_1_84' title='bbox 874 1212 1090 1266; x_wconf 81' lang='lat' dir='ltr'><strong>semper</strong></span> <span class='ocrx_word' id='word_1_85' title='bbox 1118 1198 1235 1253; x_wconf 82' lang='lat' dir='ltr'><strong>lure</strong></span> <span class='ocrx_word' id='word_1_86' title='bbox 1267 1198 1325 1252; x_wconf 87' lang='lat' dir='ltr'><strong>fit</strong></span> <span class='ocrx_word' id='word_1_87' title='bbox 1353 1200 1613 1254; x_wconf 78' lang='lat' dir='ltr'><strong>exterior.</strong></span> 
     </span>
    </p>
   </div>
   <div class='ocr_carea' id='block_1_18' title="bbox 565 1284 1833 1358">
    <p class='ocr_par' dir='ltr' id='par_1_18' title="bbox 565 1284 1833 1358">
     <span class='ocr_line' id='line_1_18' title="bbox 565 1284 1833 1358; baseline 0 -15"><span class='ocrx_word' id='word_1_88' title='bbox 565 1284 799 1343; x_wconf 88' lang='lat' dir='ltr'><strong>Sumens</strong></span> <span class='ocrx_word' id='word_1_89' title='bbox 830 1287 1082 1358; x_wconf 86' lang='lat' dir='ltr'><strong>pestifera</strong></span> <span class='ocrx_word' id='word_1_90' title='bbox 1115 1288 1185 1345; x_wconf 89' lang='lat' dir='ltr'><strong>de</strong></span> <span class='ocrx_word' id='word_1_91' title='bbox 1211 1290 1604 1346; x_wconf 79' lang='lat' dir='ltr'><strong>consuetudine</strong></span> <span class='ocrx_word' id='word_1_92' title='bbox 1645 1290 1833 1355; x_wconf 89' lang='lat' dir='ltr'><strong>robur,</strong></span> 
     </span>
    </p>
   </div>
   <div class='ocr_carea' id='block_1_19' title="bbox 639 1379 1900 1451">
    <p class='ocr_par' dir='ltr' id='par_1_19' title="bbox 639 1379 1900 1451">
     <span class='ocr_line' id='line_1_19' title="bbox 639 1379 1900 1451; baseline 0.002 -16"><span class='ocrx_word' id='word_1_93' title='bbox 639 1379 711 1435; x_wconf 81' lang='lat' dir='ltr'><strong>Et</strong></span> <span class='ocrx_word' id='word_1_94' title='bbox 738 1397 834 1435; x_wconf 88' lang='lat' dir='ltr'><strong>sua</strong></span> <span class='ocrx_word' id='word_1_95' title='bbox 866 1380 1237 1451; x_wconf 87' lang='lat' dir='ltr'><strong>complectens</strong></span> <span class='ocrx_word' id='word_1_96' title='bbox 1268 1382 1477 1436; x_wconf 86' lang='lat' dir='ltr'><strong>vincula</strong></span> <span class='ocrx_word' id='word_1_97' title='bbox 1508 1384 1699 1437; x_wconf 86' lang='lat' dir='ltr'><strong>mortis</strong></span> <span class='ocrx_word' id='word_1_98' title='bbox 1726 1397 1900 1438; x_wconf 88' lang='lat' dir='ltr'><strong>amor.</strong></span> 
     </span>
    </p>
   </div>
   <div class='ocr_carea' id='block_1_20' title="bbox 566 1468 1824 1545">
    <p class='ocr_par' dir='ltr' id='par_1_20' title="bbox 566 1468 1824 1545">
     <span class='ocr_line' id='line_1_20' title="bbox 566 1468 1824 1545; baseline 0.003 -19"><span class='ocrx_word' id='word_1_99' title='bbox 566 1468 829 1526; x_wconf 83' lang='lat' dir='ltr'><strong>Deficiant</strong></span> <span class='ocrx_word' id='word_1_100' title='bbox 856 1472 1038 1542; x_wconf 89' lang='lat' dir='ltr'><strong>potius</strong></span> <span class='ocrx_word' id='word_1_101' title='bbox 1066 1489 1200 1528; x_wconf 87' lang='lat' dir='ltr'><strong>vana</strong></span> <span class='ocrx_word' id='word_1_102' title='bbox 1228 1473 1587 1529; x_wconf 83' lang='lat' dir='ltr'><strong>obieetamina</strong></span> <span class='ocrx_word' id='word_1_103' title='bbox 1615 1477 1824 1545; x_wconf 80' lang='lat' dir='ltr'><strong>mundi,</strong></span> 
     </span>
    </p>
   </div>
   <div class='ocr_carea' id='block_1_21' title="bbox 636 1562 1821 1637">
    <p class='ocr_par' dir='ltr' id='par_1_21' title="bbox 636 1562 1821 1637">
     <span class='ocr_line' id='line_1_21' title="bbox 636 1562 1821 1637; baseline 0.003 -19"><span class='ocrx_word' id='word_1_104' title='bbox 636 1562 1057 1636; x_wconf 86' lang='lat' dir='ltr'><strong>Subdanturque</strong></span> <span class='ocrx_word' id='word_1_105' title='bbox 1082 1565 1172 1637; x_wconf 91' lang='lat' dir='ltr'><strong>pio</strong></span> <span class='ocrx_word' id='word_1_106' title='bbox 1194 1568 1333 1621; x_wconf 84' lang='lat' dir='ltr'><strong>colla</strong></span> <span class='ocrx_word' id='word_1_107' title='bbox 1374 1566 1642 1622; x_wconf 87' lang='lat' dir='ltr'><strong>domanda</strong></span> <span class='ocrx_word' id='word_1_108' title='bbox 1667 1568 1821 1637; x_wconf 73' lang='lat' dir='ltr'><strong>jugo,</strong></span> 
     </span>
    </p>
   </div>
   <div class='ocr_carea' id='block_1_22' title="bbox 564 1654 1972 1723">
    <p class='ocr_par' dir='ltr' id='par_1_22' title="bbox 564 1654 1972 1723">
     <span class='ocr_line' id='line_1_22' title="bbox 564 1654 1972 1723; baseline 0.002 -13"><span class='ocrx_word' id='word_1_109' title='bbox 564 1654 730 1722; x_wconf 85' lang='lat' dir='ltr'><strong>Inque</strong></span> <span class='ocrx_word' id='word_1_110' title='bbox 760 1667 949 1723; x_wconf 86' lang='lat' dir='ltr'><strong>putres</strong></span> <span class='ocrx_word' id='word_1_111' title='bbox 980 1658 1143 1713; x_wconf 87' lang='lat' dir='ltr'><strong>libras</strong></span> <span class='ocrx_word' id='word_1_112' title='bbox 1171 1657 1467 1714; x_wconf 79' lang='lat' dir='ltr'><strong>descendat</strong></span> <span class='ocrx_word' id='word_1_113' title='bbox 1495 1674 1620 1714; x_wconf 89' lang='lat' dir='ltr'><strong>cura</strong></span> <span class='ocrx_word' id='word_1_114' title='bbox 1660 1657 1927 1714; x_wconf 85' lang='lat' dir='ltr'><strong>medentis</strong></span> <span class='ocrx_word' id='word_1_115' title='bbox 1954 1674 1972 1713; x_wconf 90' lang='lat'><strong>:</strong></span> 
     </span>
    </p>
   </div>
   <div class='ocr_carea' id='block_1_23' title="bbox 636 1748 1910 1824">
    <p class='ocr_par' dir='ltr' id='par_1_23' title="bbox 636 1748 1910 1824">
     <span class='ocr_line' id='line_1_23' title="bbox 636 1748 1910 1824; baseline 0.002 -18"><span class='ocrx_word' id='word_1_116' title='bbox 636 1748 707 1806; x_wconf 88' lang='lat' dir='ltr'><strong>Ut</strong></span> <span class='ocrx_word' id='word_1_117' title='bbox 737 1749 763 1789; x_wconf 74' lang='grc' dir='ltr'><strong>ιι</strong></span> <span class='ocrx_word' id='word_1_118' title='bbox 790 1751 1047 1809; x_wconf 89' lang='lat' dir='ltr'><strong>blandum</strong></span> <span class='ocrx_word' id='word_1_119' title='bbox 1079 1754 1323 1809; x_wconf 88' lang='lat' dir='ltr'><strong>morbum</strong></span> <span class='ocrx_word' id='word_1_120' title='bbox 1354 1756 1520 1824; x_wconf 82' lang='lat' dir='ltr'><strong>pellat</strong></span> <span class='ocrx_word' id='word_1_121' title='bbox 1548 1753 1722 1810; x_wconf 88' lang='lat' dir='ltr'><strong>amica</strong></span> <span class='ocrx_word' id='word_1_122' title='bbox 1743 1755 1910 1812; x_wconf 86' lang='lat' dir='ltr'><strong>salus.</strong></span> 
     </span>
    </p>
   </div>
   <div class='ocr_carea' id='block_1_24' title="bbox 1022 1845 1683 1919">
    <p class='ocr_par' dir='ltr' id='par_1_24' title="bbox 1022 1845 1683 1919">
     <span class='ocr_line' id='line_1_24' title="bbox 1022 1845 1683 1919; baseline 0.002 -17"><span class='ocrx_word' id='word_1_123' title='bbox 1022 1845 1208 1902; x_wconf 76' lang='lat' dir='ltr'><strong>XLIII.</strong></span> <span class='ocrx_word' id='word_1_124' title='bbox 1243 1845 1321 1901; x_wconf 84' lang='lat' dir='ltr'><strong>De</strong></span> <span class='ocrx_word' id='word_1_125' title='bbox 1340 1848 1466 1919; x_wconf 81' lang='lat' dir='ltr'><strong>legis</strong></span> <span class='ocrx_word' id='word_1_126' title='bbox 1494 1849 1683 1903; x_wconf 87' lang='lat' dir='ltr'><strong>littera.</strong></span> 
     </span>
    </p>
   </div>
   <div class='ocr_carea' id='block_1_25' title="bbox 632 1937 2150 2009">
    <p class='ocr_par' dir='ltr' id='par_1_25' title="bbox 632 1937 2150 2009">
     <span class='ocr_line' id='line_1_25' title="bbox 632 1937 2150 2009; baseline 0.003 -16"><span class='ocrx_word' id='word_1_127' title='bbox 632 1937 990 2009; x_wconf 81' lang='lat' dir='ltr'><strong>Legislittera</strong></span> <span class='ocrx_word' id='word_1_128' title='bbox 1020 1950 1043 1979; x_wconf 74' lang='grc' dir='ltr'>α</span> <span class='ocrx_word' id='word_1_129' title='bbox 1074 1955 1196 2009; x_wconf 74' lang='lat' dir='ltr'><strong>qua!</strong></span> <span class='ocrx_word' id='word_1_130' title='bbox 1224 1942 1355 1997; x_wconf 85' lang='lat' dir='ltr'><strong>dicit</strong></span> <span class='ocrx_word' id='word_1_131' title='bbox 1396 1958 1500 1996; x_wconf 90' lang='lat' dir='ltr'><strong>non</strong></span> <span class='ocrx_word' id='word_1_132' title='bbox 1533 1958 1653 1998; x_wconf 90' lang='lat' dir='ltr'><strong>esse</strong></span> <span class='ocrx_word' id='word_1_133' title='bbox 1701 1942 2034 2007; x_wconf 86' lang='lat' dir='ltr'><strong>peccandum</strong></span> <span class='ocrx_word' id='word_1_134' title='bbox 2057 1986 2071 2009; x_wconf 91' lang='lat'><strong>,</strong></span> <span class='ocrx_word' id='word_1_135' title='bbox 2102 1942 2150 1998; x_wconf 83' lang='lat' dir='ltr'><strong>si</strong></span> 
     </span>
    </p>
   </div>
   <div class='ocr_carea' id='block_1_26' title="bbox 562 2006 2149 2083">
    <p class='ocr_par' dir='ltr' id='par_1_26' title="bbox 562 2006 2149 2083">
     <span class='ocr_line' id='line_1_26' title="bbox 562 2006 2149 2083; baseline 0 -16"><span class='ocrx_word' id='word_1_136' title='bbox 562 2008 799 2078; x_wconf 84' lang='lat' dir='ltr'><strong>Spiritus</strong></span> <span class='ocrx_word' id='word_1_137' title='bbox 820 2006 848 2047; x_wconf 71' lang='grc' dir='ltr'><strong><em>ἀ</em></strong></span> <span class='ocrx_word' id='word_1_138' title='bbox 868 2006 1157 2083; x_wconf 75' lang='lat' dir='ltr'><strong>_vivdlcans</strong></span> <span class='ocrx_word' id='word_1_139' title='bbox 1184 2012 1353 2076; x_wconf 85' lang='lat' dir='ltr'><strong>desit,</strong></span> <span class='ocrx_word' id='word_1_140' title='bbox 1380 2016 1596 2067; x_wconf 85' lang='lat' dir='ltr'><strong>occidit.</strong></span> <span class='ocrx_word' id='word_1_141' title='bbox 1633 2023 1656 2051; x_wconf 75' lang='grc' dir='ltr'><strong>ο</strong></span> <span class='ocrx_word' id='word_1_142' title='bbox 1681 2006 1822 2068; x_wconf 77' lang='lat' dir='ltr'><strong>Sciri</strong></span> <span class='ocrx_word' id='word_1_143' title='bbox 1853 2017 1997 2069; x_wconf 85' lang='lat' dir='ltr'><strong>enim</strong></span> <span class='ocrx_word' id='word_1_144' title='bbox 2026 2006 2149 2083; x_wconf 82' lang='lat' dir='ltr'><strong>pec-</strong></span> 
     </span>
    </p>
   </div>
   <div class='ocr_carea' id='block_1_27' title="bbox 557 2080 2150 2154">
    <p class='ocr_par' dir='ltr' id='par_1_27' title="bbox 557 2080 2150 2154">
     <span class='ocr_line' id='line_1_27' title="bbox 557 2080 2150 2154; baseline 0.002 -18"><span class='ocrx_word' id='word_1_145' title='bbox 557 2093 741 2136; x_wconf 74' lang='lat' dir='ltr'><strong>Catum</strong></span> <span class='ocrx_word' id='word_1_146' title='bbox 783 2080 909 2137; x_wconf 82' lang='lat' dir='ltr'><strong>facit</strong></span> <span class='ocrx_word' id='word_1_147' title='bbox 960 2090 1135 2151; x_wconf 85' lang='lat' dir='ltr'><strong>potius</strong></span> <span class='ocrx_word' id='word_1_148' title='bbox 1171 2100 1328 2153; x_wconf 88' lang='lat' dir='ltr'><strong>quant</strong></span> <span class='ocrx_word' id='word_1_149' title='bbox 1373 2086 1604 2139; x_wconf 82' lang='lat' dir='ltr'><strong>caveri:</strong></span> <span class='ocrx_word' id='word_1_150' title='bbox 1647 2095 1702 2139; x_wconf 86' lang='lat' dir='ltr'><strong>et</strong></span> <span class='ocrx_word' id='word_1_151' title='bbox 1733 2089 1856 2139; x_wconf 89' lang='lat' dir='ltr'><strong>ideo</strong></span> <span class='ocrx_word' id='word_1_152' title='bbox 1908 2083 1927 2122; x_wconf 74' lang='grc' dir='ltr'>ί</span> <span class='ocrx_word' id='word_1_153' title='bbox 1982 2080 2150 2154; x_wconf 79' lang='lat' dir='ltr'><strong>magis</strong></span> 
     </span>
    </p>
   </div>
   <div class='ocr_carea' id='block_1_28' title="bbox 558 2154 2145 2228">
    <p class='ocr_par' dir='ltr' id='par_1_28' title="bbox 558 2154 2145 2228">
     <span class='ocr_line' id='line_1_28' title="bbox 558 2154 2145 2228; baseline 0.004 -23"><span class='ocrx_word' id='word_1_154' title='bbox 558 2154 741 2221; x_wconf 84' lang='lat' dir='ltr'><strong>augeri</strong></span> <span class='ocrx_word' id='word_1_155' title='bbox 767 2169 926 2228; x_wconf 80' lang='lat' dir='ltr'><strong>quam</strong></span> <span class='ocrx_word' id='word_1_156' title='bbox 955 2156 1147 2228; x_wconf 83' lang='lat' dir='ltr'><strong>minui,</strong></span> <span class='ocrx_word' id='word_1_157' title='bbox 1179 2156 1302 2222; x_wconf 91' lang='lat' dir='ltr'><strong>quia</strong></span> <span class='ocrx_word' id='word_1_158' title='bbox 1330 2160 1483 2211; x_wconf 66' lang='lat' dir='ltr'><strong>malae</strong></span> <span class='ocrx_word' id='word_1_159' title='bbox 1502 2157 1956 2228; x_wconf 69' lang='lat' dir='ltr'><strong>concupiscentia:</strong></span> <span class='ocrx_word' id='word_1_160' title='bbox 1982 2160 2145 2213; x_wconf 87' lang='lat' dir='ltr'><strong>etiam</strong></span> 
     </span>
    </p>
   </div>
   <div class='ocr_carea' id='block_1_29' title="bbox 558 2224 1365 2295">
    <p class='ocr_par' dir='ltr' id='par_1_29' title="bbox 558 2224 1365 2295">
     <span class='ocr_line' id='line_1_29' title="bbox 558 2224 1365 2295; baseline 0.005 -18"><span class='ocrx_word' id='word_1_161' title='bbox 558 2224 930 2294; x_wconf 69' lang='lat' dir='ltr'><strong>praevaricatio</strong></span> <span class='ocrx_word' id='word_1_162' title='bbox 960 2224 1093 2295; x_wconf 91' lang='lat' dir='ltr'><strong>legis</strong></span> <span class='ocrx_word' id='word_1_163' title='bbox 1131 2228 1365 2282; x_wconf 86' lang='lat' dir='ltr'><strong>accedit.</strong></span> 
     </span>
    </p>
   </div>
   <div class='ocr_carea' id='block_1_30' title="bbox 557 2313 1790 2389">
    <p class='ocr_par' dir='ltr' id='par_1_30' title="bbox 557 2313 1790 2389">
     <span class='ocr_line' id='line_1_30' title="bbox 557 2313 1790 2389; baseline 0.005 -19"><span class='ocrx_word' id='word_1_164' title='bbox 557 2313 726 2372; x_wconf 84' lang='lat' dir='ltr'><strong>Index</strong></span> <span class='ocrx_word' id='word_1_165' title='bbox 758 2319 965 2388; x_wconf 86' lang='lat' dir='ltr'><strong>peccati</strong></span> <span class='ocrx_word' id='word_1_166' title='bbox 1001 2319 1087 2374; x_wconf 87' lang='lat' dir='ltr'><strong>lex</strong></span> <span class='ocrx_word' id='word_1_167' title='bbox 1115 2330 1198 2373; x_wconf 87' lang='lat' dir='ltr'><strong>est</strong></span> <span class='ocrx_word' id='word_1_168' title='bbox 1226 2320 1508 2389; x_wconf 88' lang='lat' dir='ltr'><strong>plectenda</strong></span> <span class='ocrx_word' id='word_1_169' title='bbox 1540 2322 1790 2386; x_wconf 88' lang='lat' dir='ltr'><strong>vetando,</strong></span> 
     </span>
    </p>
   </div>
   <div class='ocr_carea' id='block_1_31' title="bbox 626 2408 1870 2483">
    <p class='ocr_par' dir='ltr' id='par_1_31' title="bbox 626 2408 1870 2483">
     <span class='ocr_line' id='line_1_31' title="bbox 626 2408 1870 2483; baseline 0.002 -19"><span class='ocrx_word' id='word_1_170' title='bbox 626 2408 779 2479; x_wconf 69' lang='lat' dir='ltr'><strong>Quae.</strong></span> <span class='ocrx_word' id='word_1_171' title='bbox 809 2410 913 2465; x_wconf 85' lang='lat' dir='ltr'><strong>nisi</strong></span> <span class='ocrx_word' id='word_1_172' title='bbox 934 2425 1031 2469; x_wconf 91' lang='lat' dir='ltr'><strong>cor</strong></span> <span class='ocrx_word' id='word_1_173' title='bbox 1058 2412 1281 2467; x_wconf 88' lang='lat' dir='ltr'><strong>mundet</strong></span> <span class='ocrx_word' id='word_1_174' title='bbox 1300 2412 1557 2483; x_wconf 83' lang='lat' dir='ltr'><strong>Spiritus,</strong></span> <span class='ocrx_word' id='word_1_175' title='bbox 1589 2412 1870 2469; x_wconf 90' lang='lat' dir='ltr'><strong>interimit.</strong></span> 
     </span>
    </p>
   </div>
   <div class='ocr_carea' id='block_1_32' title="bbox 553 2498 1928 2573">
    <p class='ocr_par' dir='ltr' id='par_1_32' title="bbox 553 2498 1928 2573">
     <span class='ocr_line' id='line_1_32' title="bbox 553 2498 1928 2573; baseline 0.004 -17"><span class='ocrx_word' id='word_1_176' title='bbox 553 2498 743 2557; x_wconf 81' lang='lat' dir='ltr'><strong>Nullus</strong></span> <span class='ocrx_word' id='word_1_177' title='bbox 766 2502 911 2557; x_wconf 89' lang='lat' dir='ltr'><strong>enim</strong></span> <span class='ocrx_word' id='word_1_178' title='bbox 932 2511 1016 2559; x_wconf 85' lang='lat' dir='ltr'><strong>est</strong></span> <span class='ocrx_word' id='word_1_179' title='bbox 1046 2504 1233 2559; x_wconf 89' lang='lat' dir='ltr'><strong>insons</strong></span> <span class='ocrx_word' id='word_1_180' title='bbox 1261 2506 1373 2558; x_wconf 88' lang='lat' dir='ltr'><strong>sola</strong></span> <span class='ocrx_word' id='word_1_181' title='bbox 1408 2506 1697 2560; x_wconf 79' lang='lat' dir='ltr'><strong>formidine</strong></span> <span class='ocrx_word' id='word_1_182' title='bbox 1726 2520 1928 2573; x_wconf 63' lang='lat' dir='ltr'><strong>poenae,</strong></span> 
     </span>
    </p>
   </div>
   <div class='ocr_carea' id='block_1_33' title="bbox 624 2592 1941 2667">
    <p class='ocr_par' dir='ltr' id='par_1_33' title="bbox 624 2592 1941 2667">
     <span class='ocr_line' id='line_1_33' title="bbox 624 2592 1941 2667; baseline 0.007 -22"><span class='ocrx_word' id='word_1_183' title='bbox 624 2592 724 2662; x_wconf 86' lang='lat' dir='ltr'><strong>Qui</strong></span> <span class='ocrx_word' id='word_1_184' title='bbox 745 2603 988 2651; x_wconf 86' lang='lat' dir='ltr'><strong>sanctum</strong></span> <span class='ocrx_word' id='word_1_185' title='bbox 1017 2596 1292 2667; x_wconf 88' lang='lat' dir='ltr'><strong>eljustum</strong></span> <span class='ocrx_word' id='word_1_186' title='bbox 1319 2614 1425 2653; x_wconf 92' lang='lat' dir='ltr'><strong>non</strong></span> <span class='ocrx_word' id='word_1_187' title='bbox 1455 2609 1601 2653; x_wconf 87' lang='lat' dir='ltr'><strong>amat</strong></span> <span class='ocrx_word' id='word_1_188' title='bbox 1630 2597 1941 2667; x_wconf 77' lang='lat' dir='ltr'><strong>imperium,</strong></span> 
     </span>
    </p>
   </div>
   <div class='ocr_carea' id='block_1_34' title="bbox 552 2687 2142 2764">
    <p class='ocr_par' dir='ltr' id='par_1_34' title="bbox 552 2687 2142 2764">
     <span class='ocr_line' id='line_1_34' title="bbox 552 2687 2142 2764; baseline 0.003 -19"><span class='ocrx_word' id='word_1_189' title='bbox 552 2687 709 2746; x_wconf 78' lang='lat' dir='ltr'><strong>Hunc</strong></span> <span class='ocrx_word' id='word_1_190' title='bbox 735 2699 912 2746; x_wconf 89' lang='lat' dir='ltr'><strong>tamen</strong></span> <span class='ocrx_word' id='word_1_191' title='bbox 940 2700 969 2739; x_wconf 72' lang='lat' dir='ltr'><strong>It</strong></span> <span class='ocrx_word' id='word_1_192' title='bbox 989 2690 1242 2748; x_wconf 81' lang='lat' dir='ltr'><strong>alfcctum</strong></span> <span class='ocrx_word' id='word_1_193' title='bbox 1272 2708 1378 2748; x_wconf 92' lang='lat' dir='ltr'><strong>non</strong></span> <span class='ocrx_word' id='word_1_194' title='bbox 1410 2695 1527 2760; x_wconf 90' lang='lat' dir='ltr'><strong>lex,</strong></span> <span class='ocrx_word' id='word_1_195' title='bbox 1560 2694 1655 2749; x_wconf 75' lang='lat' dir='ltr'><strong>sed</strong></span> <span class='ocrx_word' id='word_1_196' title='bbox 1682 2694 1854 2764; x_wconf 83' lang='lat' dir='ltr'><strong>gratia</strong></span> <span class='ocrx_word' id='word_1_197' title='bbox 1891 2693 2142 2751; x_wconf 83' lang='lat' dir='ltr'><strong>confert:</strong></span> 
     </span>
    </p>
   </div>
   <div class='ocr_carea' id='block_1_35' title="bbox 620 2782 1825 2857">
    <p class='ocr_par' dir='ltr' id='par_1_35' title="bbox 620 2782 1825 2857">
     <span class='ocr_line' id='line_1_35' title="bbox 620 2782 1825 2857; baseline 0.003 -18"><span class='ocrx_word' id='word_1_198' title='bbox 620 2782 882 2856; x_wconf 85' lang='lat' dir='ltr'><strong>Quodque</strong></span> <span class='ocrx_word' id='word_1_199' title='bbox 906 2786 1061 2856; x_wconf 84' lang='lat' dir='ltr'><strong>jubet</strong></span> <span class='ocrx_word' id='word_1_200' title='bbox 1091 2785 1225 2857; x_wconf 87' lang='lat' dir='ltr'><strong>legis</strong></span> <span class='ocrx_word' id='word_1_201' title='bbox 1257 2788 1465 2856; x_wconf 74' lang='lat' dir='ltr'><strong>littera,</strong></span> <span class='ocrx_word' id='word_1_202' title='bbox 1500 2790 1644 2843; x_wconf 81' lang='lat' dir='ltr'><strong>Vt&#39;lle</strong></span> <span class='ocrx_word' id='word_1_203' title='bbox 1679 2789 1825 2844; x_wconf 89' lang='lat' dir='ltr'><strong>facit.</strong></span> 
     </span>
    </p>
   </div>
   <div class='ocr_carea' id='block_1_36' title="bbox 983 2879 1717 2954">
    <p class='ocr_par' dir='ltr' id='par_1_36' title="bbox 983 2879 1717 2954">
     <span class='ocr_line' id='line_1_36' title="bbox 983 2879 1717 2954; baseline 0.004 -20"><span class='ocrx_word' id='word_1_204' title='bbox 983 2879 1168 2935; x_wconf 80' lang='lat' dir='ltr'><strong>XLIV.</strong></span> <span class='ocrx_word' id='word_1_205' title='bbox 1199 2879 1277 2936; x_wconf 90' lang='lat' dir='ltr'><strong>De</strong></span> <span class='ocrx_word' id='word_1_206' title='bbox 1305 2881 1415 2953; x_wconf 84' lang='lat' dir='ltr'><strong>lege</strong></span> <span class='ocrx_word' id='word_1_207' title='bbox 1444 2891 1492 2936; x_wconf 89' lang='lat' dir='ltr'><strong>et</strong></span> <span class='ocrx_word' id='word_1_208' title='bbox 1528 2884 1717 2954; x_wconf 86' lang='lat' dir='ltr'><strong>gratia.</strong></span> 
     </span>
    </p>
   </div>
   <div class='ocr_carea' id='block_1_37' title="bbox 618 2969 2142 3046">
    <p class='ocr_par' dir='ltr' id='par_1_37' title="bbox 618 2969 2142 3046">
     <span class='ocr_line' id='line_1_37' title="bbox 618 2969 2142 3046; baseline 0.003 -19"><span class='ocrx_word' id='word_1_209' title='bbox 618 2969 733 3028; x_wconf 87' lang='lat' dir='ltr'><strong>Lex</strong></span> <span class='ocrx_word' id='word_1_210' title='bbox 749 2970 881 3046; x_wconf 81' lang='lat' dir='ltr'><strong>data</strong></span> <span class='ocrx_word' id='word_1_211' title='bbox 904 2980 989 3046; x_wconf 78' lang='lat' dir='ltr'><strong>est</strong></span> <span class='ocrx_word' id='word_1_212' title='bbox 1012 2981 1072 3027; x_wconf 91' lang='lat' dir='ltr'><strong>ut</strong></span> <span class='ocrx_word' id='word_1_213' title='bbox 1092 2977 1270 3046; x_wconf 83' lang='lat' dir='ltr'><strong>gratia</strong></span> <span class='ocrx_word' id='word_1_214' title='bbox 1294 2972 1322 3012; x_wconf 75' lang='grc' dir='ltr'><strong>ιι</strong></span> <span class='ocrx_word' id='word_1_215' title='bbox 1349 2986 1712 3045; x_wconf 67' lang='lat' dir='ltr'><strong>quaereretur,</strong></span> <span class='ocrx_word' id='word_1_216' title='bbox 1736 2982 1793 3031; x_wconf 89' lang='lat' dir='ltr'><strong>et</strong></span> <span class='ocrx_word' id='word_1_217' title='bbox 1818 2976 1992 3046; x_wconf 82' lang='lat' dir='ltr'><strong>gratia</strong></span> <span class='ocrx_word' id='word_1_218' title='bbox 2019 2976 2142 3032; x_wconf 82' lang='lat' dir='ltr'><strong>data</strong></span> 
     </span>
    </p>
   </div>
   <div class='ocr_carea' id='block_1_38' title="bbox 550 3043 2146 3117">
    <p class='ocr_par' dir='ltr' id='par_1_38' title="bbox 550 3043 2146 3117">
     <span class='ocr_line' id='line_1_38' title="bbox 550 3043 2146 3117; baseline 0.004 -21"><span class='ocrx_word' id='word_1_219' title='bbox 550 3051 720 3117; x_wconf 85' lang='lat' dir='ltr'><strong>e_st_ttt</strong></span> <span class='ocrx_word' id='word_1_220' title='bbox 746 3043 832 3098; x_wconf 89' lang='lat' dir='ltr'><strong>lex</strong></span> <span class='ocrx_word' id='word_1_221' title='bbox 865 3044 1199 3117; x_wconf 61' lang='lat' dir='ltr'><strong>ittipleretur.</strong></span> <span class='ocrx_word' id='word_1_222' title='bbox 1233 3043 1415 3117; x_wconf 60' lang='lat' dir='ltr'><strong>Neque</strong></span> <span class='ocrx_word' id='word_1_223' title='bbox 1443 3050 1586 3101; x_wconf 89' lang='lat' dir='ltr'><strong>enim</strong></span> <span class='ocrx_word' id='word_1_224' title='bbox 1618 3062 1718 3101; x_wconf 88' lang='lat' dir='ltr'><strong>suo</strong></span> <span class='ocrx_word' id='word_1_225' title='bbox 1743 3043 1873 3101; x_wconf 78' lang='lat' dir='ltr'><strong>vitio</strong></span> <span class='ocrx_word' id='word_1_226' title='bbox 1907 3064 2015 3102; x_wconf 83' lang='lat' dir='ltr'><strong>non</strong></span> <span class='ocrx_word' id='word_1_227' title='bbox 2044 3049 2146 3103; x_wconf 82' lang='lat' dir='ltr'><strong>itit-</strong></span> 
     </span>
    </p>
   </div>
   <div class='ocr_carea' id='block_1_39' title="bbox 550 3112 2143 3187">
    <p class='ocr_par' dir='ltr' id='par_1_39' title="bbox 550 3112 2143 3187">
     <span class='ocr_line' id='line_1_39' title="bbox 550 3112 2143 3187; baseline 0.005 -20"><span class='ocrx_word' id='word_1_228' title='bbox 550 3112 817 3187; x_wconf 25' lang='lat' dir='ltr'><strong>pleb-itur.</strong></span> <span class='ocrx_word' id='word_1_229' title='bbox 851 3116 946 3187; x_wconf 80' lang='lat' dir='ltr'><strong>sed</strong></span> <span class='ocrx_word' id='word_1_230' title='bbox 980 3116 1111 3168; x_wconf 88' lang='lat' dir='ltr'><strong>vitio</strong></span> <span class='ocrx_word' id='word_1_231' title='bbox 1143 3112 1441 3183; x_wconf 65' lang='lat' dir='ltr'><strong>prudeiitie</strong></span> <span class='ocrx_word' id='word_1_232' title='bbox 1487 3121 1690 3182; x_wconf 81' lang='lat' dir='ltr'><strong>carnis,</strong></span> <span class='ocrx_word' id='word_1_233' title='bbox 1728 3118 1744 3156; x_wconf 80' lang='grc' dir='ltr'>ί</span> <span class='ocrx_word' id='word_1_234' title='bbox 1778 3121 1919 3187; x_wconf 86' lang='lat' dir='ltr'><strong>quod</strong></span> <span class='ocrx_word' id='word_1_235' title='bbox 1954 3120 2143 3175; x_wconf 84' lang='lat' dir='ltr'><strong>vitium</strong></span> 
     </span>
    </p>
   </div>
   <div class='ocr_carea' id='block_1_40' title="bbox 549 3184 2142 3310">
    <p class='ocr_par' dir='ltr' id='par_1_40' title="bbox 549 3184 2142 3310">
     <span class='ocr_line' id='line_1_40' title="bbox 549 3184 2142 3310; baseline 0.004 -70"><span class='ocrx_word' id='word_1_236' title='bbox 676 3184 849 3255; x_wconf 76' lang='lat' dir='ltr'><strong>legem</strong></span> <span class='ocrx_word' id='word_1_237' title='bbox 887 3185 1379 3243; x_wconf 82' lang='lat' dir='ltr'><strong>detnott8trattdutn</strong></span> <span class='ocrx_word' id='word_1_238' title='bbox 1404 3228 1421 3256; x_wconf 90' lang='lat'><strong>,</strong></span> <span class='ocrx_word' id='word_1_239' title='bbox 1451 3204 1551 3259; x_wconf 90' lang='lat' dir='ltr'><strong>per</strong></span> <span class='ocrx_word' id='word_1_240' title='bbox 1577 3184 1806 3260; x_wconf 79' lang='lat' dir='ltr'><strong>gratiam</strong></span> <span class='ocrx_word' id='word_1_241' title='bbox 1844 3194 2142 3247; x_wconf 86' lang='lat' dir='ltr'><strong>sanandum</strong></span> 
     </span>
     <span class='ocr_line' id='line_1_41' title="bbox 576 3272 674 3310; baseline 0.031 -3"><span class='ocrx_word' id='word_1_242' title='bbox 576 3272 626 3308; x_wconf 85' lang='lat' dir='ltr'><strong>Ill</strong></span> <span class='ocrx_word' id='word_1_243' title='bbox 657 3293 674 3310; x_wconf 95' lang='lat'><strong>.</strong></span> 
     </span>
    </p>
   </div>
   <div class='ocr_carea' id='block_1_41' title="bbox 548 3345 1758 3423">
    <p class='ocr_par' dir='ltr' id='par_1_41' title="bbox 548 3345 1758 3423">
     <span class='ocr_line' id='line_1_42' title="bbox 548 3345 1758 3423; baseline 0.007 -20"><span class='ocrx_word' id='word_1_244' title='bbox 548 3345 666 3404; x_wconf 83' lang='lat' dir='ltr'><strong>Non</strong></span> <span class='ocrx_word' id='word_1_245' title='bbox 689 3350 858 3406; x_wconf 84' lang='lat' dir='ltr'><strong>servit</strong></span> <span class='ocrx_word' id='word_1_246' title='bbox 876 3350 1048 3421; x_wconf 81' lang='lat' dir='ltr'><strong>jussis</strong></span> <span class='ocrx_word' id='word_1_247' title='bbox 1073 3351 1209 3423; x_wconf 77' lang='lat' dir='ltr'><strong>legis</strong></span> <span class='ocrx_word' id='word_1_248' title='bbox 1236 3353 1517 3422; x_wconf 86' lang='lat' dir='ltr'><strong>prudentia</strong></span> <span class='ocrx_word' id='word_1_249' title='bbox 1548 3355 1758 3423; x_wconf 88' lang='lat' dir='ltr'><strong>carnis,</strong></span> 
     </span>
    </p>
   </div>
   <div class='ocr_carea' id='block_1_42' title="bbox 617 3442 1750 3520">
    <p class='ocr_par' dir='ltr' id='par_1_42' title="bbox 617 3442 1750 3520">
     <span class='ocr_line' id='line_1_43' title="bbox 617 3442 1750 3520; baseline 0.004 -20"><span class='ocrx_word' id='word_1_250' title='bbox 617 3442 832 3502; x_wconf 87' lang='lat' dir='ltr'><strong>Peccati</strong></span> <span class='ocrx_word' id='word_1_251' title='bbox 860 3447 1111 3503; x_wconf 87' lang='lat' dir='ltr'><strong>stimulos</strong></span> <span class='ocrx_word' id='word_1_252' title='bbox 1136 3464 1237 3505; x_wconf 92' lang='lat' dir='ltr'><strong>nec</strong></span> <span class='ocrx_word' id='word_1_253' title='bbox 1265 3464 1525 3520; x_wconf 85' lang='lat' dir='ltr'><strong>superare</strong></span> <span class='ocrx_word' id='word_1_254' title='bbox 1556 3459 1750 3519; x_wconf 89' lang='lat' dir='ltr'><strong>potest.</strong></span> 
     </span>
    </p>
   </div>
   <div class='ocr_carea' id='block_1_43' title="bbox 545 3536 2061 3617">
    <p class='ocr_par' dir='ltr' id='par_1_43' title="bbox 545 3536 2061 3617">
     <span class='ocr_line' id='line_1_44' title="bbox 545 3536 2061 3617; baseline 0.006 -24"><span class='ocrx_word' id='word_1_255' title='bbox 545 3536 652 3594; x_wconf 89' lang='lat' dir='ltr'><strong>Sed</strong></span> <span class='ocrx_word' id='word_1_256' title='bbox 680 3538 803 3610; x_wconf 87' lang='lat' dir='ltr'><strong>quia</strong></span> <span class='ocrx_word' id='word_1_257' title='bbox 834 3555 990 3596; x_wconf 90' lang='lat' dir='ltr'><strong>mens</strong></span> <span class='ocrx_word' id='word_1_258' title='bbox 1014 3555 1215 3612; x_wconf 89' lang='lat' dir='ltr'><strong>anceps</strong></span> <span class='ocrx_word' id='word_1_259' title='bbox 1240 3542 1437 3613; x_wconf 88' lang='lat' dir='ltr'><strong>patitur</strong></span> <span class='ocrx_word' id='word_1_260' title='bbox 1459 3544 1599 3598; x_wconf 77' lang='lat' dir='ltr'><strong>mala</strong></span> <span class='ocrx_word' id='word_1_261' title='bbox 1630 3544 1879 3615; x_wconf 84' lang='lat' dir='ltr'><strong>corporis</strong></span> <span class='ocrx_word' id='word_1_262' title='bbox 1908 3548 2061 3617; x_wconf 70' lang='lat' dir='ltr'><strong>aegri,</strong></span> 
     </span>
    </p>
   </div>
   <div class='ocr_carea' id='block_1_44' title="bbox 614 3631 1709 3707">
    <p class='ocr_par' dir='ltr' id='par_1_44' title="bbox 614 3631 1709 3707">
     <span class='ocr_line' id='line_1_45' title="bbox 614 3631 1709 3707; baseline 0.007 -20"><span class='ocrx_word' id='word_1_263' title='bbox 614 3631 871 3702; x_wconf 68' lang='lat' dir='ltr'><strong>Quaerere</strong></span> <span class='ocrx_word' id='word_1_264' title='bbox 895 3634 1139 3691; x_wconf 88' lang='lat' dir='ltr'><strong>divinum</strong></span> <span class='ocrx_word' id='word_1_265' title='bbox 1164 3639 1409 3707; x_wconf 82' lang='lat' dir='ltr'><strong>cogimur</strong></span> <span class='ocrx_word' id='word_1_266' title='bbox 1428 3640 1709 3695; x_wconf 85' lang='lat' dir='ltr'><strong>auxilium.</strong></span> 
     </span>
    </p>
   </div>
   <div class='ocr_carea' id='block_1_45' title="bbox 543 3724 1816 3803">
    <p class='ocr_par' dir='ltr' id='par_1_45' title="bbox 543 3724 1816 3803">
     <span class='ocr_line' id='line_1_46' title="bbox 543 3724 1816 3803; baseline 0.005 -21"><span class='ocrx_word' id='word_1_267' title='bbox 543 3724 654 3782; x_wconf 90' lang='lat' dir='ltr'><strong>Lex</strong></span> <span class='ocrx_word' id='word_1_268' title='bbox 674 3726 838 3797; x_wconf 78' lang='lat' dir='ltr'><strong>igitur</strong></span> <span class='ocrx_word' id='word_1_269' title='bbox 864 3728 991 3785; x_wconf 84' lang='lat' dir='ltr'><strong>facit</strong></span> <span class='ocrx_word' id='word_1_270' title='bbox 1016 3740 1076 3784; x_wconf 91' lang='lat' dir='ltr'><strong>ut</strong></span> <span class='ocrx_word' id='word_1_271' title='bbox 1104 3741 1357 3800; x_wconf 84' lang='lat' dir='ltr'><strong>poscatur</strong></span> <span class='ocrx_word' id='word_1_272' title='bbox 1383 3735 1559 3803; x_wconf 85' lang='lat' dir='ltr'><strong>gratia</strong></span> <span class='ocrx_word' id='word_1_273' title='bbox 1587 3733 1816 3801; x_wconf 81' lang='lat' dir='ltr'><strong>Christi,</strong></span> 
     </span>
    </p>
   </div>
   <div class='ocr_carea' id='block_1_46' title="bbox 614 3819 1656 3895">
    <p class='ocr_par' dir='ltr' id='par_1_46' title="bbox 614 3819 1656 3895">
     <span class='ocr_line' id='line_1_47' title="bbox 614 3819 1656 3895; baseline 0.004 -19"><span class='ocrx_word' id='word_1_274' title='bbox 614 3819 793 3876; x_wconf 78' lang='lat' dir='ltr'><strong>Ardua</strong></span> <span class='ocrx_word' id='word_1_275' title='bbox 824 3837 929 3892; x_wconf 88' lang='lat' dir='ltr'><strong>qua</strong></span> <span class='ocrx_word' id='word_1_276' title='bbox 959 3822 1092 3894; x_wconf 82' lang='lat' dir='ltr'><strong>legis</strong></span> <span class='ocrx_word' id='word_1_277' title='bbox 1107 3823 1260 3894; x_wconf 80' lang='lat' dir='ltr'><strong>jussa</strong></span> <span class='ocrx_word' id='word_1_278' title='bbox 1290 3840 1483 3895; x_wconf 89' lang='lat' dir='ltr'><strong>queant</strong></span> <span class='ocrx_word' id='word_1_279' title='bbox 1518 3826 1656 3881; x_wconf 87' lang='lat' dir='ltr'><strong>fieri.</strong></span> 
     </span>
    </p>
   </div>
   <div class='ocr_carea' id='block_1_47' title="bbox 541 3909 1983 3985">
    <p class='ocr_par' dir='ltr' id='par_1_47' title="bbox 541 3909 1983 3985">
     <span class='ocr_line' id='line_1_48' title="bbox 541 3909 1983 3985; baseline 0.008 -23"><span class='ocrx_word' id='word_1_280' title='bbox 541 3910 560 3962; x_wconf 85' lang='lat' dir='ltr'><strong>t</strong></span> <span class='ocrx_word' id='word_1_281' title='bbox 592 3909 831 3982; x_wconf 85' lang='lat' dir='ltr'><strong>Necjatn</strong></span> <span class='ocrx_word' id='word_1_282' title='bbox 857 3929 963 3970; x_wconf 89' lang='lat' dir='ltr'><strong>non</strong></span> <span class='ocrx_word' id='word_1_283' title='bbox 996 3916 1212 3972; x_wconf 83' lang='lat' dir='ltr'><strong>valeant</strong></span> <span class='ocrx_word' id='word_1_284' title='bbox 1241 3918 1489 3973; x_wconf 80' lang='lat' dir='ltr'><strong>carnales</strong></span> <span class='ocrx_word' id='word_1_285' title='bbox 1517 3917 1736 3974; x_wconf 84' lang='lat' dir='ltr'><strong>vincere</strong></span> <span class='ocrx_word' id='word_1_286' title='bbox 1759 3931 1983 3985; x_wconf 87' lang='lat' dir='ltr'><strong>sensus,</strong></span> 
     </span>
    </p>
   </div>
   <div class='ocr_carea' id='block_1_48' title="bbox 609 4003 1733 4081">
    <p class='ocr_par' dir='ltr' id='par_1_48' title="bbox 609 4003 1733 4081">
     <span class='ocr_line' id='line_1_49' title="bbox 609 4003 1733 4081; baseline 0.01 -23"><span class='ocrx_word' id='word_1_287' title='bbox 609 4003 756 4074; x_wconf 89' lang='lat' dir='ltr'><strong>Quos</strong></span> <span class='ocrx_word' id='word_1_288' title='bbox 782 4006 942 4075; x_wconf 58' lang='lat' dir='ltr'><strong>justas</strong></span> <span class='ocrx_word' id='word_1_289' title='bbox 979 4007 1113 4078; x_wconf 78' lang='lat' dir='ltr'><strong>legis</strong></span> <span class='ocrx_word' id='word_1_290' title='bbox 1142 4009 1393 4066; x_wconf 89' lang='lat' dir='ltr'><strong>conditor</strong></span> <span class='ocrx_word' id='word_1_291' title='bbox 1420 4012 1535 4079; x_wconf 85' lang='lat' dir='ltr'><strong>ipse</strong></span> <span class='ocrx_word' id='word_1_292' title='bbox 1560 4011 1733 4081; x_wconf 90' lang='lat' dir='ltr'><strong>juvat.</strong></span> 
     </span>
    </p>
   </div>
   <div class='ocr_carea' id='block_1_49' title="bbox 933 4097 1723 4173">
    <p class='ocr_par' dir='ltr' id='par_1_49' title="bbox 933 4097 1723 4173">
     <span class='ocr_line' id='line_1_50' title="bbox 933 4097 1723 4173; baseline 0.008 -20"><span class='ocrx_word' id='word_1_293' title='bbox 933 4097 1094 4156; x_wconf 77' lang='lat' dir='ltr'><strong>XLV.</strong></span> <span class='ocrx_word' id='word_1_294' title='bbox 1140 4099 1217 4156; x_wconf 90' lang='lat' dir='ltr'><strong>De</strong></span> <span class='ocrx_word' id='word_1_295' title='bbox 1244 4103 1578 4173; x_wconf 82' lang='lat' dir='ltr'><strong>promissione</strong></span> <span class='ocrx_word' id='word_1_296' title='bbox 1606 4104 1723 4160; x_wconf 90' lang='lat' dir='ltr'><strong>Dei.</strong></span> 
     </span>
    </p>
   </div>
   <div class='ocr_carea' id='block_1_50' title="bbox 611 4185 2123 4265">
    <p class='ocr_par' dir='ltr' id='par_1_50' title="bbox 611 4185 2123 4265">
     <span class='ocr_line' id='line_1_51' title="bbox 611 4185 2123 4265; baseline 0.007 -20"><span class='ocrx_word' id='word_1_297' title='bbox 611 4185 638 4226; x_wconf 76' lang='grc' dir='ltr'><strong>¹ί</strong></span> <span class='ocrx_word' id='word_1_298' title='bbox 667 4187 781 4245; x_wconf 80' lang='lat' dir='ltr'><strong>Hoc</strong></span> <span class='ocrx_word' id='word_1_299' title='bbox 817 4192 1016 4265; x_wconf 80' lang='lat' dir='ltr'><strong>promit</strong></span> <span class='ocrx_word' id='word_1_300' title='bbox 1040 4192 1079 4247; x_wconf 89' lang='lat' dir='ltr'><strong>it</strong></span> <span class='ocrx_word' id='word_1_301' title='bbox 1105 4193 1266 4265; x_wconf 82' lang='lat' dir='ltr'><strong>Deus,</strong></span> <span class='ocrx_word' id='word_1_302' title='bbox 1306 4195 1450 4265; x_wconf 89' lang='lat' dir='ltr'><strong>quod</strong></span> <span class='ocrx_word' id='word_1_303' title='bbox 1480 4198 1595 4261; x_wconf 68' lang='lat' dir='ltr'><strong>ipse</strong></span> <span class='ocrx_word' id='word_1_304' title='bbox 1633 4198 1775 4251; x_wconf 81' lang='lat' dir='ltr'><strong>facit.</strong></span> <span class='ocrx_word' id='word_1_305' title='bbox 1825 4198 1939 4254; x_wconf 82' lang='lat' dir='ltr'><strong>Non</strong></span> <span class='ocrx_word' id='word_1_306' title='bbox 1980 4201 2123 4257; x_wconf 90' lang='lat' dir='ltr'><strong>enim</strong></span> 
     </span>
    </p>
   </div>
   <div class='ocr_carea' id='block_1_51' title="bbox 539 4258 2128 4342">
    <p class='ocr_par' dir='ltr' id='par_1_51' title="bbox 539 4258 2128 4342">
     <span class='ocr_line' id='line_1_52' title="bbox 539 4258 2128 4342; baseline 0.009 -27"><span class='ocrx_word' id='word_1_307' title='bbox 539 4258 659 4329; x_wconf 79' lang='lat' dir='ltr'><strong>ipse</strong></span> <span class='ocrx_word' id='word_1_308' title='bbox 690 4258 974 4342; x_wconf 71' lang='lat' dir='ltr'><strong>promittit,</strong></span> <span class='ocrx_word' id='word_1_309' title='bbox 996 4275 1051 4342; x_wconf 89' lang='lat' dir='ltr'><strong>e_t</strong></span> <span class='ocrx_word' id='word_1_310' title='bbox 1074 4266 1212 4319; x_wconf 86' lang='lat' dir='ltr'><strong>alios</strong></span> <span class='ocrx_word' id='word_1_311' title='bbox 1228 4258 1399 4342; x_wconf 80' lang='lat' dir='ltr'><strong>facit,</strong></span> <span class='ocrx_word' id='word_1_312' title='bbox 1428 4258 1569 4342; x_wconf 76' lang='lat' dir='ltr'><strong>quod</strong></span> <span class='ocrx_word' id='word_1_313' title='bbox 1588 4269 1697 4337; x_wconf 88' lang='lat' dir='ltr'><strong>jam</strong></span> <span class='ocrx_word' id='word_1_314' title='bbox 1727 4268 1888 4342; x_wconf 69' lang='grc'><strong>641</strong></span> <span class='ocrx_word' id='word_1_315' title='bbox 1915 4287 2018 4325; x_wconf 90' lang='lat' dir='ltr'><strong>non</strong></span> <span class='ocrx_word' id='word_1_316' title='bbox 2043 4282 2128 4330; x_wconf 89' lang='lat' dir='ltr'><strong>est</strong></span> 
     </span>
    </p>
   </div>
   <div class='ocr_carea' id='block_1_52' title="bbox 537 4332 2121 4414">
    <p class='ocr_par' dir='ltr' id='par_1_52' title="bbox 537 4332 2121 4414">
     <span class='ocr_line' id='line_1_53' title="bbox 537 4332 2121 4414; baseline 0.006 -26"><span class='ocrx_word' id='word_1_317' title='bbox 537 4332 890 4404; x_wconf 83' lang='lat' dir='ltr'><strong>promittere,</strong></span> <span class='ocrx_word' id='word_1_318' title='bbox 938 4335 1035 4392; x_wconf 89' lang='lat' dir='ltr'><strong>sed</strong></span> <span class='ocrx_word' id='word_1_319' title='bbox 1074 4338 1389 4408; x_wconf 64' lang='lat' dir='ltr'><strong>praedicere.</strong></span> <span class='ocrx_word' id='word_1_320' title='bbox 1432 4332 1559 4394; x_wconf 78' lang='lat' dir='ltr'><strong>Ideo</strong></span> <span class='ocrx_word' id='word_1_321' title='bbox 1589 4332 1698 4394; x_wconf 73' lang='lat' dir='ltr'><strong>non</strong></span> <span class='ocrx_word' id='word_1_322' title='bbox 1737 4332 1829 4395; x_wconf 65' lang='grc' dir='ltr'><em>ἷέ</em></span> <span class='ocrx_word' id='word_1_323' title='bbox 1846 4332 2121 4414; x_wconf 57' lang='lat' dir='ltr'><strong>operibus,</strong></span> 
     </span>
    </p>
   </div>
   <div class='ocr_carea' id='block_1_53' title="bbox 610 4538 1791 4615">
    <p class='ocr_par' dir='ltr' id='par_1_53' title="bbox 610 4538 1791 4615">
     <span class='ocr_line' id='line_1_54' title="bbox 610 4538 1791 4615; baseline 0.003 -23"><span class='ocrx_word' id='word_1_324' title='bbox 610 4547 636 4615; x_wconf 66' lang='grc' dir='ltr'><strong>ξι</strong></span> <span class='ocrx_word' id='word_1_325' title='bbox 666 4538 794 4615; x_wconf 61' lang='lat' dir='ltr'><strong>Mss.</strong></span> <span class='ocrx_word' id='word_1_326' title='bbox 826 4540 1167 4615; x_wconf 24' lang='lat' dir='ltr'><strong>Theod.,ADe</strong></span> <span class='ocrx_word' id='word_1_327' title='bbox 1186 4542 1432 4615; x_wconf 73' lang='lat' dir='ltr'><strong>felicitate</strong></span> <span class='ocrx_word' id='word_1_328' title='bbox 1455 4544 1791 4603; x_wconf 77' lang='lat' dir='ltr'><strong>peccantium.</strong></span> 
     </span>
    </p>
   </div>
   <div class='ocr_carea' id='block_1_54' title="bbox 606 4609 2125 4685">
    <p class='ocr_par' dir='ltr' id='par_1_54' title="bbox 606 4609 2125 4685">
     <span class='ocr_line' id='line_1_55' title="bbox 606 4609 2125 4685; baseline 0.005 -21"><span class='ocrx_word' id='word_1_329' title='bbox 606 4609 636 4649; x_wconf 73' lang='grc' dir='ltr'>δ</span> <span class='ocrx_word' id='word_1_330' title='bbox 676 4611 805 4685; x_wconf 78' lang='lat' dir='ltr'><strong>Mss.</strong></span> <span class='ocrx_word' id='word_1_331' title='bbox 838 4621 946 4668; x_wconf 31' lang='lat' dir='ltr'><strong>lies</strong></span> <span class='ocrx_word' id='word_1_332' title='bbox 971 4654 985 4676; x_wconf 88' lang='lat'><strong>,</strong></span> <span class='ocrx_word' id='word_1_333' title='bbox 1032 4613 1102 4670; x_wconf 89' lang='lat' dir='ltr'><strong>Ut</strong></span> <span class='ocrx_word' id='word_1_334' title='bbox 1142 4609 1327 4668; x_wconf 82' lang='lat' dir='ltr'><strong>causas</strong></span> <span class='ocrx_word' id='word_1_335' title='bbox 1356 4615 1537 4668; x_wconf 83' lang='lat' dir='ltr'><strong>morbi.</strong></span> <span class='ocrx_word' id='word_1_336' title='bbox 1595 4616 1674 4670; x_wconf 86' lang='lat' dir='ltr'><strong>Ex</strong></span> <span class='ocrx_word' id='word_1_337' title='bbox 1725 4614 1923 4685; x_wconf 83' lang='lat' dir='ltr'><strong>quibus</strong></span> <span class='ocrx_word' id='word_1_338' title='bbox 1968 4616 2125 4672; x_wconf 82' lang='lat' dir='ltr'><strong>Coll).</strong></span> 
     </span>
    </p>
   </div>
   <div class='ocr_carea' id='block_1_55' title="bbox 539 4684 1945 4758">
    <p class='ocr_par' dir='ltr' id='par_1_55' title="bbox 539 4684 1945 4758">
     <span class='ocr_line' id='line_1_56' title="bbox 539 4684 1945 4758; baseline 0.004 -22"><span class='ocrx_word' id='word_1_339' title='bbox 539 4684 754 4758; x_wconf 73' lang='lat' dir='ltr'><strong>unusin</strong></span> <span class='ocrx_word' id='word_1_340' title='bbox 788 4686 1030 4753; x_wconf 78' lang='lat' dir='ltr'><strong>margine</strong></span> <span class='ocrx_word' id='word_1_341' title='bbox 1058 4690 1315 4756; x_wconf 86' lang='lat' dir='ltr'><strong>scriptum</strong></span> <span class='ocrx_word' id='word_1_342' title='bbox 1350 4687 1509 4741; x_wconf 82' lang='lat' dir='ltr'><strong>habet</strong></span> <span class='ocrx_word' id='word_1_343' title='bbox 1532 4690 1673 4758; x_wconf 87' lang='lat' dir='ltr'><strong>quod</strong></span> <span class='ocrx_word' id='word_1_344' title='bbox 1704 4684 1755 4742; x_wconf 87' lang='lat' dir='ltr'><strong>in</strong></span> <span class='ocrx_word' id='word_1_345' title='bbox 1781 4688 1945 4743; x_wconf 91' lang='lat' dir='ltr'><strong>edito.</strong></span> 
     </span>
    </p>
   </div>
   <div class='ocr_carea' id='block_1_56' title="bbox 613 4753 1418 4822">
    <p class='ocr_par' dir='ltr' id='par_1_56' title="bbox 613 4753 1418 4822">
     <span class='ocr_line' id='line_1_57' title="bbox 613 4753 1418 4822; baseline 0 -13"><span class='ocrx_word' id='word_1_346' title='bbox 613 4764 635 4822; x_wconf 58' lang='grc' dir='ltr'><strong>ς</strong></span> <span class='ocrx_word' id='word_1_347' title='bbox 661 4753 788 4810; x_wconf 64' lang='lat' dir='ltr'><strong>Mss.</strong></span> <span class='ocrx_word' id='word_1_348' title='bbox 830 4766 1081 4822; x_wconf 79' lang='lat' dir='ltr'><strong>quatuor,</strong></span> <span class='ocrx_word' id='word_1_349' title='bbox 1114 4753 1227 4821; x_wconf 74' lang='lat' dir='ltr'><strong>quia</strong></span> <span class='ocrx_word' id='word_1_350' title='bbox 1254 4760 1418 4812; x_wconf 79' lang='lat' dir='ltr'><strong>docet.</strong></span> 
     </span>
    </p>
   </div>
   <div class='ocr_carea' id='block_1_57' title="bbox 608 4821 1337 4898">
    <p class='ocr_par' dir='ltr' id='par_1_57' title="bbox 608 4821 1337 4898">
     <span class='ocr_line' id='line_1_58' title="bbox 608 4821 1337 4898; baseline 0.001 -18"><span class='ocrx_word' id='word_1_351' title='bbox 608 4821 633 4861; x_wconf 72' lang='grc' dir='ltr'><em>δ</em></span> <span class='ocrx_word' id='word_1_352' title='bbox 662 4826 759 4898; x_wconf 75' lang='lat' dir='ltr'><strong>MS.</strong></span> <span class='ocrx_word' id='word_1_353' title='bbox 794 4825 1028 4898; x_wconf 55' lang='lat' dir='ltr'><strong>Thetim,</strong></span> <span class='ocrx_word' id='word_1_354' title='bbox 1060 4821 1337 4898; x_wconf 69' lang='lat' dir='ltr'><strong>vivi/icore.</strong></span> 
     </span>
    </p>
   </div>
   <div class='ocr_carea' id='block_1_58' title="bbox 609 4897 2124 4972">
    <p class='ocr_par' dir='ltr' id='par_1_58' title="bbox 609 4897 2124 4972">
     <span class='ocr_line' id='line_1_59' title="bbox 609 4897 2124 4972; baseline 0.005 -23"><span class='ocrx_word' id='word_1_355' title='bbox 609 4897 807 4972; x_wconf 47' lang='lat' dir='ltr'><strong>elidit.</strong></span> <span class='ocrx_word' id='word_1_356' title='bbox 864 4897 1021 4966; x_wconf 52' lang='grc' dir='ltr'><strong>νειμ,</strong></span> <span class='ocrx_word' id='word_1_357' title='bbox 1074 4897 1320 4955; x_wconf 85' lang='lat' dir='ltr'><strong>Scire....</strong></span> <span class='ocrx_word' id='word_1_358' title='bbox 1362 4918 1516 4972; x_wconf 86' lang='lat' dir='ltr'><strong>quam</strong></span> <span class='ocrx_word' id='word_1_359' title='bbox 1555 4917 1749 4957; x_wconf 79' lang='lat' dir='ltr'><strong>cavere.</strong></span> <span class='ocrx_word' id='word_1_360' title='bbox 1799 4902 1930 4957; x_wconf 77' lang='lat' dir='ltr'><strong>Mss;</strong></span> <span class='ocrx_word' id='word_1_361' title='bbox 1985 4902 2124 4971; x_wconf 86' lang='lat' dir='ltr'><strong>duo,</strong></span> 
     </span>
    </p>
   </div>
   <div class='ocr_carea' id='block_1_59' title="bbox 535 4969 2009 5042">
    <p class='ocr_par' dir='ltr' id='par_1_59' title="bbox 535 4969 2009 5042">
     <span class='ocr_line' id='line_1_60' title="bbox 535 4969 2009 5042; baseline 0.003 -20"><span class='ocrx_word' id='word_1_362' title='bbox 535 4969 742 5042; x_wconf 56' lang='lat' dir='ltr'><strong>Deiri...</strong></span> <span class='ocrx_word' id='word_1_363' title='bbox 775 4986 930 5040; x_wconf 83' lang='lat' dir='ltr'><strong>quam</strong></span> <span class='ocrx_word' id='word_1_364' title='bbox 959 4972 1146 5025; x_wconf 82' lang='lat' dir='ltr'><strong>caveri.</strong></span> <span class='ocrx_word' id='word_1_365' title='bbox 1181 4972 1354 5025; x_wconf 78' lang='lat' dir='ltr'><strong>Alii...</strong></span> <span class='ocrx_word' id='word_1_366' title='bbox 1375 4969 1601 5028; x_wconf 30' lang='lat' dir='ltr'><strong>’Scire...</strong></span> <span class='ocrx_word' id='word_1_367' title='bbox 1638 4990 1792 5042; x_wconf 84' lang='lat' dir='ltr'><strong>quant</strong></span> <span class='ocrx_word' id='word_1_368' title='bbox 1822 4975 2009 5027; x_wconf 78' lang='lat' dir='ltr'><strong>caveri.</strong></span> 
     </span>
    </p>
   </div>
   <div class='ocr_carea' id='block_1_60' title="bbox 609 5037 1911 5166">
    <p class='ocr_par' dir='ltr' id='par_1_60' title="bbox 609 5037 1911 5166">
     <span class='ocr_line' id='line_1_61' title="bbox 609 5037 1911 5166; baseline 0.003 -72"><span class='ocrx_word' id='word_1_369' title='bbox 609 5037 629 5077; x_wconf 69' lang='grc' dir='ltr'><strong>ί</strong></span> <span class='ocrx_word' id='word_1_370' title='bbox 662 5040 759 5095; x_wconf 82' lang='lat' dir='ltr'><strong>Ms.</strong></span> <span class='ocrx_word' id='word_1_371' title='bbox 788 5037 925 5111; x_wconf 65' lang='lat' dir='ltr'><strong>Reg.</strong></span> <span class='ocrx_word' id='word_1_372' title='bbox 950 5054 1004 5098; x_wconf 92' lang='lat' dir='ltr'><strong>et</strong></span> <span class='ocrx_word' id='word_1_373' title='bbox 1030 5042 1158 5098; x_wconf 85' lang='lat' dir='ltr'><strong>edit.</strong></span> <span class='ocrx_word' id='word_1_374' title='bbox 1197 5042 1354 5108; x_wconf 85' lang='lat' dir='ltr'><strong>Ven.,</strong></span> <span class='ocrx_word' id='word_1_375' title='bbox 1386 5045 1545 5113; x_wconf 81' lang='lat' dir='ltr'><strong>magis</strong></span> <span class='ocrx_word' id='word_1_376' title='bbox 1567 5037 1691 5166; x_wconf 45' lang='grc' dir='ltr'><strong>δασὺ</strong></span> <span class='ocrx_word' id='word_1_377' title='bbox 1711 5046 1911 5113; x_wconf 81' lang='lat' dir='ltr'><strong>augeri.</strong></span> 
     </span>
     <span class='ocr_line' id='line_1_62' title="bbox 609 5115 1911 5166; baseline 0.001 -1"><span class='ocrx_word' id='word_1_378' title='bbox 609 5119 631 5157; x_wconf 74' lang='grc' dir='ltr'><strong>Β</strong></span> <span class='ocrx_word' id='word_1_379' title='bbox 668 5117 739 5165; x_wconf 79' lang='lat' dir='ltr'><strong>Ita</strong></span> <span class='ocrx_word' id='word_1_380' title='bbox 769 5128 900 5166; x_wconf 86' lang='lat' dir='ltr'><strong>mss.</strong></span> <span class='ocrx_word' id='word_1_381' title='bbox 923 5118 1291 5166; x_wconf 83' lang='lat' dir='ltr'><strong>ouinouerum</strong></span> <span class='ocrx_word' id='word_1_382' title='bbox 1311 5116 1549 5166; x_wconf 85' lang='lat' dir='ltr'><strong>editiooe</strong></span> <span class='ocrx_word' id='word_1_383' title='bbox 1610 5133 1698 5166; x_wconf 88' lang='lat' dir='ltr'><strong>en.</strong></span> <span class='ocrx_word' id='word_1_384' title='bbox 1719 5115 1841 5166; x_wconf 82' lang='lat' dir='ltr'><strong>Atii-</strong></span> <span class='ocrx_word' id='word_1_385' title='bbox 1864 5117 1911 5166; x_wconf 82' lang='lat' dir='ltr'><strong>el</strong></span> 
     </span>
    </p>
   </div>
   <div class='ocr_carea' id='block_1_61' title="bbox 607 5115 2120 5183">
    <p class='ocr_par' dir='ltr' id='par_1_61' title="bbox 607 5115 2120 5183">
     <span class='ocr_line' id='line_1_63' title="bbox 607 5115 2120 5183; baseline 0.004 -19"><span class='ocrx_word' id='word_1_386' title='bbox 607 5119 631 5183; x_wconf 60' lang='grc' dir='ltr'>β</span> <span class='ocrx_word' id='word_1_387' title='bbox 668 5117 739 5165; x_wconf 81' lang='lat' dir='ltr'><strong>Ita</strong></span> <span class='ocrx_word' id='word_1_388' title='bbox 769 5128 900 5168; x_wconf 85' lang='lat' dir='ltr'><strong>mss.</strong></span> <span class='ocrx_word' id='word_1_389' title='bbox 923 5118 1157 5183; x_wconf 83' lang='lat' dir='ltr'><strong>quinque</strong></span> <span class='ocrx_word' id='word_1_390' title='bbox 1169 5130 1291 5168; x_wconf 86' lang='lat' dir='ltr'><strong>rum</strong></span> <span class='ocrx_word' id='word_1_391' title='bbox 1311 5116 1549 5169; x_wconf 77' lang='lat' dir='ltr'><strong>editioiie</strong></span> <span class='ocrx_word' id='word_1_392' title='bbox 1567 5115 1698 5171; x_wconf 82' lang='lat' dir='ltr'><strong>Ven.</strong></span> <span class='ocrx_word' id='word_1_393' title='bbox 1719 5115 1843 5183; x_wconf 82' lang='lat' dir='ltr'><strong>Atii,</strong></span> <span class='ocrx_word' id='word_1_394' title='bbox 1864 5115 2120 5182; x_wconf 76' lang='lat' dir='ltr'><strong>e/fectum.</strong></span> 
     </span>
    </p>
   </div>
   <div class='ocr_carea' id='block_1_62' title="bbox 608 5180 1903 5254">
    <p class='ocr_par' dir='ltr' id='par_1_62' title="bbox 608 5180 1903 5254">
     <span class='ocr_line' id='line_1_64' title="bbox 608 5180 1903 5254; baseline 0.002 -18"><span class='ocrx_word' id='word_1_395' title='bbox 608 5180 632 5254; x_wconf 47' lang='grc' dir='ltr'><strong>ἒ</strong></span> <span class='ocrx_word' id='word_1_396' title='bbox 664 5183 806 5254; x_wconf 65' lang='lat' dir='ltr'><strong>lidit.</strong></span> <span class='ocrx_word' id='word_1_397' title='bbox 843 5180 977 5237; x_wconf 82' lang='lat' dir='ltr'><strong>Ven.</strong></span> <span class='ocrx_word' id='word_1_398' title='bbox 1010 5187 1153 5239; x_wconf 83' lang='lat' dir='ltr'><strong>addit</strong></span> <span class='ocrx_word' id='word_1_399' title='bbox 1182 5186 1266 5238; x_wconf 80' lang='lat' dir='ltr'><strong>Itir.</strong></span> <span class='ocrx_word' id='word_1_400' title='bbox 1288 5203 1478 5240; x_wconf 82' lang='lat' dir='ltr'><strong>vocem</strong></span> <span class='ocrx_word' id='word_1_401' title='bbox 1509 5186 1666 5254; x_wconf 83' lang='lat' dir='ltr'><strong>Itane,</strong></span> <span class='ocrx_word' id='word_1_402' title='bbox 1694 5180 1903 5242; x_wconf 80' lang='lat' dir='ltr'><strong>Christi.</strong></span> 
     </span>
    </p>
   </div>
   <div class='ocr_carea' id='block_1_63' title="bbox 614 5250 2120 5328">
    <p class='ocr_par' dir='ltr' id='par_1_63' title="bbox 614 5250 2120 5328">
     <span class='ocr_line' id='line_1_65' title="bbox 614 5250 2120 5328; baseline 0.003 -21"><span class='ocrx_word' id='word_1_403' title='bbox 614 5250 629 5287; x_wconf 79' lang='grc' dir='ltr'><strong>ί</strong></span> <span class='ocrx_word' id='word_1_404' title='bbox 662 5252 758 5307; x_wconf 81' lang='lat' dir='ltr'><strong>Ms.</strong></span> <span class='ocrx_word' id='word_1_405' title='bbox 784 5253 1059 5328; x_wconf 67' lang='lat' dir='ltr'><strong>Joliettsis,</strong></span> <span class='ocrx_word' id='word_1_406' title='bbox 1079 5258 1201 5328; x_wconf 86' lang='lat' dir='ltr'><strong>quia</strong></span> <span class='ocrx_word' id='word_1_407' title='bbox 1219 5256 1413 5311; x_wconf 85' lang='lat' dir='ltr'><strong>vitium.</strong></span> <span class='ocrx_word' id='word_1_408' title='bbox 1442 5259 1539 5312; x_wconf 73' lang='lat' dir='ltr'><strong>Ms.</strong></span> <span class='ocrx_word' id='word_1_409' title='bbox 1571 5250 1787 5328; x_wconf 79' lang='lat' dir='ltr'><strong>Regius,</strong></span> <span class='ocrx_word' id='word_1_410' title='bbox 1812 5274 1972 5327; x_wconf 86' lang='lat' dir='ltr'><strong>neque</strong></span> <span class='ocrx_word' id='word_1_411' title='bbox 1986 5258 2120 5311; x_wconf 87' lang='lat' dir='ltr'><strong>enim</strong></span> 
     </span>
    </p>
   </div>
   <div class='ocr_carea' id='block_1_64' title="bbox 533 5327 2115 5399">
    <p class='ocr_par' dir='ltr' id='par_1_64' title="bbox 533 5327 2115 5399">
     <span class='ocr_line' id='line_1_66' title="bbox 533 5327 2115 5399; baseline 0.006 -25"><span class='ocrx_word' id='word_1_412' title='bbox 533 5332 643 5399; x_wconf 64' lang='lat' dir='ltr'><strong>erat</strong></span> <span class='ocrx_word' id='word_1_413' title='bbox 658 5340 766 5399; x_wconf 49' lang='lat' dir='ltr'><strong>sua</strong></span> <span class='ocrx_word' id='word_1_414' title='bbox 796 5327 916 5399; x_wconf 82' lang='lat' dir='ltr'><strong>vitio</strong></span> <span class='ocrx_word' id='word_1_415' title='bbox 959 5327 1099 5399; x_wconf 82' lang='lat' dir='ltr'><strong>quod</strong></span> <span class='ocrx_word' id='word_1_416' title='bbox 1128 5344 1229 5381; x_wconf 74' lang='lat' dir='ltr'><strong>non</strong></span> <span class='ocrx_word' id='word_1_417' title='bbox 1258 5327 1734 5398; x_wconf 20' lang='lat' dir='ltr'><strong>implebatttr....ict</strong></span> <span class='ocrx_word' id='word_1_418' title='bbox 1761 5345 1851 5399; x_wconf 79' lang='lat' dir='ltr'><strong>per</strong></span> <span class='ocrx_word' id='word_1_419' title='bbox 1878 5331 2115 5398; x_wconf 80' lang='lat' dir='ltr'><strong>gratiam.</strong></span> 
     </span>
    </p>
   </div>
   <div class='ocr_carea' id='block_1_65' title="bbox 532 5392 1760 5465">
    <p class='ocr_par' dir='ltr' id='par_1_65' title="bbox 532 5392 1760 5465">
     <span class='ocr_line' id='line_1_67' title="bbox 532 5392 1760 5465; baseline 0.003 -18"><span class='ocrx_word' id='word_1_420' title='bbox 532 5392 612 5447; x_wconf 82' lang='lat' dir='ltr'><strong>Ms</strong></span> <span class='ocrx_word' id='word_1_421' title='bbox 657 5393 888 5465; x_wconf 84' lang='lat' dir='ltr'><strong>&#39;I&#39;heod.,</strong></span> <span class='ocrx_word' id='word_1_422' title='bbox 917 5392 1007 5451; x_wconf 76' lang='lat' dir='ltr'><strong>sed</strong></span> <span class='ocrx_word' id='word_1_423' title='bbox 1033 5415 1098 5452; x_wconf 79' lang='lat' dir='ltr'><strong>ea:</strong></span> <span class='ocrx_word' id='word_1_424' title='bbox 1120 5399 1241 5452; x_wconf 77' lang='lat' dir='ltr'><strong>uitio</strong></span> <span class='ocrx_word' id='word_1_425' title='bbox 1266 5392 1549 5465; x_wconf 72' lang='lat' dir='ltr'><strong>prudentiae</strong></span> <span class='ocrx_word' id='word_1_426' title='bbox 1572 5401 1760 5453; x_wconf 87' lang='lat' dir='ltr'><strong>carnis.</strong></span> 
     </span>
    </p>
   </div>
   <div class='ocr_carea' id='block_1_66' title="bbox 607 5464 2207 5536">
    <p class='ocr_par' dir='ltr' id='par_1_66' title="bbox 607 5464 2207 5536">
     <span class='ocr_line' id='line_1_68' title="bbox 607 5464 2207 5536; baseline 0.007 -22"><span class='ocrx_word' id='word_1_427' title='bbox 607 5474 624 5514; x_wconf 77' lang='grc' dir='ltr'><strong><em>ι</em></strong></span> <span class='ocrx_word' id='word_1_428' title='bbox 665 5465 762 5519; x_wconf 85' lang='lat' dir='ltr'><strong>Ms.</strong></span> <span class='ocrx_word' id='word_1_429' title='bbox 785 5535 792 5536; x_wconf 14' lang='grc' dir='ltr'>ί</span> <span class='ocrx_word' id='word_1_430' title='bbox 813 5464 964 5522; x_wconf 73' lang='lat' dir='ltr'><strong>Coll).</strong></span> <span class='ocrx_word' id='word_1_431' title='bbox 992 5486 1150 5531; x_wconf 87' lang='lat' dir='ltr'><strong>unus.</strong></span> <span class='ocrx_word' id='word_1_432' title='bbox 1181 5464 1431 5536; x_wconf 81' lang='lat' dir='ltr'><strong>Nejam;</strong></span> <span class='ocrx_word' id='word_1_433' title='bbox 1459 5471 1546 5523; x_wconf 84' lang='lat' dir='ltr'><strong>alii</strong></span> <span class='ocrx_word' id='word_1_434' title='bbox 1574 5469 1811 5533; x_wconf 86' lang='lat' dir='ltr'><strong>codices,</strong></span> <span class='ocrx_word' id='word_1_435' title='bbox 1843 5470 1953 5524; x_wconf 85' lang='lat' dir='ltr'><strong>Nec</strong></span> <span class='ocrx_word' id='word_1_436' title='bbox 1979 5474 2115 5536; x_wconf 86' lang='lat' dir='ltr'><strong>jam.</strong></span> <span class='ocrx_word' id='word_1_437' title='bbox 2204 5491 2207 5494; x_wconf 50' lang='grc' dir='ltr'>ν</span> 
     </span>
    </p>
   </div>
   <div class='ocr_carea' id='block_1_67' title="bbox 532 5534 1936 5609">
    <p class='ocr_par' dir='ltr' id='par_1_67' title="bbox 532 5534 1936 5609">
     <span class='ocr_line' id='line_1_69' title="bbox 532 5534 1936 5609; baseline 0.004 -17"><span class='ocrx_word' id='word_1_438' title='bbox 532 5534 661 5609; x_wconf 73' lang='lat' dir='ltr'><strong>Mss.</strong></span> <span class='ocrx_word' id='word_1_439' title='bbox 705 5535 976 5609; x_wconf 68' lang='lat' dir='ltr'><strong>quinque,</strong></span> <span class='ocrx_word' id='word_1_440' title='bbox 1009 5534 1495 5595; x_wconf 43' lang='lat' dir='ltr'><strong>carnalem—vincere</strong></span> <span class='ocrx_word' id='word_1_441' title='bbox 1539 5558 1773 5609; x_wconf 78' lang='lat' dir='ltr'><strong>sensum,</strong></span> <span class='ocrx_word' id='word_1_442' title='bbox 1823 5543 1936 5598; x_wconf 87' lang='lat' dir='ltr'><strong>sola</strong></span> 
     </span>
    </p>
   </div>
   <div class='ocr_carea' id='block_1_68' title="bbox 530 5604 1797 5671">
    <p class='ocr_par' dir='ltr' id='par_1_68' title="bbox 530 5604 1797 5671">
     <span class='ocr_line' id='line_1_70' title="bbox 530 5604 1797 5671; baseline 0.002 -7"><span class='ocrx_word' id='word_1_443' title='bbox 530 5604 733 5671; x_wconf 78' lang='lat' dir='ltr'><strong>editio,</strong></span> <span class='ocrx_word' id='word_1_444' title='bbox 756 5604 877 5661; x_wconf 75' lang='lat' dir='ltr'><strong>Non</strong></span> <span class='ocrx_word' id='word_1_445' title='bbox 919 5611 1081 5664; x_wconf 74' lang='lat' dir='ltr'><strong>valeat</strong></span> <span class='ocrx_word' id='word_1_446' title='bbox 1111 5618 1343 5666; x_wconf 78' lang='lat' dir='ltr'><strong>caritates</strong></span> <span class='ocrx_word' id='word_1_447' title='bbox 1373 5616 1569 5667; x_wconf 77' lang='lat' dir='ltr'><strong>vincere</strong></span> <span class='ocrx_word' id='word_1_448' title='bbox 1596 5604 1797 5667; x_wconf 80' lang='lat' dir='ltr'><strong>sensus.</strong></span> 
     </span>
    </p>
   </div>
   <div class='ocr_carea' id='block_1_69' title="bbox 601 5676 2113 5754">
    <p class='ocr_par' dir='ltr' id='par_1_69' title="bbox 601 5676 2113 5754">
     <span class='ocr_line' id='line_1_71' title="bbox 601 5676 2113 5754; baseline 0.008 -26"><span class='ocrx_word' id='word_1_449' title='bbox 601 5676 627 5717; x_wconf 71' lang='grc' dir='ltr'>ι</span> <span class='ocrx_word' id='word_1_450' title='bbox 656 5677 786 5754; x_wconf 68' lang='lat' dir='ltr'><strong>llss.</strong></span> <span class='ocrx_word' id='word_1_451' title='bbox 814 5694 908 5754; x_wconf 67' lang='lat' dir='ltr'><strong>sex</strong></span> <span class='ocrx_word' id='word_1_452' title='bbox 935 5690 989 5754; x_wconf 72' lang='lat' dir='ltr'><strong>et</strong></span> <span class='ocrx_word' id='word_1_453' title='bbox 1014 5680 1151 5754; x_wconf 72' lang='lat' dir='ltr'><strong>Ven.</strong></span> <span class='ocrx_word' id='word_1_454' title='bbox 1178 5683 1338 5745; x_wconf 89' lang='lat' dir='ltr'><strong>edit.,</strong></span> <span class='ocrx_word' id='word_1_455' title='bbox 1380 5683 1498 5754; x_wconf 79' lang='lat' dir='ltr'><strong>Hoc</strong></span> <span class='ocrx_word' id='word_1_456' title='bbox 1517 5684 1654 5754; x_wconf 80' lang='lat' dir='ltr'><strong>quod</strong></span> <span class='ocrx_word' id='word_1_457' title='bbox 1676 5685 1926 5750; x_wconf 83' lang='lat' dir='ltr'><strong>promittit</strong></span> <span class='ocrx_word' id='word_1_458' title='bbox 1954 5685 2113 5753; x_wconf 84' lang='lat' dir='ltr'><strong>Deus,</strong></span> 
     </span>
    </p>
   </div>
   <div class='ocr_carea' id='block_1_70' title="bbox 528 5749 2117 5829">
    <p class='ocr_par' dir='ltr' id='par_1_70' title="bbox 528 5749 2117 5829">
     <span class='ocr_line' id='line_1_72' title="bbox 528 5749 2117 5829; baseline 0.002 -22"><span class='ocrx_word' id='word_1_459' title='bbox 528 5751 812 5829; x_wconf 60' lang='lat' dir='ltr'><strong>ipsefacit.</strong></span> <span class='ocrx_word' id='word_1_460' title='bbox 837 5749 1193 5829; x_wconf 61' lang='lat' dir='ltr'><strong>EadentVen.</strong></span> <span class='ocrx_word' id='word_1_461' title='bbox 1215 5755 1398 5829; x_wconf 78' lang='lat' dir='ltr'><strong>editio,</strong></span> <span class='ocrx_word' id='word_1_462' title='bbox 1423 5749 1543 5829; x_wconf 67' lang='lat' dir='ltr'><strong>Non</strong></span> <span class='ocrx_word' id='word_1_463' title='bbox 1572 5749 1706 5829; x_wconf 77' lang='lat' dir='ltr'><strong>enim</strong></span> <span class='ocrx_word' id='word_1_464' title='bbox 1731 5759 1839 5823; x_wconf 87' lang='lat' dir='ltr'><strong>ipse</strong></span> <span class='ocrx_word' id='word_1_465' title='bbox 1868 5749 2117 5829; x_wconf 82' lang='lat' dir='ltr'><strong>promittit</strong></span> 
     </span>
    </p>
   </div>
   <div class='ocr_carea' id='block_1_71' title="bbox 529 5821 2117 5899">
    <p class='ocr_par' dir='ltr' id='par_1_71' title="bbox 529 5821 2117 5899">
     <span class='ocr_line' id='line_1_73' title="bbox 529 5821 2117 5899; baseline 0.002 -20"><span class='ocrx_word' id='word_1_466' title='bbox 529 5821 577 5880; x_wconf 74' lang='lat' dir='ltr'><strong>st</strong></span> <span class='ocrx_word' id='word_1_467' title='bbox 602 5823 956 5899; x_wconf 57' lang='grc' dir='ltr'><strong>ςιιίιιαίαεὶεῪ</strong></span> <span class='ocrx_word' id='word_1_468' title='bbox 977 5821 1106 5878; x_wconf 81' lang='lat' dir='ltr'><strong>Ideo</strong></span> <span class='ocrx_word' id='word_1_469' title='bbox 1129 5826 1357 5881; x_wconf 76' lang='lat' dir='ltr'><strong>homines</strong></span> <span class='ocrx_word' id='word_1_470' title='bbox 1377 5844 1479 5880; x_wconf 85' lang='lat' dir='ltr'><strong>non</strong></span> <span class='ocrx_word' id='word_1_471' title='bbox 1503 5827 1634 5897; x_wconf 78' lang='lat' dir='ltr'><strong>ﬁunt</strong></span> <span class='ocrx_word' id='word_1_472' title='bbox 1656 5821 1773 5881; x_wconf 83' lang='lat' dir='ltr'><strong>boni</strong></span> <span class='ocrx_word' id='word_1_473' title='bbox 1797 5821 2117 5899; x_wconf 53' lang='lat' dir='ltr'><strong>ex&#39;operibus</strong></span> 
     </span>
    </p>
   </div>
   <div class='ocr_carea' id='block_1_72' title="bbox 532 5894 2117 5971">
    <p class='ocr_par' dir='ltr' id='par_1_72' title="bbox 532 5894 2117 5971">
     <span class='ocr_line' id='line_1_74' title="bbox 532 5894 2117 5971; baseline 0.003 -20"><span class='ocrx_word' id='word_1_474' title='bbox 532 5894 661 5954; x_wconf 86' lang='lat' dir='ltr'><strong>suis.</strong></span> <span class='ocrx_word' id='word_1_475' title='bbox 693 5895 783 5951; x_wconf 85' lang='lat' dir='ltr'><strong>ml</strong></span> <span class='ocrx_word' id='word_1_476' title='bbox 820 5910 885 5952; x_wconf 76' lang='lat' dir='ltr'><strong>ea:</strong></span> <span class='ocrx_word' id='word_1_477' title='bbox 910 5894 1020 5957; x_wconf 84' lang='lat' dir='ltr'><strong>Deo</strong></span> <span class='ocrx_word' id='word_1_478' title='bbox 1049 5906 1276 5965; x_wconf 78' lang='lat' dir='ltr'><strong>vocante,</strong></span> <span class='ocrx_word' id='word_1_479' title='bbox 1306 5914 1369 5954; x_wconf 83' lang='lat' dir='ltr'><strong>ne</strong></span> <span class='ocrx_word' id='word_1_480' title='bbox 1392 5894 1622 5963; x_wconf 73' lang='lat' dir='ltr'><strong>ipsarum</strong></span> <span class='ocrx_word' id='word_1_481' title='bbox 1652 5900 1718 5955; x_wconf 82' lang='lat' dir='ltr'><strong>sit</strong></span> <span class='ocrx_word' id='word_1_482' title='bbox 1750 5894 1975 5971; x_wconf 82' lang='lat' dir='ltr'><strong>bonitas,</strong></span> <span class='ocrx_word' id='word_1_483' title='bbox 2027 5900 2117 5956; x_wconf 85' lang='lat' dir='ltr'><strong>mt</strong></span> 
     </span>
    </p>
   </div>
   <div class='ocr_carea' id='block_1_73' title="bbox 2027 5558 2115 5597">
    <p class='ocr_par' dir='ltr' id='par_1_73' title="bbox 2027 5558 2115 5597">
     <span class='ocr_line' id='line_1_75' title="bbox 2027 5558 2115 5597; baseline -0.023 0"><span class='ocrx_word' id='word_1_484' title='bbox 2027 5558 2115 5597; x_wconf 77' lang='lat' dir='ltr'><strong>CD.</strong></span> 
     </span>
    </p>
   </div>
   <div class='ocr_carea' id='block_1_74' title="bbox 2330 822 3660 894">
    <p class='ocr_par' dir='ltr' id='par_1_74' title="bbox 2330 822 3660 894">
     <span class='ocr_line' id='line_1_76' title="bbox 2330 822 3660 894; baseline 0.002 -19"><span class='ocrx_word' id='word_1_485' title='bbox 2330 822 2439 877; x_wconf 78' lang='lat' dir='ltr'><strong>Nec</strong></span> <span class='ocrx_word' id='word_1_486' title='bbox 2468 824 2742 891; x_wconf 87' lang='lat' dir='ltr'><strong>proprium</strong></span> <span class='ocrx_word' id='word_1_487' title='bbox 2773 823 3012 877; x_wconf 89' lang='lat' dir='ltr'><strong>externis</strong></span> <span class='ocrx_word' id='word_1_488' title='bbox 3042 822 3249 879; x_wconf 84' lang='lat' dir='ltr'><strong>viribus</strong></span> <span class='ocrx_word' id='word_1_489' title='bbox 3279 823 3472 894; x_wconf 87' lang='lat' dir='ltr'><strong>implet</strong></span> <span class='ocrx_word' id='word_1_490' title='bbox 3500 838 3660 894; x_wconf 90' lang='lat' dir='ltr'><strong>opus.</strong></span> 
     </span>
    </p>
   </div>
   <div class='ocr_carea' id='block_1_75' title="bbox 2256 914 3693 987">
    <p class='ocr_par' dir='ltr' id='par_1_75' title="bbox 2256 914 3693 987">
     <span class='ocr_line' id='line_1_77' title="bbox 2256 914 3693 987; baseline 0.003 -18"><span class='ocrx_word' id='word_1_491' title='bbox 2256 914 2392 969; x_wconf 83' lang='lat' dir='ltr'><strong>Hinc</strong></span> <span class='ocrx_word' id='word_1_492' title='bbox 2420 930 2611 970; x_wconf 86' lang='lat' dir='ltr'><strong>secura</strong></span> <span class='ocrx_word' id='word_1_493' title='bbox 2646 916 2780 970; x_wconf 84' lang='lat' dir='ltr'><strong>fides</strong></span> <span class='ocrx_word' id='word_1_494' title='bbox 2811 925 2993 986; x_wconf 87' lang='lat' dir='ltr'><strong>sperat</strong></span> <span class='ocrx_word' id='word_1_495' title='bbox 3019 916 3163 985; x_wconf 91' lang='lat' dir='ltr'><strong>quod</strong></span> <span class='ocrx_word' id='word_1_496' title='bbox 3191 917 3413 982; x_wconf 88' lang='lat' dir='ltr'><strong>credit,</strong></span> <span class='ocrx_word' id='word_1_497' title='bbox 3445 928 3693 987; x_wconf 74' lang='lat' dir='ltr'><strong>amatque</strong></span> 
     </span>
    </p>
   </div>
   <div class='ocr_carea' id='block_1_76' title="bbox 2330 1004 3634 1079">
    <p class='ocr_par' dir='ltr' id='par_1_76' title="bbox 2330 1004 3634 1079">
     <span class='ocr_line' id='line_1_78' title="bbox 2330 1004 3634 1079; baseline 0 -16"><span class='ocrx_word' id='word_1_498' title='bbox 2330 1013 2618 1063; x_wconf 52' lang='lat' dir='ltr'><strong>Auctorem</strong></span> <span class='ocrx_word' id='word_1_499' title='bbox 2642 1054 2656 1075; x_wconf 88' lang='lat'><strong>,</strong></span> <span class='ocrx_word' id='word_1_500' title='bbox 2688 1008 2779 1079; x_wconf 88' lang='lat' dir='ltr'><strong>qui</strong></span> <span class='ocrx_word' id='word_1_501' title='bbox 2806 1007 2949 1077; x_wconf 91' lang='lat' dir='ltr'><strong>quod</strong></span> <span class='ocrx_word' id='word_1_502' title='bbox 2982 1009 3215 1075; x_wconf 75' lang='lat' dir='ltr'><strong>Spondet</strong></span> <span class='ocrx_word' id='word_1_503' title='bbox 3248 1004 3295 1075; x_wconf 78' lang='grc' dir='ltr'><strong>ι,</strong></span> <span class='ocrx_word' id='word_1_504' title='bbox 3326 1018 3381 1064; x_wconf 87' lang='lat' dir='ltr'><strong>et</strong></span> <span class='ocrx_word' id='word_1_505' title='bbox 3409 1008 3634 1064; x_wconf 81' lang='lat' dir='ltr'><strong>efficiet.</strong></span> 
     </span>
    </p>
   </div>
   <div class='ocr_carea' id='block_1_77' title="bbox 2253 1100 3698 1172">
    <p class='ocr_par' dir='ltr' id='par_1_77' title="bbox 2253 1100 3698 1172">
     <span class='ocr_line' id='line_1_79' title="bbox 2253 1100 3698 1172; baseline 0.001 -15"><span class='ocrx_word' id='word_1_506' title='bbox 2253 1100 2387 1157; x_wconf 83' lang='lat' dir='ltr'><strong>Nam</strong></span> <span class='ocrx_word' id='word_1_507' title='bbox 2417 1102 2459 1154; x_wconf 83' lang='lat' dir='ltr'><strong>si</strong></span> <span class='ocrx_word' id='word_1_508' title='bbox 2491 1115 2611 1172; x_wconf 65' lang='lat' dir='ltr'><strong>quae</strong></span> <span class='ocrx_word' id='word_1_509' title='bbox 2645 1102 2901 1155; x_wconf 81' lang='lat' dir='ltr'><strong>Dominus</strong></span> <span class='ocrx_word' id='word_1_510' title='bbox 2934 1101 3203 1172; x_wconf 85' lang='lat' dir='ltr'><strong>promittit</strong></span> <span class='ocrx_word' id='word_1_511' title='bbox 3223 1143 3239 1164; x_wconf 88' lang='lat'><strong>,</strong></span> <span class='ocrx_word' id='word_1_512' title='bbox 3286 1116 3393 1157; x_wconf 91' lang='lat' dir='ltr'><strong>non</strong></span> <span class='ocrx_word' id='word_1_513' title='bbox 3424 1111 3698 1170; x_wconf 87' lang='lat' dir='ltr'><strong>operatur,</strong></span> 
     </span>
    </p>
   </div>
   <div class='ocr_carea' id='block_1_78' title="bbox 2324 1180 3633 1267">
    <p class='ocr_par' dir='ltr' id='par_1_78' title="bbox 2324 1180 3633 1267">
     <span class='ocr_line' id='line_1_80' title="bbox 2324 1180 3633 1267; baseline -0.001 -17"><span class='ocrx_word' id='word_1_514' title='bbox 2324 1180 2441 1250; x_wconf 86' lang='lat' dir='ltr'><strong>Sed</strong></span> <span class='ocrx_word' id='word_1_515' title='bbox 2460 1195 2638 1248; x_wconf 82' lang='lat' dir='ltr'><strong>solum</strong></span> <span class='ocrx_word' id='word_1_516' title='bbox 2670 1196 2965 1252; x_wconf 86' lang='lat' dir='ltr'><strong>humanum</strong></span> <span class='ocrx_word' id='word_1_517' title='bbox 2999 1194 3269 1267; x_wconf 71' lang='lat' dir='ltr'><strong>prtevidet</strong></span> <span class='ocrx_word' id='word_1_518' title='bbox 3299 1196 3586 1250; x_wconf 86' lang='lat' dir='ltr'><strong>arbitrium</strong></span> <span class='ocrx_word' id='word_1_519' title='bbox 3618 1211 3633 1249; x_wconf 88' lang='lat'><strong>:</strong></span> 
     </span>
    </p>
   </div>
   <div class='ocr_carea' id='block_1_79' title="bbox 2254 1284 3739 1358">
    <p class='ocr_par' dir='ltr' id='par_1_79' title="bbox 2254 1284 3739 1358">
     <span class='ocr_line' id='line_1_81' title="bbox 2254 1284 3739 1358; baseline 0.001 -16"><span class='ocrx_word' id='word_1_520' title='bbox 2254 1284 2372 1342; x_wconf 83' lang='lat' dir='ltr'><strong>Non</strong></span> <span class='ocrx_word' id='word_1_521' title='bbox 2408 1285 2524 1341; x_wconf 63' lang='lat' dir='ltr'><strong>haec</strong></span> <span class='ocrx_word' id='word_1_522' title='bbox 2554 1287 2693 1340; x_wconf 89' lang='lat' dir='ltr'><strong>dona</strong></span> <span class='ocrx_word' id='word_1_523' title='bbox 2724 1286 2842 1357; x_wconf 84' lang='lat' dir='ltr'><strong>ejus</strong></span> <span class='ocrx_word' id='word_1_524' title='bbox 2864 1328 2880 1351; x_wconf 91' lang='lat'><strong>,</strong></span> <span class='ocrx_word' id='word_1_525' title='bbox 2912 1287 3007 1341; x_wconf 91' lang='lat' dir='ltr'><strong>sed</strong></span> <span class='ocrx_word' id='word_1_526' title='bbox 3040 1300 3166 1342; x_wconf 90' lang='lat' dir='ltr'><strong>sunt</strong></span> <span class='ocrx_word' id='word_1_527' title='bbox 3194 1287 3457 1358; x_wconf 72' lang='lat' dir='ltr'><strong>przrdicta</strong></span> <span class='ocrx_word' id='word_1_528' title='bbox 3491 1286 3739 1344; x_wconf 83' lang='lat' dir='ltr'><strong>vocanda.</strong></span> 
     </span>
    </p>
   </div>
   <div class='ocr_carea' id='block_1_80' title="bbox 2325 1380 3811 1452">
    <p class='ocr_par' dir='ltr' id='par_1_80' title="bbox 2325 1380 3811 1452">
     <span class='ocr_line' id='line_1_82' title="bbox 2325 1380 3811 1452; baseline 0.003 -18"><span class='ocrx_word' id='word_1_529' title='bbox 2325 1380 2437 1434; x_wconf 90' lang='lat' dir='ltr'><strong>Cen</strong></span> <span class='ocrx_word' id='word_1_530' title='bbox 2468 1380 2751 1449; x_wconf 87' lang='lat' dir='ltr'><strong>quisquam</strong></span> <span class='ocrx_word' id='word_1_531' title='bbox 2784 1396 2847 1437; x_wconf 89' lang='lat' dir='ltr'><strong>ex</strong></span> <span class='ocrx_word' id='word_1_532' title='bbox 2884 1381 3104 1452; x_wconf 84' lang='lat' dir='ltr'><strong>proprio</strong></span> <span class='ocrx_word' id='word_1_533' title='bbox 3132 1382 3203 1436; x_wconf 85' lang='lat' dir='ltr'><strong>sit</strong></span> <span class='ocrx_word' id='word_1_534' title='bbox 3232 1382 3409 1436; x_wconf 83' lang='lat' dir='ltr'><strong>bonus</strong></span> <span class='ocrx_word' id='word_1_535' title='bbox 3431 1424 3447 1448; x_wconf 92' lang='lat'><strong>,</strong></span> <span class='ocrx_word' id='word_1_536' title='bbox 3480 1380 3683 1452; x_wconf 84' lang='lat' dir='ltr'><strong>absque</strong></span> <span class='ocrx_word' id='word_1_537' title='bbox 3706 1380 3811 1438; x_wconf 79' lang='lat' dir='ltr'><strong>Deo.</strong></span> 
     </span>
    </p>
   </div>
   <div class='ocr_carea' id='block_1_81' title="bbox 2253 1470 3755 1545">
    <p class='ocr_par' dir='ltr' id='par_1_81' title="bbox 2253 1470 3755 1545">
     <span class='ocr_line' id='line_1_83' title="bbox 2253 1470 3755 1545; baseline 0 -18"><span class='ocrx_word' id='word_1_538' title='bbox 2253 1470 2408 1540; x_wconf 89' lang='lat' dir='ltr'><strong>Quod</strong></span> <span class='ocrx_word' id='word_1_539' title='bbox 2435 1474 2557 1543; x_wconf 83' lang='lat' dir='ltr'><strong>quia</strong></span> <span class='ocrx_word' id='word_1_540' title='bbox 2592 1488 2699 1527; x_wconf 91' lang='lat' dir='ltr'><strong>non</strong></span> <span class='ocrx_word' id='word_1_541' title='bbox 2736 1473 2928 1542; x_wconf 77' lang='lat' dir='ltr'><strong>recipit</strong></span> <span class='ocrx_word' id='word_1_542' title='bbox 2961 1474 3167 1545; x_wconf 86' lang='lat' dir='ltr'><strong>pietas,</strong></span> <span class='ocrx_word' id='word_1_543' title='bbox 3198 1488 3439 1543; x_wconf 88' lang='lat' dir='ltr'><strong>veroque</strong></span> <span class='ocrx_word' id='word_1_544' title='bbox 3470 1482 3755 1545; x_wconf 79' lang='lat' dir='ltr'><strong>repugnat,</strong></span> 
     </span>
    </p>
   </div>
   <div class='ocr_carea' id='block_1_82' title="bbox 2323 1563 3450 1638">
    <p class='ocr_par' dir='ltr' id='par_1_82' title="bbox 2323 1563 3450 1638">
     <span class='ocr_line' id='line_1_84' title="bbox 2323 1563 3450 1638; baseline 0 -18"><span class='ocrx_word' id='word_1_545' title='bbox 2323 1563 2507 1620; x_wconf 84' lang='lat' dir='ltr'><strong>Gratia</strong></span> <span class='ocrx_word' id='word_1_546' title='bbox 2537 1582 2644 1621; x_wconf 93' lang='lat' dir='ltr'><strong>non</strong></span> <span class='ocrx_word' id='word_1_547' title='bbox 2677 1577 2895 1634; x_wconf 84' lang='lat' dir='ltr'><strong>reparet</strong></span> <span class='ocrx_word' id='word_1_548' title='bbox 2916 1608 2931 1629; x_wconf 86' lang='lat'><strong>,</strong></span> <span class='ocrx_word' id='word_1_549' title='bbox 2962 1566 3139 1638; x_wconf 83' lang='lat' dir='ltr'><strong>gratia</strong></span> <span class='ocrx_word' id='word_1_550' title='bbox 3165 1566 3450 1637; x_wconf 86' lang='lat' dir='ltr'><strong>justiflcet.</strong></span> 
     </span>
    </p>
   </div>
   <div class='ocr_carea' id='block_1_83' title="bbox 2253 1657 3607 1728">
    <p class='ocr_par' dir='ltr' id='par_1_83' title="bbox 2253 1657 3607 1728">
     <span class='ocr_line' id='line_1_85' title="bbox 2253 1657 3607 1728; baseline 0.001 -15"><span class='ocrx_word' id='word_1_551' title='bbox 2253 1657 2384 1725; x_wconf 64' lang='lat' dir='ltr'><strong>Quae</strong></span> <span class='ocrx_word' id='word_1_552' title='bbox 2412 1658 2491 1712; x_wconf 90' lang='lat' dir='ltr'><strong>sic</strong></span> <span class='ocrx_word' id='word_1_553' title='bbox 2523 1659 2575 1713; x_wconf 92' lang='lat' dir='ltr'><strong>in</strong></span> <span class='ocrx_word' id='word_1_554' title='bbox 2606 1662 2818 1714; x_wconf 86' lang='lat' dir='ltr'><strong>cunctis</strong></span> <span class='ocrx_word' id='word_1_555' title='bbox 2846 1658 3035 1728; x_wconf 89' lang='lat' dir='ltr'><strong>implet</strong></span> <span class='ocrx_word' id='word_1_556' title='bbox 3063 1673 3162 1714; x_wconf 89' lang='lat' dir='ltr'><strong>sua</strong></span> <span class='ocrx_word' id='word_1_557' title='bbox 3191 1658 3335 1714; x_wconf 89' lang='lat' dir='ltr'><strong>dona</strong></span> <span class='ocrx_word' id='word_1_558' title='bbox 3362 1659 3607 1725; x_wconf 82' lang='lat' dir='ltr'><strong>vocatis,</strong></span> 
     </span>
    </p>
   </div>
   <div class='ocr_carea' id='block_1_84' title="bbox 2326 1748 3548 1822">
    <p class='ocr_par' dir='ltr' id='par_1_84' title="bbox 2326 1748 3548 1822">
     <span class='ocr_line' id='line_1_86' title="bbox 2326 1748 3548 1822; baseline 0.001 -16"><span class='ocrx_word' id='word_1_559' title='bbox 2326 1748 2394 1806; x_wconf 92' lang='lat' dir='ltr'><strong>Ut</strong></span> <span class='ocrx_word' id='word_1_560' title='bbox 2420 1766 2653 1820; x_wconf 90' lang='lat' dir='ltr'><strong>quorum</strong></span> <span class='ocrx_word' id='word_1_561' title='bbox 2684 1751 2789 1805; x_wconf 84' lang='lat' dir='ltr'><strong>dux</strong></span> <span class='ocrx_word' id='word_1_562' title='bbox 2821 1765 2904 1806; x_wconf 88' lang='lat' dir='ltr'><strong>est</strong></span> <span class='ocrx_word' id='word_1_563' title='bbox 2928 1792 2943 1818; x_wconf 95' lang='lat'><strong>,</strong></span> <span class='ocrx_word' id='word_1_564' title='bbox 2979 1751 3073 1806; x_wconf 86' lang='lat' dir='ltr'><strong>flat</strong></span> <span class='ocrx_word' id='word_1_565' title='bbox 3103 1762 3157 1805; x_wconf 89' lang='lat' dir='ltr'><strong>et</strong></span> <span class='ocrx_word' id='word_1_566' title='bbox 3188 1752 3303 1822; x_wconf 87' lang='lat' dir='ltr'><strong>ipsa</strong></span> <span class='ocrx_word' id='word_1_567' title='bbox 3336 1766 3548 1807; x_wconf 89' lang='lat' dir='ltr'><strong>comes.</strong></span> 
     </span>
    </p>
   </div>
   <div class='ocr_carea' id='block_1_85' title="bbox 2379 1842 3718 1915">
    <p class='ocr_par' dir='ltr' id='par_1_85' title="bbox 2379 1842 3718 1915">
     <span class='ocr_line' id='line_1_87' title="bbox 2379 1842 3718 1915; baseline 0.002 -18"><span class='ocrx_word' id='word_1_568' title='bbox 2379 1842 2564 1899; x_wconf 81' lang='lat' dir='ltr'><strong>XLVI.</strong></span> <span class='ocrx_word' id='word_1_569' title='bbox 2602 1843 2677 1898; x_wconf 89' lang='lat' dir='ltr'><strong>De</strong></span> <span class='ocrx_word' id='word_1_570' title='bbox 2704 1843 2939 1907; x_wconf 76' lang='lat' dir='ltr'><strong>fidelium</strong></span> <span class='ocrx_word' id='word_1_571' title='bbox 2971 1844 3138 1914; x_wconf 83' lang='lat' dir='ltr'><strong>culpis</strong></span> <span class='ocrx_word' id='word_1_572' title='bbox 3167 1854 3214 1897; x_wconf 88' lang='lat' dir='ltr'><strong>et</strong></span> <span class='ocrx_word' id='word_1_573' title='bbox 3239 1844 3533 1915; x_wconf 62' lang='lat' dir='ltr'><strong>inﬁdelium</strong></span> <span class='ocrx_word' id='word_1_574' title='bbox 3560 1844 3718 1900; x_wconf 80' lang='lat' dir='ltr'><strong>bonis.</strong></span> 
     </span>
    </p>
   </div>
   <div class='ocr_carea' id='block_1_86' title="bbox 2325 1932 3819 2008">
    <p class='ocr_par' dir='ltr' id='par_1_86' title="bbox 2325 1932 3819 2008">
     <span class='ocr_line' id='line_1_88' title="bbox 2325 1932 3819 2008; baseline 0.003 -18"><span class='ocrx_word' id='word_1_575' title='bbox 2325 1932 2478 1990; x_wconf 91' lang='lat' dir='ltr'><strong>Sicut</strong></span> <span class='ocrx_word' id='word_1_576' title='bbox 2507 1950 2613 1989; x_wconf 92' lang='lat' dir='ltr'><strong>non</strong></span> <span class='ocrx_word' id='word_1_577' title='bbox 2646 1935 2951 2005; x_wconf 79' lang='lat' dir='ltr'><strong>impediunt</strong></span> <span class='ocrx_word' id='word_1_578' title='bbox 2979 1936 3047 1992; x_wconf 90' lang='lat' dir='ltr'><strong>ab</strong></span> <span class='ocrx_word' id='word_1_579' title='bbox 3079 1944 3281 1991; x_wconf 66' lang='lat' dir='ltr'><strong>aeterna</strong></span> <span class='ocrx_word' id='word_1_580' title='bbox 3310 1939 3416 2008; x_wconf 83' lang='lat' dir='ltr'><strong>vita</strong></span> <span class='ocrx_word' id='word_1_581' title='bbox 3458 1939 3665 2008; x_wconf 71' lang='lat' dir='ltr'><strong>justum</strong></span> <span class='ocrx_word' id='word_1_582' title='bbox 3700 1953 3819 2008; x_wconf 69' lang='lat' dir='ltr'><strong>qua-</strong></span> 
     </span>
    </p>
   </div>
   <div class='ocr_carea' id='block_1_87' title="bbox 2253 2006 3820 2079">
    <p class='ocr_par' dir='ltr' id='par_1_87' title="bbox 2253 2006 3820 2079">
     <span class='ocr_line' id='line_1_89' title="bbox 2253 2006 3820 2079; baseline 0.004 -19"><span class='ocrx_word' id='word_1_583' title='bbox 2253 2006 2375 2079; x_wconf 88' lang='lat' dir='ltr'><strong>dam</strong></span> <span class='ocrx_word' id='word_1_584' title='bbox 2410 2021 2626 2074; x_wconf 85' lang='lat' dir='ltr'><strong>peccata</strong></span> <span class='ocrx_word' id='word_1_585' title='bbox 2658 2009 2925 2079; x_wconf 74' lang='lat' dir='ltr'><strong>veniatin,</strong></span> <span class='ocrx_word' id='word_1_586' title='bbox 2953 2008 3076 2062; x_wconf 83' lang='lat' dir='ltr'><strong>sine</strong></span> <span class='ocrx_word' id='word_1_587' title='bbox 3106 2008 3301 2075; x_wconf 78' lang='lat' dir='ltr'><strong>quibus</strong></span> <span class='ocrx_word' id='word_1_588' title='bbox 3331 2006 3587 2062; x_wconf 46' lang='lat' dir='ltr'><strong>haec&#39;vita</strong></span> <span class='ocrx_word' id='word_1_589' title='bbox 3618 2006 3725 2064; x_wconf 83' lang='lat' dir='ltr'><strong>non</strong></span> <span class='ocrx_word' id='word_1_590' title='bbox 3742 2010 3820 2065; x_wconf 82' lang='lat' dir='ltr'><strong>du-</strong></span> 
     </span>
    </p>
   </div>
   <div class='ocr_carea' id='block_1_88' title="bbox 2252 2078 3819 2150">
    <p class='ocr_par' dir='ltr' id='par_1_88' title="bbox 2252 2078 3819 2150">
     <span class='ocr_line' id='line_1_90' title="bbox 2252 2078 3819 2150; baseline 0.003 -19"><span class='ocrx_word' id='word_1_591' title='bbox 2252 2078 2415 2143; x_wconf 89' lang='lat' dir='ltr'><strong>citur,</strong></span> <span class='ocrx_word' id='word_1_592' title='bbox 2446 2080 2526 2150; x_wconf 83' lang='lat' dir='ltr'><strong>sic</strong></span> <span class='ocrx_word' id='word_1_593' title='bbox 2554 2079 2618 2131; x_wconf 89' lang='lat' dir='ltr'><strong>ad</strong></span> <span class='ocrx_word' id='word_1_594' title='bbox 2650 2081 2884 2133; x_wconf 87' lang='lat' dir='ltr'><strong>salutem</strong></span> <span class='ocrx_word' id='word_1_595' title='bbox 2927 2090 3188 2134; x_wconf 75' lang='lat' dir='ltr'><strong>:eternam</strong></span> <span class='ocrx_word' id='word_1_596' title='bbox 3232 2080 3367 2135; x_wconf 90' lang='lat' dir='ltr'><strong>ttihil</strong></span> <span class='ocrx_word' id='word_1_597' title='bbox 3411 2088 3644 2146; x_wconf 84' lang='lat' dir='ltr'><strong>prosunt</strong></span> <span class='ocrx_word' id='word_1_598' title='bbox 3682 2081 3819 2150; x_wconf 81' lang='lat' dir='ltr'><strong>itnpio</strong></span> 
     </span>
    </p>
   </div>
   <div class='ocr_carea' id='block_1_89' title="bbox 2249 2148 3817 2222">
    <p class='ocr_par' dir='ltr' id='par_1_89' title="bbox 2249 2148 3817 2222">
     <span class='ocr_line' id='line_1_91' title="bbox 2249 2148 3817 2222; baseline 0.006 -23"><span class='ocrx_word' id='word_1_599' title='bbox 2249 2150 2424 2222; x_wconf 79' lang='lat' dir='ltr'><strong>aliqua</strong></span> <span class='ocrx_word' id='word_1_600' title='bbox 2452 2148 2591 2203; x_wconf 89' lang='lat' dir='ltr'><strong>bona</strong></span> <span class='ocrx_word' id='word_1_601' title='bbox 2622 2165 2788 2219; x_wconf 89' lang='lat' dir='ltr'><strong>opera</strong></span> <span class='ocrx_word' id='word_1_602' title='bbox 2810 2190 2825 2213; x_wconf 91' lang='lat'><strong>,</strong></span> <span class='ocrx_word' id='word_1_603' title='bbox 2856 2153 2976 2207; x_wconf 87' lang='lat' dir='ltr'><strong>sine</strong></span> <span class='ocrx_word' id='word_1_604' title='bbox 3002 2155 3198 2222; x_wconf 82' lang='lat' dir='ltr'><strong>quibus</strong></span> <span class='ocrx_word' id='word_1_605' title='bbox 3238 2152 3559 2208; x_wconf 69' lang='lat' dir='ltr'><strong>difﬁcillime</strong></span> <span class='ocrx_word' id='word_1_606' title='bbox 3602 2151 3710 2208; x_wconf 80' lang='lat' dir='ltr'><strong>vita</strong></span> <span class='ocrx_word' id='word_1_607' title='bbox 3742 2148 3817 2208; x_wconf 63' lang='lat' dir='ltr'><strong>ei.</strong></span> 
     </span>
    </p>
   </div>
   <div class='ocr_carea' id='block_1_90' title="bbox 2243 2218 3321 2289">
    <p class='ocr_par' dir='ltr' id='par_1_90' title="bbox 2243 2218 3321 2289">
     <span class='ocr_line' id='line_1_92' title="bbox 2243 2218 3321 2289; baseline 0.006 -19"><span class='ocrx_word' id='word_1_608' title='bbox 2243 2218 2470 2289; x_wconf 83' lang='lat' dir='ltr'><strong>juslibet</strong></span> <span class='ocrx_word' id='word_1_609' title='bbox 2502 2221 2719 2289; x_wconf 82' lang='lat' dir='ltr'><strong>pessimi</strong></span> <span class='ocrx_word' id='word_1_610' title='bbox 2756 2224 2993 2277; x_wconf 86' lang='lat' dir='ltr'><strong>hominis</strong></span> <span class='ocrx_word' id='word_1_611' title='bbox 3020 2218 3321 2279; x_wconf 80' lang='lat' dir='ltr'><strong>invenitur.</strong></span> 
     </span>
    </p>
   </div>
   <div class='ocr_carea' id='block_1_91' title="bbox 2249 2310 3749 2387">
    <p class='ocr_par' dir='ltr' id='par_1_91' title="bbox 2249 2310 3749 2387">
     <span class='ocr_line' id='line_1_93' title="bbox 2249 2310 3749 2387; baseline 0.002 -20"><span class='ocrx_word' id='word_1_612' title='bbox 2249 2310 2320 2367; x_wconf 87' lang='lat' dir='ltr'><strong>Ut</strong></span> <span class='ocrx_word' id='word_1_613' title='bbox 2344 2312 2591 2381; x_wconf 69' lang='lat' dir='ltr'><strong>qutrdam</strong></span> <span class='ocrx_word' id='word_1_614' title='bbox 2619 2322 2813 2370; x_wconf 89' lang='lat' dir='ltr'><strong>tenues</strong></span> <span class='ocrx_word' id='word_1_615' title='bbox 2844 2315 3074 2370; x_wconf 61' lang='lat' dir='ltr'><strong>maculae</strong></span> <span class='ocrx_word' id='word_1_616' title='bbox 3103 2316 3155 2370; x_wconf 90' lang='lat' dir='ltr'><strong>in</strong></span> <span class='ocrx_word' id='word_1_617' title='bbox 3186 2314 3481 2386; x_wconf 84' lang='lat' dir='ltr'><strong>splendore</strong></span> <span class='ocrx_word' id='word_1_618' title='bbox 3509 2315 3716 2387; x_wconf 89' lang='lat' dir='ltr'><strong>piorum</strong></span> <span class='ocrx_word' id='word_1_619' title='bbox 3736 2360 3749 2382; x_wconf 86' lang='lat'><strong>,</strong></span> 
     </span>
    </p>
   </div>
   <div class='ocr_carea' id='block_1_92' title="bbox 2320 2404 3491 2477">
    <p class='ocr_par' dir='ltr' id='par_1_92' title="bbox 2320 2404 3491 2477">
     <span class='ocr_line' id='line_1_94' title="bbox 2320 2404 3491 2477; baseline 0.004 -19"><span class='ocrx_word' id='word_1_620' title='bbox 2320 2404 2491 2474; x_wconf 75' lang='lat' dir='ltr'><strong>Major</strong></span> <span class='ocrx_word' id='word_1_621' title='bbox 2517 2407 2772 2461; x_wconf 87' lang='lat' dir='ltr'><strong>virtutum</strong></span> <span class='ocrx_word' id='word_1_622' title='bbox 2806 2422 2941 2477; x_wconf 90' lang='lat' dir='ltr'><strong>quas</strong></span> <span class='ocrx_word' id='word_1_623' title='bbox 2969 2417 3164 2463; x_wconf 86' lang='lat' dir='ltr'><strong>vacuat</strong></span> <span class='ocrx_word' id='word_1_624' title='bbox 3189 2424 3455 2464; x_wconf 88' lang='lat' dir='ltr'><strong>numerus</strong></span> <span class='ocrx_word' id='word_1_625' title='bbox 3474 2448 3491 2473; x_wconf 89' lang='lat'><strong>,</strong></span> 
     </span>
    </p>
   </div>
   <div class='ocr_carea' id='block_1_93' title="bbox 2250 2493 3471 2570">
    <p class='ocr_par' dir='ltr' id='par_1_93' title="bbox 2250 2493 3471 2570">
     <span class='ocr_line' id='line_1_95' title="bbox 2250 2493 3471 2570; baseline 0.003 -19"><span class='ocrx_word' id='word_1_626' title='bbox 2250 2493 2495 2552; x_wconf 67' lang='lat' dir='ltr'><strong>Eternte</strong></span> <span class='ocrx_word' id='word_1_627' title='bbox 2520 2498 2679 2553; x_wconf 87' lang='lat' dir='ltr'><strong>donis</strong></span> <span class='ocrx_word' id='word_1_628' title='bbox 2707 2508 2985 2570; x_wconf 82' lang='lat' dir='ltr'><strong>nequeunt</strong></span> <span class='ocrx_word' id='word_1_629' title='bbox 3011 2500 3279 2556; x_wconf 87' lang='lat' dir='ltr'><strong>obsistere</strong></span> <span class='ocrx_word' id='word_1_630' title='bbox 3305 2499 3432 2555; x_wconf 65' lang='lat' dir='ltr'><strong>vitae</strong></span> <span class='ocrx_word' id='word_1_631' title='bbox 3454 2541 3471 2567; x_wconf 91' lang='lat'><strong>,</strong></span> 
     </span>
    </p>
   </div>
   <div class='ocr_carea' id='block_1_94' title="bbox 2320 2589 3601 2663">
    <p class='ocr_par' dir='ltr' id='par_1_94' title="bbox 2320 2589 3601 2663">
     <span class='ocr_line' id='line_1_96' title="bbox 2320 2589 3601 2663; baseline 0.002 -18"><span class='ocrx_word' id='word_1_632' title='bbox 2320 2589 2434 2646; x_wconf 85' lang='lat' dir='ltr'><strong>Nec</strong></span> <span class='ocrx_word' id='word_1_633' title='bbox 2463 2594 2659 2647; x_wconf 86' lang='lat' dir='ltr'><strong>merita</strong></span> <span class='ocrx_word' id='word_1_634' title='bbox 2690 2594 2944 2648; x_wconf 82' lang='lat' dir='ltr'><strong>obscurat</strong></span> <span class='ocrx_word' id='word_1_635' title='bbox 2974 2593 3197 2663; x_wconf 83' lang='lat' dir='ltr'><strong>grandia</strong></span> <span class='ocrx_word' id='word_1_636' title='bbox 3225 2594 3383 2662; x_wconf 87' lang='lat' dir='ltr'><strong>culpa</strong></span> <span class='ocrx_word' id='word_1_637' title='bbox 3417 2592 3552 2649; x_wconf 84' lang='lat' dir='ltr'><strong>levis</strong></span> <span class='ocrx_word' id='word_1_638' title='bbox 3583 2611 3601 2647; x_wconf 90' lang='lat'><strong>:</strong></span> 
     </span>
    </p>
   </div>
   <div class='ocr_carea' id='block_1_95' title="bbox 2250 2680 3680 2757">
    <p class='ocr_par' dir='ltr' id='par_1_95' title="bbox 2250 2680 3680 2757">
     <span class='ocr_line' id='line_1_97' title="bbox 2250 2680 3680 2757; baseline 0.003 -19"><span class='ocrx_word' id='word_1_639' title='bbox 2250 2680 2339 2739; x_wconf 85' lang='lat' dir='ltr'><strong>Sic</strong></span> <span class='ocrx_word' id='word_1_640' title='bbox 2365 2684 2572 2755; x_wconf 90' lang='lat' dir='ltr'><strong>aliquid</strong></span> <span class='ocrx_word' id='word_1_641' title='bbox 2608 2686 2929 2755; x_wconf 87' lang='lat' dir='ltr'><strong>plerumque</strong></span> <span class='ocrx_word' id='word_1_642' title='bbox 2956 2687 3083 2741; x_wconf 91' lang='lat' dir='ltr'><strong>boni</strong></span> <span class='ocrx_word' id='word_1_643' title='bbox 3114 2700 3241 2757; x_wconf 85' lang='lat' dir='ltr'><strong>pars</strong></span> <span class='ocrx_word' id='word_1_644' title='bbox 3266 2686 3432 2756; x_wconf 86' lang='lat' dir='ltr'><strong>impia</strong></span> <span class='ocrx_word' id='word_1_645' title='bbox 3462 2696 3680 2757; x_wconf 78' lang='lat' dir='ltr'><strong>gestat,</strong></span> 
     </span>
    </p>
   </div>
   <div class='ocr_carea' id='block_1_96' title="bbox 2226 2779 3490 2851">
    <p class='ocr_par' dir='ltr' id='par_1_96' title="bbox 2226 2779 3490 2851">
     <span class='ocr_line' id='line_1_98' title="bbox 2226 2779 3490 2851; baseline 0.003 -18"><span class='ocrx_word' id='word_1_646' title='bbox 2226 2806 2231 2809; x_wconf 81' lang='grc'><strong><em>-</em></strong></span> <span class='ocrx_word' id='word_1_647' title='bbox 2319 2779 2497 2850; x_wconf 80' lang='lat' dir='ltr'><strong>Magni</strong></span> <span class='ocrx_word' id='word_1_648' title='bbox 2528 2780 2671 2837; x_wconf 87' lang='lat' dir='ltr'><strong>mole</strong></span> <span class='ocrx_word' id='word_1_649' title='bbox 2698 2781 2827 2835; x_wconf 90' lang='lat' dir='ltr'><strong>mali</strong></span> <span class='ocrx_word' id='word_1_650' title='bbox 2858 2780 3003 2851; x_wconf 89' lang='lat' dir='ltr'><strong>quod</strong></span> <span class='ocrx_word' id='word_1_651' title='bbox 3031 2781 3191 2836; x_wconf 87' lang='lat' dir='ltr'><strong>facile</strong></span> <span class='ocrx_word' id='word_1_652' title='bbox 3217 2781 3490 2837; x_wconf 90' lang='lat' dir='ltr'><strong>obruitur.</strong></span> 
     </span>
    </p>
   </div>
   <div class='ocr_carea' id='block_1_97' title="bbox 2248 2870 3657 2948">
    <p class='ocr_par' dir='ltr' id='par_1_97' title="bbox 2248 2870 3657 2948">
     <span class='ocr_line' id='line_1_99' title="bbox 2248 2870 3657 2948; baseline 0.003 -20"><span class='ocrx_word' id='word_1_653' title='bbox 2248 2870 2357 2929; x_wconf 81' lang='lat' dir='ltr'><strong>Nec</strong></span> <span class='ocrx_word' id='word_1_654' title='bbox 2386 2874 2612 2943; x_wconf 88' lang='lat' dir='ltr'><strong>prodest</strong></span> <span class='ocrx_word' id='word_1_655' title='bbox 2636 2876 2895 2945; x_wconf 87' lang='lat' dir='ltr'><strong>quiddam</strong></span> <span class='ocrx_word' id='word_1_656' title='bbox 2927 2877 3061 2932; x_wconf 86' lang='lat' dir='ltr'><strong>recti</strong></span> <span class='ocrx_word' id='word_1_657' title='bbox 3090 2878 3340 2947; x_wconf 84' lang='lat' dir='ltr'><strong>sapuisse</strong></span> <span class='ocrx_word' id='word_1_658' title='bbox 3370 2876 3623 2948; x_wconf 82' lang='lat' dir='ltr'><strong>malignis</strong></span> <span class='ocrx_word' id='word_1_659' title='bbox 3642 2921 3657 2944; x_wconf 87' lang='lat'><strong>,</strong></span> 
     </span>
    </p>
   </div>
   <div class='ocr_carea' id='block_1_98' title="bbox 2318 2965 3653 3024">
    <p class='ocr_par' dir='ltr' id='par_1_98' title="bbox 2318 2965 3653 3024">
     <span class='ocr_line' id='line_1_100' title="bbox 2318 2965 3653 3024; baseline 0.001 -2"><span class='ocrx_word' id='word_1_660' title='bbox 2318 2965 2377 3022; x_wconf 87' lang='lat' dir='ltr'><strong>Si</strong></span> <span class='ocrx_word' id='word_1_661' title='bbox 2406 2982 2591 3022; x_wconf 87' lang='lat' dir='ltr'><strong>verum</strong></span> <span class='ocrx_word' id='word_1_662' title='bbox 2622 2977 2662 3004; x_wconf 75' lang='grc' dir='ltr'>ω</span> <span class='ocrx_word' id='word_1_663' title='bbox 2692 2977 2748 3023; x_wconf 91' lang='lat' dir='ltr'><strong>et</strong></span> <span class='ocrx_word' id='word_1_664' title='bbox 2772 2984 3045 3023; x_wconf 86' lang='lat' dir='ltr'><strong>summum</strong></span> <span class='ocrx_word' id='word_1_665' title='bbox 3080 2983 3183 3023; x_wconf 91' lang='lat' dir='ltr'><strong>non</strong></span> <span class='ocrx_word' id='word_1_666' title='bbox 3211 2969 3433 3024; x_wconf 82' lang='lat' dir='ltr'><strong>coluere</strong></span> <span class='ocrx_word' id='word_1_667' title='bbox 3464 2969 3653 3023; x_wconf 90' lang='lat' dir='ltr'><strong>Deum.</strong></span> 
     </span>
    </p>
   </div>
   <div class='ocr_carea' id='block_1_99' title="bbox 2249 3059 3761 3134">
    <p class='ocr_par' dir='ltr' id='par_1_99' title="bbox 2249 3059 3761 3134">
     <span class='ocr_line' id='line_1_101' title="bbox 2249 3059 3761 3134; baseline -0.001 -17"><span class='ocrx_word' id='word_1_668' title='bbox 2249 3059 2364 3117; x_wconf 88' lang='lat' dir='ltr'><strong>Una</strong></span> <span class='ocrx_word' id='word_1_669' title='bbox 2399 3062 2530 3115; x_wconf 77' lang='lat' dir='ltr'><strong>fides</strong></span> <span class='ocrx_word' id='word_1_670' title='bbox 2561 3062 2749 3133; x_wconf 81' lang='lat' dir='ltr'><strong>igitur,</strong></span> <span class='ocrx_word' id='word_1_671' title='bbox 2780 3076 2909 3134; x_wconf 88' lang='lat' dir='ltr'><strong>spes</strong></span> <span class='ocrx_word' id='word_1_672' title='bbox 2939 3078 3042 3116; x_wconf 89' lang='lat' dir='ltr'><strong>una</strong></span> <span class='ocrx_word' id='word_1_673' title='bbox 3071 3072 3158 3119; x_wconf 67' lang='lat' dir='ltr'><strong>est</strong></span> <span class='ocrx_word' id='word_1_674' title='bbox 3178 3104 3193 3126; x_wconf 89' lang='lat'><strong>,</strong></span> <span class='ocrx_word' id='word_1_675' title='bbox 3222 3073 3385 3129; x_wconf 87' lang='lat' dir='ltr'><strong>atque</strong></span> <span class='ocrx_word' id='word_1_676' title='bbox 3412 3076 3569 3118; x_wconf 89' lang='lat' dir='ltr'><strong>amor</strong></span> <span class='ocrx_word' id='word_1_677' title='bbox 3596 3073 3761 3128; x_wconf 80' lang='lat' dir='ltr'><strong>unus,</strong></span> 
     </span>
    </p>
   </div>
   <div class='ocr_carea' id='block_1_100' title="bbox 2318 3153 3450 3225">
    <p class='ocr_par' dir='ltr' id='par_1_100' title="bbox 2318 3153 3450 3225">
     <span class='ocr_line' id='line_1_102' title="bbox 2318 3153 3450 3225; baseline 0.002 -19"><span class='ocrx_word' id='word_1_678' title='bbox 2318 3153 2435 3222; x_wconf 84' lang='lat' dir='ltr'><strong>Qun</strong></span> <span class='ocrx_word' id='word_1_679' title='bbox 2465 3154 2554 3209; x_wconf 79' lang='lat' dir='ltr'><strong>fiat</strong></span> <span class='ocrx_word' id='word_1_680' title='bbox 2583 3156 2765 3225; x_wconf 82' lang='lat' dir='ltr'><strong>justus</strong></span> <span class='ocrx_word' id='word_1_681' title='bbox 2785 3197 2799 3217; x_wconf 88' lang='lat'><strong>,</strong></span> <span class='ocrx_word' id='word_1_682' title='bbox 2834 3156 3012 3224; x_wconf 89' lang='lat' dir='ltr'><strong>sitque</strong></span> <span class='ocrx_word' id='word_1_683' title='bbox 3041 3157 3236 3210; x_wconf 89' lang='lat' dir='ltr'><strong>beatus</strong></span> <span class='ocrx_word' id='word_1_684' title='bbox 3267 3156 3450 3209; x_wconf 86' lang='lat' dir='ltr'><strong>homo.</strong></span> 
     </span>
    </p>
   </div>
   <div class='ocr_carea' id='block_1_101' title="bbox 2167 3243 3787 3346">
    <p class='ocr_par' dir='ltr' id='par_1_101' title="bbox 2167 3243 3787 3346">
     <span class='ocr_line' id='line_1_103' title="bbox 2167 3243 3787 3346; baseline -0.001 -46"><span class='ocrx_word' id='word_1_685' title='bbox 2167 3282 2213 3346; x_wconf 59' lang='grc' dir='ltr'><strong>Β</strong></span> <span class='ocrx_word' id='word_1_686' title='bbox 2246 3243 2382 3300; x_wconf 84' lang='lat' dir='ltr'><strong>Nam</strong></span> <span class='ocrx_word' id='word_1_687' title='bbox 2416 3247 2589 3311; x_wconf 81' lang='lat' dir='ltr'><strong>bona,</strong></span> <span class='ocrx_word' id='word_1_688' title='bbox 2618 3263 2738 3315; x_wconf 71' lang='lat' dir='ltr'><strong>qua:</strong></span> <span class='ocrx_word' id='word_1_689' title='bbox 2772 3249 2949 3316; x_wconf 87' lang='lat' dir='ltr'><strong>pravis</strong></span> <span class='ocrx_word' id='word_1_690' title='bbox 2982 3254 3189 3300; x_wconf 76' lang='lat' dir='ltr'><strong>natura:</strong></span> <span class='ocrx_word' id='word_1_691' title='bbox 3218 3260 3285 3301; x_wconf 79' lang='lat' dir='ltr'><strong>ex</strong></span> <span class='ocrx_word' id='word_1_692' title='bbox 3315 3246 3446 3300; x_wconf 79' lang='lat' dir='ltr'><strong>d01e</strong></span> <span class='ocrx_word' id='word_1_693' title='bbox 3474 3250 3787 3316; x_wconf 88' lang='lat' dir='ltr'><strong>supersunt,</strong></span> 
     </span>
    </p>
   </div>
   <div class='ocr_carea' id='block_1_102' title="bbox 2317 3340 3515 3410">
    <p class='ocr_par' dir='ltr' id='par_1_102' title="bbox 2317 3340 3515 3410">
     <span class='ocr_line' id='line_1_104' title="bbox 2317 3340 3515 3410; baseline 0.001 -15"><span class='ocrx_word' id='word_1_694' title='bbox 2317 3343 2527 3410; x_wconf 80' lang='lat' dir='ltr'><strong>Augettt</strong></span> <span class='ocrx_word' id='word_1_695' title='bbox 2562 3346 2764 3407; x_wconf 76' lang='lat' dir='ltr'><strong>peceatt</strong></span> <span class='ocrx_word' id='word_1_696' title='bbox 2800 3341 3071 3406; x_wconf 78' lang='lat' dir='ltr'><strong>pondera,</strong></span> <span class='ocrx_word' id='word_1_697' title='bbox 3103 3354 3207 3393; x_wconf 85' lang='lat' dir='ltr'><strong>non</strong></span> <span class='ocrx_word' id='word_1_698' title='bbox 3243 3340 3515 3396; x_wconf 86' lang='lat' dir='ltr'><strong>minuunt.</strong></span> 
     </span>
    </p>
   </div>
   <div class='ocr_carea' id='block_1_103' title="bbox 2528 3434 3570 3501">
    <p class='ocr_par' dir='ltr' id='par_1_103' title="bbox 2528 3434 3570 3501">
     <span class='ocr_line' id='line_1_105' title="bbox 2528 3434 3570 3501; baseline 0 -10"><span class='ocrx_word' id='word_1_699' title='bbox 2528 3434 2733 3491; x_wconf 80' lang='lat' dir='ltr'><strong>XLVII.</strong></span> <span class='ocrx_word' id='word_1_700' title='bbox 2769 3435 2842 3490; x_wconf 90' lang='lat' dir='ltr'><strong>De</strong></span> <span class='ocrx_word' id='word_1_701' title='bbox 2875 3435 3026 3491; x_wconf 81' lang='lat' dir='ltr'><strong>mala:</strong></span> <span class='ocrx_word' id='word_1_702' title='bbox 3056 3436 3335 3490; x_wconf 83' lang='lat' dir='ltr'><strong>voluntatis</strong></span> <span class='ocrx_word' id='word_1_703' title='bbox 3364 3434 3570 3501; x_wconf 75' lang='lat' dir='ltr'><strong>eﬂ&#39;ectu.</strong></span> 
     </span>
    </p>
   </div>
   <div class='ocr_carea' id='block_1_104' title="bbox 2312 3524 3818 3597">
    <p class='ocr_par' dir='ltr' id='par_1_104' title="bbox 2312 3524 3818 3597">
     <span class='ocr_line' id='line_1_106' title="bbox 2312 3524 3818 3597; baseline -0.002 -14"><span class='ocrx_word' id='word_1_704' title='bbox 2312 3526 2446 3583; x_wconf 89' lang='lat' dir='ltr'><strong>Cum</strong></span> <span class='ocrx_word' id='word_1_705' title='bbox 2490 3529 2630 3581; x_wconf 85' lang='lat' dir='ltr'><strong>mala</strong></span> <span class='ocrx_word' id='word_1_706' title='bbox 2662 3530 2913 3581; x_wconf 82' lang='lat' dir='ltr'><strong>voluntas</strong></span> <span class='ocrx_word' id='word_1_707' title='bbox 2963 3537 3284 3597; x_wconf 64' lang='lat' dir='ltr'><strong>potestati-tn</strong></span> <span class='ocrx_word' id='word_1_708' title='bbox 3330 3528 3523 3597; x_wconf 85' lang='lat' dir='ltr'><strong>accipit</strong></span> <span class='ocrx_word' id='word_1_709' title='bbox 3566 3524 3818 3582; x_wconf 77' lang='lat' dir='ltr'><strong>efficiendi</strong></span> 
     </span>
    </p>
   </div>
   <div class='ocr_carea' id='block_1_105' title="bbox 2241 3597 3820 3669">
    <p class='ocr_par' dir='ltr' id='par_1_105' title="bbox 2241 3597 3820 3669">
     <span class='ocr_line' id='line_1_107' title="bbox 2241 3597 3820 3669; baseline 0.001 -19"><span class='ocrx_word' id='word_1_710' title='bbox 2241 3599 2383 3669; x_wconf 90' lang='lat' dir='ltr'><strong>quod</strong></span> <span class='ocrx_word' id='word_1_711' title='bbox 2412 3602 2587 3668; x_wconf 87' lang='lat' dir='ltr'><strong>cupit,</strong></span> <span class='ocrx_word' id='word_1_712' title='bbox 2618 3608 2645 3635; x_wconf 76' lang='grc' dir='ltr'><strong>ιι</strong></span> <span class='ocrx_word' id='word_1_713' title='bbox 2674 3616 2739 3653; x_wconf 72' lang='lat' dir='ltr'><strong>ex</strong></span> <span class='ocrx_word' id='word_1_714' title='bbox 2766 3597 2971 3665; x_wconf 82' lang='lat' dir='ltr'><strong>judicm</strong></span> <span class='ocrx_word' id='word_1_715' title='bbox 3008 3600 3100 3654; x_wconf 87' lang='lat' dir='ltr'><strong>Dei</strong></span> <span class='ocrx_word' id='word_1_716' title='bbox 3137 3601 3321 3663; x_wconf 88' lang='lat' dir='ltr'><strong>venit,</strong></span> <span class='ocrx_word' id='word_1_717' title='bbox 3356 3601 3501 3663; x_wconf 85' lang='lat' dir='ltr'><strong>apud</strong></span> <span class='ocrx_word' id='word_1_718' title='bbox 3534 3615 3695 3662; x_wconf 87' lang='lat' dir='ltr'><strong>quem</strong></span> <span class='ocrx_word' id='word_1_719' title='bbox 3718 3612 3820 3669; x_wconf 82' lang='lat' dir='ltr'><strong>non</strong></span> 
     </span>
    </p>
   </div>
   <div class='ocr_carea' id='block_1_106' title="bbox 2242 3668 3823 3737">
    <p class='ocr_par' dir='ltr' id='par_1_106' title="bbox 2242 3668 3823 3737">
     <span class='ocr_line' id='line_1_108' title="bbox 2242 3668 3823 3737; baseline 0 -14"><span class='ocrx_word' id='word_1_720' title='bbox 2242 3668 2323 3724; x_wconf 81' lang='lat' dir='ltr'><strong>est</strong></span> <span class='ocrx_word' id='word_1_721' title='bbox 2354 3671 2630 3737; x_wconf 84' lang='lat' dir='ltr'><strong>iniquitas.</strong></span> <span class='ocrx_word' id='word_1_722' title='bbox 2662 3671 2820 3723; x_wconf 72' lang='lat' dir='ltr'><strong>l’noit</strong></span> <span class='ocrx_word' id='word_1_723' title='bbox 2842 3671 2986 3724; x_wconf 84' lang='lat' dir='ltr'><strong>enim</strong></span> <span class='ocrx_word' id='word_1_724' title='bbox 3013 3673 3173 3725; x_wconf 86' lang='lat' dir='ltr'><strong>etiam</strong></span> <span class='ocrx_word' id='word_1_725' title='bbox 3204 3675 3305 3724; x_wconf 61' lang='lat' dir='ltr'><strong>isto</strong></span> <span class='ocrx_word' id='word_1_726' title='bbox 3332 3670 3515 3727; x_wconf 85' lang='lat' dir='ltr'><strong>modo.</strong></span> <span class='ocrx_word' id='word_1_727' title='bbox 3543 3678 3570 3706; x_wconf 85' lang='lat'><strong>°</strong></span> <span class='ocrx_word' id='word_1_728' title='bbox 3591 3686 3687 3725; x_wconf 89' lang='lat' dir='ltr'><strong>nec</strong></span> <span class='ocrx_word' id='word_1_729' title='bbox 3713 3668 3823 3724; x_wconf 80' lang='lat' dir='ltr'><strong>ideo</strong></span> 
     </span>
    </p>
   </div>
   <div class='ocr_carea' id='block_1_107' title="bbox 2242 3740 3821 3811">
    <p class='ocr_par' dir='ltr' id='par_1_107' title="bbox 2242 3740 3821 3811">
     <span class='ocr_line' id='line_1_109' title="bbox 2242 3740 3821 3811; baseline -0.001 -16"><span class='ocrx_word' id='word_1_730' title='bbox 2242 3741 2439 3808; x_wconf 66' lang='lat' dir='ltr'><strong>injuste</strong></span> <span class='ocrx_word' id='word_1_731' title='bbox 2459 3743 2582 3811; x_wconf 68' lang='lat' dir='ltr'><strong>quia</strong></span> <span class='ocrx_word' id='word_1_732' title='bbox 2609 3742 2843 3795; x_wconf 80' lang='lat' dir='ltr'><strong>occulte.</strong></span> <span class='ocrx_word' id='word_1_733' title='bbox 2868 3742 3136 3796; x_wconf 71' lang='lat' dir='ltr'><strong>Cteterntn</strong></span> <span class='ocrx_word' id='word_1_734' title='bbox 3166 3741 3387 3811; x_wconf 91' lang='lat' dir='ltr'><strong>iniquus</strong></span> <span class='ocrx_word' id='word_1_735' title='bbox 3412 3740 3591 3808; x_wconf 78' lang='lat' dir='ltr'><strong>puniri</strong></span> <span class='ocrx_word' id='word_1_736' title='bbox 3612 3758 3672 3795; x_wconf 83' lang='lat' dir='ltr'><strong>se</strong></span> <span class='ocrx_word' id='word_1_737' title='bbox 3694 3742 3821 3810; x_wconf 82' lang='lat' dir='ltr'><strong>igno-</strong></span> 
     </span>
    </p>
   </div>
   <div class='ocr_carea' id='block_1_108' title="bbox 2241 3812 3821 3881">
    <p class='ocr_par' dir='ltr' id='par_1_108' title="bbox 2241 3812 3821 3881">
     <span class='ocr_line' id='line_1_110' title="bbox 2241 3812 3821 3881; baseline -0.001 -14"><span class='ocrx_word' id='word_1_738' title='bbox 2241 3822 2358 3877; x_wconf 85' lang='lat' dir='ltr'><strong>rat,</strong></span> <span class='ocrx_word' id='word_1_739' title='bbox 2396 3815 2497 3866; x_wconf 91' lang='lat' dir='ltr'><strong>nisi</strong></span> <span class='ocrx_word' id='word_1_740' title='bbox 2529 3827 2653 3867; x_wconf 90' lang='lat' dir='ltr'><strong>cum</strong></span> <span class='ocrx_word' id='word_1_741' title='bbox 2687 3813 2977 3867; x_wconf 73' lang='lat' dir='ltr'><strong>manifesto</strong></span> <span class='ocrx_word' id='word_1_742' title='bbox 3022 3815 3288 3881; x_wconf 78' lang='lat' dir='ltr'><strong>supplicio</strong></span> <span class='ocrx_word' id='word_1_743' title='bbox 3328 3812 3569 3867; x_wconf 89' lang='lat' dir='ltr'><strong>senserit</strong></span> <span class='ocrx_word' id='word_1_744' title='bbox 3606 3815 3821 3875; x_wconf 81' lang='lat' dir='ltr'><strong>uolens.</strong></span> 
     </span>
    </p>
   </div>
   <div class='ocr_carea' id='block_1_109' title="bbox 2241 3885 3583 3955">
    <p class='ocr_par' dir='ltr' id='par_1_109' title="bbox 2241 3885 3583 3955">
     <span class='ocr_line' id='line_1_111' title="bbox 2241 3885 3583 3955; baseline 0.001 -18"><span class='ocrx_word' id='word_1_745' title='bbox 2241 3896 2505 3953; x_wconf 81' lang='lat' dir='ltr'><strong>quantum</strong></span> <span class='ocrx_word' id='word_1_746' title='bbox 2538 3885 2663 3939; x_wconf 83' lang='lat' dir='ltr'><strong>tnnli</strong></span> <span class='ocrx_word' id='word_1_747' title='bbox 2692 3886 2797 3945; x_wconf 88' lang='lat' dir='ltr'><strong>sit.</strong></span> <span class='ocrx_word' id='word_1_748' title='bbox 2830 3885 2975 3953; x_wconf 86' lang='lat' dir='ltr'><strong>quod</strong></span> <span class='ocrx_word' id='word_1_749' title='bbox 3009 3886 3343 3955; x_wconf 79' lang='lat' dir='ltr'><strong>perpetravit</strong></span> <span class='ocrx_word' id='word_1_750' title='bbox 3374 3886 3583 3939; x_wconf 84' lang='lat' dir='ltr'><strong>volens.</strong></span> 
     </span>
    </p>
   </div>
   <div class='ocr_carea' id='block_1_110' title="bbox 2238 3978 3616 4049">
    <p class='ocr_par' dir='ltr' id='par_1_110' title="bbox 2238 3978 3616 4049">
     <span class='ocr_line' id='line_1_112' title="bbox 2238 3978 3616 4049; baseline 0.001 -16"><span class='ocrx_word' id='word_1_751' title='bbox 2238 3978 2371 4033; x_wconf 88' lang='lat' dir='ltr'><strong>Cum</strong></span> <span class='ocrx_word' id='word_1_752' title='bbox 2401 3978 2563 4032; x_wconf 86' lang='lat' dir='ltr'><strong>datur</strong></span> <span class='ocrx_word' id='word_1_753' title='bbox 2594 3978 2797 4047; x_wconf 87' lang='lat' dir='ltr'><strong>injusto</strong></span> <span class='ocrx_word' id='word_1_754' title='bbox 2829 3980 3090 4047; x_wconf 86' lang='lat' dir='ltr'><strong>peccandi</strong></span> <span class='ocrx_word' id='word_1_755' title='bbox 3123 3988 3304 4047; x_wconf 86' lang='lat' dir='ltr'><strong>optata</strong></span> <span class='ocrx_word' id='word_1_756' title='bbox 3337 3988 3616 4049; x_wconf 74' lang='lat' dir='ltr'><strong>potestas,</strong></span> 
     </span>
    </p>
   </div>
   <div class='ocr_carea' id='block_1_111' title="bbox 2311 4070 3520 4141">
    <p class='ocr_par' dir='ltr' id='par_1_111' title="bbox 2311 4070 3520 4141">
     <span class='ocr_line' id='line_1_113' title="bbox 2311 4070 3520 4141; baseline -0.001 -15"><span class='ocrx_word' id='word_1_757' title='bbox 2311 4070 2373 4126; x_wconf 92' lang='lat' dir='ltr'><strong>Ut</strong></span> <span class='ocrx_word' id='word_1_758' title='bbox 2404 4073 2543 4127; x_wconf 84' lang='lat' dir='ltr'><strong>mala</strong></span> <span class='ocrx_word' id='word_1_759' title='bbox 2575 4086 2728 4126; x_wconf 88' lang='lat' dir='ltr'><strong>mens</strong></span> <span class='ocrx_word' id='word_1_760' title='bbox 2756 4086 2918 4140; x_wconf 87' lang='lat' dir='ltr'><strong>prave</strong></span> <span class='ocrx_word' id='word_1_761' title='bbox 2948 4070 3090 4139; x_wconf 91' lang='lat' dir='ltr'><strong>quod</strong></span> <span class='ocrx_word' id='word_1_762' title='bbox 3122 4071 3272 4141; x_wconf 91' lang='lat' dir='ltr'><strong>cupit</strong></span> <span class='ocrx_word' id='word_1_763' title='bbox 3296 4071 3520 4138; x_wconf 80' lang='lat' dir='ltr'><strong>elﬁciat,</strong></span> 
     </span>
    </p>
   </div>
   <div class='ocr_carea' id='block_1_112' title="bbox 2237 4163 3787 4237">
    <p class='ocr_par' dir='ltr' id='par_1_112' title="bbox 2237 4163 3787 4237">
     <span class='ocr_line' id='line_1_114' title="bbox 2237 4163 3787 4237; baseline 0.001 -19"><span class='ocrx_word' id='word_1_764' title='bbox 2237 4171 2265 4211; x_wconf 76' lang='lat' dir='ltr'><strong>P</strong></span> <span class='ocrx_word' id='word_1_765' title='bbox 2291 4163 2373 4218; x_wconf 88' lang='lat' dir='ltr'><strong>Ira</strong></span> <span class='ocrx_word' id='word_1_766' title='bbox 2404 4163 2496 4220; x_wconf 87' lang='lat' dir='ltr'><strong>Dei</strong></span> <span class='ocrx_word' id='word_1_767' title='bbox 2529 4179 2719 4233; x_wconf 81' lang='lat' dir='ltr'><strong>magna</strong></span> <span class='ocrx_word' id='word_1_768' title='bbox 2751 4175 2868 4231; x_wconf 88' lang='lat' dir='ltr'><strong>est,</strong></span> <span class='ocrx_word' id='word_1_769' title='bbox 2900 4180 3003 4233; x_wconf 90' lang='lat' dir='ltr'><strong>qua</strong></span> <span class='ocrx_word' id='word_1_770' title='bbox 3037 4164 3236 4219; x_wconf 88' lang='lat' dir='ltr'><strong>multos</strong></span> <span class='ocrx_word' id='word_1_771' title='bbox 3265 4164 3345 4219; x_wconf 90' lang='lat' dir='ltr'><strong>sic</strong></span> <span class='ocrx_word' id='word_1_772' title='bbox 3367 4179 3587 4236; x_wconf 83' lang='lat' dir='ltr'><strong>quoque</strong></span> <span class='ocrx_word' id='word_1_773' title='bbox 3608 4163 3787 4237; x_wconf 84' lang='lat' dir='ltr'><strong>punit.</strong></span> 
     </span>
    </p>
   </div>
   <div class='ocr_carea' id='block_1_113' title="bbox 2303 4254 3511 4327">
    <p class='ocr_par' dir='ltr' id='par_1_113' title="bbox 2303 4254 3511 4327">
     <span class='ocr_line' id='line_1_115' title="bbox 2303 4254 3511 4327; baseline 0 -16"><span class='ocrx_word' id='word_1_774' title='bbox 2303 4254 2371 4311; x_wconf 89' lang='lat' dir='ltr'><strong>Ut</strong></span> <span class='ocrx_word' id='word_1_775' title='bbox 2397 4256 2593 4327; x_wconf 88' lang='lat' dir='ltr'><strong>quibus</strong></span> <span class='ocrx_word' id='word_1_776' title='bbox 2624 4258 2895 4311; x_wconf 85' lang='lat' dir='ltr'><strong>exsultant</strong></span> <span class='ocrx_word' id='word_1_777' title='bbox 2922 4257 3241 4312; x_wconf 89' lang='lat' dir='ltr'><strong>criminibus</strong></span> <span class='ocrx_word' id='word_1_778' title='bbox 3268 4268 3511 4327; x_wconf 88' lang='lat' dir='ltr'><strong>pereant.</strong></span> 
     </span>
    </p>
   </div>
   <div class='ocr_carea' id='block_1_114' title="bbox 2229 4348 3606 4422">
    <p class='ocr_par' dir='ltr' id='par_1_114' title="bbox 2229 4348 3606 4422">
     <span class='ocr_line' id='line_1_116' title="bbox 2229 4348 3606 4422; baseline 0.002 -18"><span class='ocrx_word' id='word_1_779' title='bbox 2229 4348 2438 4405; x_wconf 88' lang='lat' dir='ltr'><strong>Crescit</strong></span> <span class='ocrx_word' id='word_1_780' title='bbox 2465 4351 2611 4405; x_wconf 91' lang='lat' dir='ltr'><strong>enim</strong></span> <span class='ocrx_word' id='word_1_781' title='bbox 2642 4350 2854 4406; x_wconf 87' lang='lat' dir='ltr'><strong>occulte</strong></span> <span class='ocrx_word' id='word_1_782' title='bbox 2883 4365 3004 4406; x_wconf 88' lang='lat' dir='ltr'><strong>cum</strong></span> <span class='ocrx_word' id='word_1_783' title='bbox 3039 4351 3201 4421; x_wconf 87' lang='lat' dir='ltr'><strong>longo</strong></span> <span class='ocrx_word' id='word_1_784' title='bbox 3232 4364 3393 4422; x_wconf 66' lang='lat' dir='ltr'><strong>poena</strong></span> <span class='ocrx_word' id='word_1_785' title='bbox 3421 4359 3606 4417; x_wconf 85' lang='lat' dir='ltr'><strong>reatu.</strong></span> 
     </span>
    </p>
   </div>
   <div class='ocr_carea' id='block_1_115' title="bbox 2231 4548 3818 4621">
    <p class='ocr_par' dir='ltr' id='par_1_115' title="bbox 2231 4548 3818 4621">
     <span class='ocr_line' id='line_1_117' title="bbox 2231 4548 3818 4621; baseline 0.003 -19"><span class='ocrx_word' id='word_1_786' title='bbox 2231 4548 2347 4621; x_wconf 82' lang='lat' dir='ltr'><strong>Dei.</strong></span> <span class='ocrx_word' id='word_1_787' title='bbox 2380 4548 2476 4602; x_wconf 82' lang='lat' dir='ltr'><strong>Ms.</strong></span> <span class='ocrx_word' id='word_1_788' title='bbox 2508 4549 2725 4619; x_wconf 81' lang='lat' dir='ltr'><strong>Regius,</strong></span> <span class='ocrx_word' id='word_1_789' title='bbox 2757 4552 2895 4621; x_wconf 83' lang='lat' dir='ltr'><strong>quod</strong></span> <span class='ocrx_word' id='word_1_790' title='bbox 2914 4553 3027 4621; x_wconf 84' lang='lat' dir='ltr'><strong>jam</strong></span> <span class='ocrx_word' id='word_1_791' title='bbox 3051 4568 3154 4605; x_wconf 87' lang='lat' dir='ltr'><strong>non</strong></span> <span class='ocrx_word' id='word_1_792' title='bbox 3183 4561 3314 4606; x_wconf 85' lang='lat' dir='ltr'><strong>esset</strong></span> <span class='ocrx_word' id='word_1_793' title='bbox 3345 4553 3657 4615; x_wconf 82' lang='lat' dir='ltr'><strong>promittere.</strong></span> <span class='ocrx_word' id='word_1_794' title='bbox 3692 4548 3818 4606; x_wconf 76' lang='lat' dir='ltr'><strong>Ideo</strong></span> 
     </span>
    </p>
   </div>
   <div class='ocr_carea' id='block_1_116' title="bbox 2232 4620 3826 4692">
    <p class='ocr_par' dir='ltr' id='par_1_116' title="bbox 2232 4620 3826 4692">
     <span class='ocr_line' id='line_1_118' title="bbox 2232 4620 3826 4692; baseline 0.003 -21"><span class='ocrx_word' id='word_1_795' title='bbox 2232 4620 2461 4692; x_wconf 57' lang='lat' dir='ltr'><strong>homines</strong></span> <span class='ocrx_word' id='word_1_796' title='bbox 2485 4638 2583 4674; x_wconf 85' lang='lat' dir='ltr'><strong>non</strong></span> <span class='ocrx_word' id='word_1_797' title='bbox 2606 4622 2735 4691; x_wconf 73' lang='lat' dir='ltr'><strong>fiunt</strong></span> <span class='ocrx_word' id='word_1_798' title='bbox 2766 4620 2883 4676; x_wconf 78' lang='lat' dir='ltr'><strong>boni</strong></span> <span class='ocrx_word' id='word_1_799' title='bbox 2912 4620 2977 4676; x_wconf 80' lang='lat' dir='ltr'><strong>ea:</strong></span> <span class='ocrx_word' id='word_1_800' title='bbox 3002 4624 3110 4676; x_wconf 85' lang='lat' dir='ltr'><strong>suis</strong></span> <span class='ocrx_word' id='word_1_801' title='bbox 3139 4623 3395 4692; x_wconf 83' lang='lat' dir='ltr'><strong>operibus.</strong></span> <span class='ocrx_word' id='word_1_802' title='bbox 3422 4624 3516 4677; x_wconf 80' lang='lat' dir='ltr'><strong>sed</strong></span> <span class='ocrx_word' id='word_1_803' title='bbox 3535 4641 3597 4677; x_wconf 80' lang='lat' dir='ltr'><strong>ea:</strong></span> <span class='ocrx_word' id='word_1_804' title='bbox 3618 4631 3826 4677; x_wconf 70' lang='lat' dir='ltr'><strong>vocante</strong></span> 
     </span>
    </p>
   </div>
   <div class='ocr_carea' id='block_1_117' title="bbox 2233 4688 3825 4764">
    <p class='ocr_par' dir='ltr' id='par_1_117' title="bbox 2233 4688 3825 4764">
     <span class='ocr_line' id='line_1_119' title="bbox 2233 4688 3825 4764; baseline 0.003 -23"><span class='ocrx_word' id='word_1_805' title='bbox 2233 4688 2363 4751; x_wconf 86' lang='lat' dir='ltr'><strong>Deo,</strong></span> <span class='ocrx_word' id='word_1_806' title='bbox 2416 4700 2471 4745; x_wconf 85' lang='lat' dir='ltr'><strong>ut</strong></span> <span class='ocrx_word' id='word_1_807' title='bbox 2502 4688 2819 4746; x_wconf 36' lang='lat' dir='ltr'><strong>nec&#39;bonitns</strong></span> <span class='ocrx_word' id='word_1_808' title='bbox 2852 4696 3078 4763; x_wconf 82' lang='lat' dir='ltr'><strong>ipsorum</strong></span> <span class='ocrx_word' id='word_1_809' title='bbox 3109 4688 3207 4759; x_wconf 78' lang='lat' dir='ltr'><strong>sit,</strong></span> <span class='ocrx_word' id='word_1_810' title='bbox 3240 4693 3338 4748; x_wconf 83' lang='lat' dir='ltr'><strong>Dei</strong></span> <span class='ocrx_word' id='word_1_811' title='bbox 3374 4694 3437 4764; x_wconf 86' lang='lat' dir='ltr'><strong>(f.</strong></span> <span class='ocrx_word' id='word_1_812' title='bbox 3468 4698 3560 4749; x_wconf 82' lang='lat' dir='ltr'><strong>sed</strong></span> <span class='ocrx_word' id='word_1_813' title='bbox 3590 4692 3739 4761; x_wconf 70' lang='lat' dir='ltr'><strong>Det),-</strong></span> <span class='ocrx_word' id='word_1_814' title='bbox 3776 4702 3825 4747; x_wconf 82' lang='lat' dir='ltr'><strong>et</strong></span> 
     </span>
    </p>
   </div>
   <div class='ocr_carea' id='block_1_118' title="bbox 2150 4755 3821 4834">
    <p class='ocr_par' dir='ltr' id='par_1_118' title="bbox 2150 4755 3821 4834">
     <span class='ocr_line' id='line_1_120' title="bbox 2150 4755 3821 4834; baseline 0.002 -18"><span class='ocrx_word' id='word_1_815' title='bbox 2150 4755 2207 4816; x_wconf 84' lang='lat' dir='ltr'><strong>D</strong></span> <span class='ocrx_word' id='word_1_816' title='bbox 2232 4778 2427 4834; x_wconf 81' lang='lat' dir='ltr'><strong>merces</strong></span> <span class='ocrx_word' id='word_1_817' title='bbox 2459 4780 2561 4816; x_wconf 85' lang='lat' dir='ltr'><strong>non</strong></span> <span class='ocrx_word' id='word_1_818' title='bbox 2593 4755 2880 4834; x_wconf 68' lang='lat' dir='ltr'><strong>imputetur</strong></span> <span class='ocrx_word' id='word_1_819' title='bbox 2900 4755 3469 4834; x_wconf 27' lang='lat' dir='ltr'><strong>secundum’debitu&#39;m,</strong></span> <span class='ocrx_word' id='word_1_820' title='bbox 3504 4768 3592 4820; x_wconf 84' lang='lat' dir='ltr'><strong>sed</strong></span> <span class='ocrx_word' id='word_1_821' title='bbox 3637 4755 3821 4820; x_wconf 64' lang='lat' dir='ltr'><strong>secun-</strong></span> 
     </span>
    </p>
   </div>
   <div class='ocr_carea' id='block_1_119' title="bbox 2233 4833 3819 4905">
    <p class='ocr_par' dir='ltr' id='par_1_119' title="bbox 2233 4833 3819 4905">
     <span class='ocr_line' id='line_1_121' title="bbox 2233 4833 3819 4905; baseline 0.003 -20"><span class='ocrx_word' id='word_1_822' title='bbox 2233 4833 2358 4905; x_wconf 65' lang='lat' dir='ltr'><strong>dum</strong></span> <span class='ocrx_word' id='word_1_823' title='bbox 2410 4839 2653 4905; x_wconf 83' lang='lat' dir='ltr'><strong>gratiam.</strong></span> <span class='ocrx_word' id='word_1_824' title='bbox 2711 4834 2932 4901; x_wconf 82' lang='lat' dir='ltr'><strong>Reliqua</strong></span> <span class='ocrx_word' id='word_1_825' title='bbox 2979 4836 3176 4890; x_wconf 87' lang='lat' dir='ltr'><strong>desunt</strong></span> <span class='ocrx_word' id='word_1_826' title='bbox 3220 4838 3273 4891; x_wconf 92' lang='lat' dir='ltr'><strong>in</strong></span> <span class='ocrx_word' id='word_1_827' title='bbox 3317 4837 3419 4891; x_wconf 91' lang='lat' dir='ltr'><strong>hoc</strong></span> <span class='ocrx_word' id='word_1_828' title='bbox 3465 4838 3668 4891; x_wconf 82' lang='lat' dir='ltr'><strong>codce.</strong></span> <span class='ocrx_word' id='word_1_829' title='bbox 3725 4838 3819 4891; x_wconf 69' lang='lat' dir='ltr'><strong>Ms.</strong></span> 
     </span>
    </p>
   </div>
   <div class='ocr_carea' id='block_1_120' title="bbox 2232 4902 3817 4976">
    <p class='ocr_par' dir='ltr' id='par_1_120' title="bbox 2232 4902 3817 4976">
     <span class='ocr_line' id='line_1_122' title="bbox 2232 4902 3817 4976; baseline 0.001 -19"><span class='ocrx_word' id='word_1_830' title='bbox 2232 4902 2577 4976; x_wconf 42' lang='lat' dir='ltr'><strong>Qolbfnnns</strong></span> <span class='ocrx_word' id='word_1_831' title='bbox 2623 4922 2834 4976; x_wconf 81' lang='lat' dir='ltr'><strong>quoque</strong></span> <span class='ocrx_word' id='word_1_832' title='bbox 2867 4907 3060 4970; x_wconf 85' lang='lat' dir='ltr'><strong>habet,</strong></span> <span class='ocrx_word' id='word_1_833' title='bbox 3112 4925 3176 4961; x_wconf 84' lang='lat' dir='ltr'><strong>ne</strong></span> <span class='ocrx_word' id='word_1_834' title='bbox 3204 4909 3405 4962; x_wconf 77' lang='lat' dir='ltr'><strong>bonitas</strong></span> <span class='ocrx_word' id='word_1_835' title='bbox 3458 4909 3686 4976; x_wconf 85' lang='lat' dir='ltr'><strong>ipsorum</strong></span> <span class='ocrx_word' id='word_1_836' title='bbox 3731 4910 3817 4962; x_wconf 84' lang='lat' dir='ltr'><strong>sit.</strong></span> 
     </span>
    </p>
   </div>
   <div class='ocr_carea' id='block_1_121' title="bbox 2232 4974 3821 5047">
    <p class='ocr_par' dir='ltr' id='par_1_121' title="bbox 2232 4974 3821 5047">
     <span class='ocr_line' id='line_1_123' title="bbox 2232 4974 3821 5047; baseline 0.003 -20"><span class='ocrx_word' id='word_1_837' title='bbox 2232 4974 2329 5028; x_wconf 85' lang='lat' dir='ltr'><strong>Ms.</strong></span> <span class='ocrx_word' id='word_1_838' title='bbox 2362 4976 2617 5030; x_wconf 65' lang='lat' dir='ltr'><strong>Jolivnsis</strong></span> <span class='ocrx_word' id='word_1_839' title='bbox 2644 4974 2711 5030; x_wconf 82' lang='lat' dir='ltr'><strong>et</strong></span> <span class='ocrx_word' id='word_1_840' title='bbox 2752 4974 2968 5042; x_wconf 77' lang='lat' dir='ltr'><strong>Camb,</strong></span> <span class='ocrx_word' id='word_1_841' title='bbox 3005 4994 3071 5031; x_wconf 78' lang='lat' dir='ltr'><strong>ea:</strong></span> <span class='ocrx_word' id='word_1_842' title='bbox 3110 4990 3319 5033; x_wconf 83' lang='lat' dir='ltr'><strong>vocante</strong></span> <span class='ocrx_word' id='word_1_843' title='bbox 3343 4978 3422 5047; x_wconf 76' lang='lat' dir='ltr'><strong>ﬁt.</strong></span> <span class='ocrx_word' id='word_1_844' title='bbox 3460 4974 3557 5036; x_wconf 79' lang='lat' dir='ltr'><strong>Ms.</strong></span> <span class='ocrx_word' id='word_1_845' title='bbox 3586 4978 3821 5042; x_wconf 77' lang='lat' dir='ltr'><strong>&#39;l‘lteud.,</strong></span> 
     </span>
    </p>
   </div>
   <div class='ocr_carea' id='block_1_122' title="bbox 2230 5048 3821 5118">
    <p class='ocr_par' dir='ltr' id='par_1_122' title="bbox 2230 5048 3821 5118">
     <span class='ocr_line' id='line_1_124' title="bbox 2230 5048 3821 5118; baseline 0.002 -20"><span class='ocrx_word' id='word_1_846' title='bbox 2230 5062 2331 5100; x_wconf 82' lang='lat' dir='ltr'><strong>non</strong></span> <span class='ocrx_word' id='word_1_847' title='bbox 2358 5062 2423 5101; x_wconf 77' lang='lat' dir='ltr'><strong>ex</strong></span> <span class='ocrx_word' id='word_1_848' title='bbox 2444 5050 2679 5111; x_wconf 80' lang='lat' dir='ltr'><strong>aperibus</strong></span> <span class='ocrx_word' id='word_1_849' title='bbox 2701 5048 3046 5118; x_wconf 77' lang='lat' dir='ltr'><strong>iustiﬁrantur</strong></span> <span class='ocrx_word' id='word_1_850' title='bbox 3068 5049 3319 5111; x_wconf 70' lang='lat' dir='ltr'><strong>homines,</strong></span> <span class='ocrx_word' id='word_1_851' title='bbox 3352 5051 3443 5103; x_wconf 81' lang='lat' dir='ltr'><strong>sed</strong></span> <span class='ocrx_word' id='word_1_852' title='bbox 3468 5066 3598 5105; x_wconf 75' lang='lat' dir='ltr'><strong>ex...</strong></span> <span class='ocrx_word' id='word_1_853' title='bbox 3627 5064 3695 5102; x_wconf 83' lang='lat' dir='ltr'><strong>ne</strong></span> <span class='ocrx_word' id='word_1_854' title='bbox 3741 5049 3821 5118; x_wconf 79' lang='lat' dir='ltr'><strong>ip-</strong></span> 
     </span>
    </p>
   </div>
   <div class='ocr_carea' id='block_1_123' title="bbox 2228 5118 3822 5188">
    <p class='ocr_par' dir='ltr' id='par_1_123' title="bbox 2228 5118 3822 5188">
     <span class='ocr_line' id='line_1_125' title="bbox 2228 5118 3822 5188; baseline 0.004 -19"><span class='ocrx_word' id='word_1_855' title='bbox 2228 5132 2403 5170; x_wconf 84' lang='lat' dir='ltr'><strong>sorum</strong></span> <span class='ocrx_word' id='word_1_856' title='bbox 2426 5120 2491 5170; x_wconf 88' lang='lat' dir='ltr'><strong>sit</strong></span> <span class='ocrx_word' id='word_1_857' title='bbox 2513 5118 2825 5188; x_wconf 64' lang='lat' dir='ltr'><strong>jtts.iﬁcati0</strong></span> <span class='ocrx_word' id='word_1_858' title='bbox 2850 5131 3019 5173; x_wconf 85' lang='lat' dir='ltr'><strong>etnon</strong></span> <span class='ocrx_word' id='word_1_859' title='bbox 3048 5120 3161 5174; x_wconf 70' lang='lat' dir='ltr'><strong>Dei.</strong></span> <span class='ocrx_word' id='word_1_860' title='bbox 3190 5122 3293 5174; x_wconf 83' lang='lat' dir='ltr'><strong>Alii</strong></span> <span class='ocrx_word' id='word_1_861' title='bbox 3322 5121 3452 5176; x_wconf 89' lang='lat' dir='ltr'><strong>editi</strong></span> <span class='ocrx_word' id='word_1_862' title='bbox 3481 5133 3539 5175; x_wconf 91' lang='lat' dir='ltr'><strong>ut</strong></span> <span class='ocrx_word' id='word_1_863' title='bbox 3566 5123 3614 5175; x_wconf 92' lang='lat' dir='ltr'><strong>in</strong></span> <span class='ocrx_word' id='word_1_864' title='bbox 3642 5130 3822 5185; x_wconf 83' lang='lat' dir='ltr'><strong>textu,</strong></span> 
     </span>
    </p>
   </div>
   <div class='ocr_carea' id='block_1_124' title="bbox 2230 5188 3823 5261">
    <p class='ocr_par' dir='ltr' id='par_1_124' title="bbox 2230 5188 3823 5261">
     <span class='ocr_line' id='line_1_126' title="bbox 2230 5188 3823 5261; baseline 0.003 -20"><span class='ocrx_word' id='word_1_865' title='bbox 2230 5196 2285 5241; x_wconf 85' lang='lat' dir='ltr'><strong>et</strong></span> <span class='ocrx_word' id='word_1_866' title='bbox 2324 5192 2375 5241; x_wconf 91' lang='lat' dir='ltr'><strong>in</strong></span> <span class='ocrx_word' id='word_1_867' title='bbox 2409 5188 2550 5243; x_wconf 89' lang='lat' dir='ltr'><strong>libro</strong></span> <span class='ocrx_word' id='word_1_868' title='bbox 2580 5194 2824 5261; x_wconf 68' lang='lat' dir='ltr'><strong>sentem.</strong></span> <span class='ocrx_word' id='word_1_869' title='bbox 2857 5204 3039 5255; x_wconf 77' lang='lat' dir='ltr'><strong>Supra,</strong></span> <span class='ocrx_word' id='word_1_870' title='bbox 3088 5188 3255 5243; x_wconf 87' lang='lat' dir='ltr'><strong>itntuo</strong></span> <span class='ocrx_word' id='word_1_871' title='bbox 3297 5204 3347 5245; x_wconf 84' lang='lat' dir='ltr'><strong>et</strong></span> <span class='ocrx_word' id='word_1_872' title='bbox 3380 5191 3520 5260; x_wconf 81' lang='lat' dir='ltr'><strong>apud</strong></span> <span class='ocrx_word' id='word_1_873' title='bbox 3567 5197 3823 5261; x_wconf 70' lang='lat' dir='ltr'><strong>Augustt-</strong></span> 
     </span>
    </p>
   </div>
   <div class='ocr_carea' id='block_1_125' title="bbox 2232 5260 3382 5327">
    <p class='ocr_par' dir='ltr' id='par_1_125' title="bbox 2232 5260 3382 5327">
     <span class='ocr_line' id='line_1_127' title="bbox 2232 5260 3382 5327; baseline 0.003 -15"><span class='ocrx_word' id='word_1_874' title='bbox 2232 5274 2382 5313; x_wconf 90' lang='lat' dir='ltr'><strong>num.</strong></span> <span class='ocrx_word' id='word_1_875' title='bbox 2419 5260 2513 5314; x_wconf 90' lang='lat' dir='ltr'><strong>lib.</strong></span> <span class='ocrx_word' id='word_1_876' title='bbox 2540 5261 2606 5314; x_wconf 85' lang='lat' dir='ltr'><strong>de</strong></span> <span class='ocrx_word' id='word_1_877' title='bbox 2628 5260 2814 5327; x_wconf 89' lang='lat' dir='ltr'><strong>Spirit.</strong></span> <span class='ocrx_word' id='word_1_878' title='bbox 2848 5277 2897 5316; x_wconf 85' lang='lat' dir='ltr'><strong>et</strong></span> <span class='ocrx_word' id='word_1_879' title='bbox 2926 5261 3116 5316; x_wconf 88' lang='lat' dir='ltr'><strong>Litter.</strong></span> <span class='ocrx_word' id='word_1_880' title='bbox 3148 5278 3267 5327; x_wconf 84' lang='lat' dir='ltr'><strong>cap.</strong></span> <span class='ocrx_word' id='word_1_881' title='bbox 3295 5262 3382 5319; x_wconf 87' lang='lat' dir='ltr'><strong>I9.</strong></span> 
     </span>
    </p>
   </div>
   <div class='ocr_carea' id='block_1_126' title="bbox 2229 5327 3825 5468">
    <p class='ocr_par' dir='ltr' id='par_1_126' title="bbox 2229 5327 3825 5468">
     <span class='ocr_line' id='line_1_128' title="bbox 2229 5327 3825 5468; baseline 0.003 -84"><span class='ocrx_word' id='word_1_882' title='bbox 2229 5400 2267 5468; x_wconf 67' lang='lat' dir='ltr'><em>ﬁ</em></span> <span class='ocrx_word' id='word_1_883' title='bbox 2305 5327 2456 5455; x_wconf 50' lang='grc' dir='ltr'><strong>διε»ιο</strong></span> <span class='ocrx_word' id='word_1_884' title='bbox 2496 5346 2627 5385; x_wconf 88' lang='lat' dir='ltr'><strong>mss.</strong></span> <span class='ocrx_word' id='word_1_885' title='bbox 2663 5347 2849 5386; x_wconf 86' lang='lat' dir='ltr'><strong>omnes</strong></span> <span class='ocrx_word' id='word_1_886' title='bbox 2870 5373 2884 5397; x_wconf 87' lang='lat'><strong>,</strong></span> <span class='ocrx_word' id='word_1_887' title='bbox 2915 5344 2970 5387; x_wconf 91' lang='lat' dir='ltr'><strong>et</strong></span> <span class='ocrx_word' id='word_1_888' title='bbox 3000 5333 3133 5387; x_wconf 81' lang='lat' dir='ltr'><strong>Ven.</strong></span> <span class='ocrx_word' id='word_1_889' title='bbox 3161 5333 3350 5391; x_wconf 89' lang='lat' dir='ltr'><strong>editio.</strong></span> <span class='ocrx_word' id='word_1_890' title='bbox 3384 5333 3626 5405; x_wconf 85' lang='lat' dir='ltr'><strong>Reliqui,</strong></span> <span class='ocrx_word' id='word_1_891' title='bbox 3654 5333 3717 5388; x_wconf 81' lang='lat' dir='ltr'><strong>id</strong></span> <span class='ocrx_word' id='word_1_892' title='bbox 3748 5335 3825 5406; x_wconf 74' lang='lat' dir='ltr'><strong>cf-</strong></span> 
     </span>
     <span class='ocr_line' id='line_1_129' title="bbox 2269 5417 2386 5455; baseline 0.009 -1"><span class='ocrx_word' id='word_1_893' title='bbox 2269 5417 2345 5454; x_wconf 66' lang='lat' dir='ltr'><strong>cie</strong></span> <span class='ocrx_word' id='word_1_894' title='bbox 2373 5442 2386 5455; x_wconf 92' lang='lat'><strong>.</strong></span> 
     </span>
    </p>
   </div>
   <div class='ocr_carea' id='block_1_127' title="bbox 2269 5411 2386 5455">
    <p class='ocr_par' dir='ltr' id='par_1_127' title="bbox 2269 5411 2386 5455">
     <span class='ocr_line' id='line_1_130' title="bbox 2269 5411 2386 5455; baseline 0.009 -1"><span class='ocrx_word' id='word_1_895' title='bbox 2269 5411 2386 5455; x_wconf 62' lang='grc' dir='ltr'><strong>ενι.</strong></span> 
     </span>
    </p>
   </div>
   <div class='ocr_carea' id='block_1_128' title="bbox 2298 5472 3822 5547">
    <p class='ocr_par' dir='ltr' id='par_1_128' title="bbox 2298 5472 3822 5547">
     <span class='ocr_line' id='line_1_131' title="bbox 2298 5472 3822 5547; baseline 0.004 -21"><span class='ocrx_word' id='word_1_896' title='bbox 2298 5482 2338 5509; x_wconf 75' lang='grc' dir='ltr'><strong>ιιι</strong></span> <span class='ocrx_word' id='word_1_897' title='bbox 2369 5473 2470 5527; x_wconf 81' lang='lat' dir='ltr'><strong>Ms.</strong></span> <span class='ocrx_word' id='word_1_898' title='bbox 2490 5472 2597 5529; x_wconf 88' lang='lat' dir='ltr'><strong>.loI.</strong></span> <span class='ocrx_word' id='word_1_899' title='bbox 2626 5482 2680 5529; x_wconf 89' lang='lat' dir='ltr'><strong>et</strong></span> <span class='ocrx_word' id='word_1_900' title='bbox 2703 5473 2832 5529; x_wconf 88' lang='lat' dir='ltr'><strong>edit.</strong></span> <span class='ocrx_word' id='word_1_901' title='bbox 2863 5473 3026 5540; x_wconf 82' lang='lat' dir='ltr'><strong>Ven.,</strong></span> <span class='ocrx_word' id='word_1_902' title='bbox 3048 5484 3097 5529; x_wconf 90' lang='lat' dir='ltr'><strong>et</strong></span> <span class='ocrx_word' id='word_1_903' title='bbox 3120 5485 3374 5531; x_wconf 83' lang='lat' dir='ltr'><strong>sanctum.</strong></span> <span class='ocrx_word' id='word_1_904' title='bbox 3404 5478 3536 5534; x_wconf 79' lang='lat' dir='ltr'><strong>Mss.</strong></span> <span class='ocrx_word' id='word_1_905' title='bbox 3555 5475 3822 5547; x_wconf 79' lang='lat' dir='ltr'><strong>quinque,</strong></span> 
     </span>
    </p>
   </div>
   <div class='ocr_carea' id='block_1_129' title="bbox 2228 5555 2425 5599">
    <p class='ocr_par' dir='ltr' id='par_1_129' title="bbox 2228 5555 2425 5599">
     <span class='ocr_line' id='line_1_132' title="bbox 2228 5555 2425 5599; baseline 0.02 -4"><span class='ocrx_word' id='word_1_906' title='bbox 2228 5555 2425 5599; x_wconf 69' lang='grc' dir='ltr'><strong>εαηειρ.</strong></span> 
     </span>
    </p>
   </div>
   <div class='ocr_carea' id='block_1_130' title="bbox 2298 5614 3445 5686">
    <p class='ocr_par' dir='ltr' id='par_1_130' title="bbox 2298 5614 3445 5686">
     <span class='ocr_line' id='line_1_133' title="bbox 2298 5614 3445 5686; baseline 0.004 -18"><span class='ocrx_word' id='word_1_907' title='bbox 2298 5623 2327 5653; x_wconf 72' lang='grc'>³</span> <span class='ocrx_word' id='word_1_908' title='bbox 2354 5615 2458 5686; x_wconf 78' lang='lat' dir='ltr'><strong>Ms.</strong></span> <span class='ocrx_word' id='word_1_909' title='bbox 2491 5614 2648 5686; x_wconf 79' lang='lat' dir='ltr'><strong>Reg.,</strong></span> <span class='ocrx_word' id='word_1_910' title='bbox 2680 5632 2744 5671; x_wconf 75' lang='lat' dir='ltr'><strong>ex</strong></span> <span class='ocrx_word' id='word_1_911' title='bbox 2759 5619 2909 5685; x_wconf 79' lang='lat' dir='ltr'><strong>justo</strong></span> <span class='ocrx_word' id='word_1_912' title='bbox 2940 5617 3136 5683; x_wconf 83' lang='lat' dir='ltr'><strong>indicio</strong></span> <span class='ocrx_word' id='word_1_913' title='bbox 3167 5616 3261 5672; x_wconf 82' lang='lat' dir='ltr'><strong>Det</strong></span> <span class='ocrx_word' id='word_1_914' title='bbox 3289 5620 3445 5675; x_wconf 72' lang='lat' dir='ltr'><strong>venit.</strong></span> 
     </span>
    </p>
   </div>
   <div class='ocr_carea' id='block_1_131' title="bbox 2294 5685 3819 5762">
    <p class='ocr_par' dir='ltr' id='par_1_131' title="bbox 2294 5685 3819 5762">
     <span class='ocr_line' id='line_1_134' title="bbox 2294 5685 3819 5762; baseline 0.003 -20"><span class='ocrx_word' id='word_1_915' title='bbox 2294 5695 2319 5723; x_wconf 92' lang='lat'><strong>°</strong></span> <span class='ocrx_word' id='word_1_916' title='bbox 2345 5685 2472 5762; x_wconf 55' lang='lat' dir='ltr'><strong>bist.</strong></span> <span class='ocrx_word' id='word_1_917' title='bbox 2506 5685 2631 5741; x_wconf 89' lang='lat' dir='ltr'><strong>duo.</strong></span> <span class='ocrx_word' id='word_1_918' title='bbox 2653 5728 2668 5749; x_wconf 89' lang='lat'><strong>,</strong></span> <span class='ocrx_word' id='word_1_919' title='bbox 2697 5703 2786 5741; x_wconf 61' lang='lat' dir='ltr'><strong>nec</strong></span> <span class='ocrx_word' id='word_1_920' title='bbox 2815 5689 2933 5742; x_wconf 72' lang='lat' dir='ltr'><strong>ideo</strong></span> <span class='ocrx_word' id='word_1_921' title='bbox 2962 5691 3089 5759; x_wconf 79' lang='lat' dir='ltr'><strong>facit</strong></span> <span class='ocrx_word' id='word_1_922' title='bbox 3115 5692 3327 5762; x_wconf 83' lang='lat' dir='ltr'><strong>injuste.</strong></span> <span class='ocrx_word' id='word_1_923' title='bbox 3360 5690 3494 5746; x_wconf 84' lang='lat' dir='ltr'><strong>Ven.</strong></span> <span class='ocrx_word' id='word_1_924' title='bbox 3526 5689 3651 5747; x_wconf 89' lang='lat' dir='ltr'><strong>edit.</strong></span> <span class='ocrx_word' id='word_1_925' title='bbox 3671 5730 3692 5760; x_wconf 84' lang='lat'><strong>,</strong></span> <span class='ocrx_word' id='word_1_926' title='bbox 3725 5705 3819 5747; x_wconf 68' lang='lat' dir='ltr'><strong>me</strong></span> 
     </span>
    </p>
   </div>
   <div class='ocr_carea' id='block_1_132' title="bbox 2218 5756 2673 5831">
    <p class='ocr_par' dir='ltr' id='par_1_132' title="bbox 2218 5756 2673 5831">
     <span class='ocr_line' id='line_1_135' title="bbox 2218 5756 2673 5831; baseline -0.002 -18"><span class='ocrx_word' id='word_1_927' title='bbox 2218 5756 2335 5813; x_wconf 73' lang='lat' dir='ltr'><strong>ideo</strong></span> <span class='ocrx_word' id='word_1_928' title='bbox 2356 5759 2553 5831; x_wconf 75' lang='lat' dir='ltr'><strong>injuste</strong></span> <span class='ocrx_word' id='word_1_929' title='bbox 2581 5768 2673 5812; x_wconf 84' lang='lat' dir='ltr'><strong>est.</strong></span> 
     </span>
    </p>
   </div>
   <div class='ocr_carea' id='block_1_133' title="bbox 2294 5826 3558 5909">
    <p class='ocr_par' dir='ltr' id='par_1_133' title="bbox 2294 5826 3558 5909">
     <span class='ocr_line' id='line_1_136' title="bbox 2294 5826 3558 5909; baseline 0.01 -28"><span class='ocrx_word' id='word_1_930' title='bbox 2294 5840 2320 5881; x_wconf 75' lang='grc' dir='ltr'><strong>ρ</strong></span> <span class='ocrx_word' id='word_1_931' title='bbox 2352 5826 2475 5886; x_wconf 54' lang='lat' dir='ltr'><strong>Mss.</strong></span> <span class='ocrx_word' id='word_1_932' title='bbox 2512 5842 2651 5897; x_wconf 87' lang='lat' dir='ltr'><strong>tres,</strong></span> <span class='ocrx_word' id='word_1_933' title='bbox 2682 5826 2774 5886; x_wconf 87' lang='lat' dir='ltr'><strong>Ira</strong></span> <span class='ocrx_word' id='word_1_934' title='bbox 2801 5839 2873 5886; x_wconf 87' lang='lat' dir='ltr'><strong>est</strong></span> <span class='ocrx_word' id='word_1_935' title='bbox 2903 5848 3092 5909; x_wconf 80' lang='lat' dir='ltr'><strong>magna</strong></span> <span class='ocrx_word' id='word_1_936' title='bbox 3133 5832 3254 5901; x_wconf 83' lang='lat' dir='ltr'><strong>Dei,</strong></span> <span class='ocrx_word' id='word_1_937' title='bbox 3284 5850 3420 5907; x_wconf 81' lang='lat' dir='ltr'><strong>qua,</strong></span> <span class='ocrx_word' id='word_1_938' title='bbox 3455 5841 3558 5893; x_wconf 80' lang='lat' dir='ltr'><strong>etc.</strong></span> 
     </span>
    </p>
   </div>
  </div>
