4006 6356
179 370 268 430 ttsl
935 318 966 325 ii
1299 357 1844 422 EPIGRAMMATUM
1887 354 2089 414 LIBER
2127 316 2331 414 usus.
3342 351 3448 410 52-:

241 481 299 538 In
331 476 554 536 Christo
588 477 878 545 meditans,
907 479 1049 551 quod
1081 478 1230 549 cupit
1255 480 1540 536 acceleret.
1784 478 1838 537 Α
1861 472 2116 542 Quisquis
2144 471 2286 526 enim
2313 466 2506 540 cupide
2527 464 2556 503 ιι
2578 479 2685 523 non
2711 464 3066 538 expendenda
3097 465 3372 534 recondit;

179 575 380 634 Cedant
401 574 588 630 virtuti
613 589 866 630 variarum
893 573 1168 630 obstacula
1199 587 1397 640 rerum,
1939 565 1954 604 ί
1985 566 2116 635 Quae
2143 565 2276 620 nulli
2309 563 2514 630 tribuit,
2541 561 2865 632 pauperibus
2889 561 3086 631 rapuit.

239 612 1397 739 ἆῖῥέἐὲιξιῖζοᾷ”ἶὲιίζ’ῥζ›ξέἶῖιῖἱὲ’ἷιᾶζὲῗ
1570 709 1573 712 .
1989 612 2030 635 “
2073 612 2232 714 wuti:
2244 612 2567 728 mini;
2577 612 2863 726 ῐιὶιῐῆῗῖ
2890 612 2979 708 BZ
2995 612 3212 710 Itium.
3467 612 3487 691 τ

177 764 308 833 Quid
329 762 488 835 juvat
509 763 563 818 in
587 763 802 834 longum
834 777 1021 818 causas
1043 761 1341 833 producere
1369 757 1578 816 morbi?

238 857 355 912 Cur
373 855 599 912 dubium
625 863 905 924 exspectat
929 869 1052 911 cras
1075 853 1330 910 hodierna
1359 852 1548 910 salus?

177 947 386 1006 Scimus
412 948 677 1004 correctis
705 950 915 1004 veniam
947 963 1053 1004 non
1084 962 1205 1002 esse
1237 946 1557 1017 negandam,

237 1042 348 1100 Sed
377 1042 514 1100 nulli
546 1054 788 1100 nostrum
813 1053 894 1099 est
920 1044 1105 1099 ultima
1132 1051 1254 1098 nota
1281 1041 1419 1098 dies.

449 1135 639 1192 LXXV
670 1135 836 1208 [Alias
865 1134 1096 1207 LXXII].
1128 1135 1208 1190 De
1232 1136 1411 1188 timore
1433 1143 1481 1187 α.

1933 753 1960 792 ιί
1992 752 2049 808 In
2084 765 2274 821 magna
2309 759 2546 819 egestate
2585 748 2842 821 suntqui
2886 748 2955 821 de
2999 748 3285 820 iniquitate
3322 758 3452 804 sunt

1863 826 2056 882 divites
2080 842 2093 876 :
2115 819 2340 893 iustitia:
2371 836 2505 893 opes
2533 831 2585 874 et
2621 819 2896 893 sapientiae
2922 819 3202 893 thesaurus
3223 835 3330 876 non
3355 821 3452 893 ha-

1863 898 2010 954 bent.
2041 891 2140 964 Qu'i
2171 905 2350 949 autem
2377 891 2395 930 ι
2433 893 2658 947 Domino
2684 892 2950 957 serviunt,
2979 905 3042 945 ea
3077 891 3217 948 bona
3267 891 3451 962 acqui-

1863 976 2009 1032 runt,
2036 982 2157 1036 quaa
2182 964 2359 1034 perire
2380 979 2483 1018 non
2519 971 2764 1032 possunt.

1862 1058 2114 1115 Terrenis
2144 1055 2336 1126 opibus
2363 1069 2485 1110 cum
2512 1053 2664 1109 dives
2687 1053 2882 1124 gaudet
2911 1053 3149 1126 iniquus,

1934 1150 2088 1207 νει-ῖς
2115 1164 2175 1204 se
2200 1150 2456 1204 miserum
2490 1147 2662 1202 nescit
2686 1161 2846 1215 egere
2877 1148 3055 1203 bonis.

1865 1241 2000 1299 Nam
2022 1241 2149 1314 quid
2178 1242 2299 1307 erit,
2329 1238 2474 1311 quod
2499 1252 2606 1294 non
2638 1248 2914 1294 momento
2950 1239 3210 1311 temporis
3235 1257 3343 1298 uno

1934 1336 2171 1394 Perdere
2199 1336 2466 1391 mundana
2494 1333 2806 1390 conditione
2832 1334 3028 1404 queat?

1863 1443 1904 1471 ιη
1925 1431 2018 1488 Cui
2051 1433 2200 1498 licet,
2232 1429 2473 1486 adversis
2494 1427 2855 1492 cessantibus,
2885 1425 3065 1482 omnia
3098 1437 3359 1498 parcant;

1933 1525 2079 1595 Lege
2101 1533 2280 1580 tamen
2307 1521 2499 1578 mortis
2523 1522 2594 1577 sit
2614 1520 2894 1576 faciendus
2917 1519 3094 1591 inops.

1866 1619 1938 1675 At
1963 1619 2102 1673 bona
2129 1617 2397 1688 iustorum
2425 1614 2585 1670 nullis
2612 1614 2842 1669 obnoxia
2861 1611 3098 1680 damnis,

1936 1711 2155 1775 Hostes,
2184 1710 2344 1772 furta,
2390 1711 2566 1779 ignes,
2596 1715 2653 1763 et
2679 1721 2831 1764 mare
2854 1721 2960 1762 non
2991 1715 3256 1763 metuunt.

239 1229 437 1286 Omnia
475 1244 596 1300 quae
634 1229 895 1284 timentur
936 1225 1756 1300 rationabiliter‘declinantur:

178 1303 371 1430 ἲῡριέε
395 1302 476 1357 sic
494 1296 778 1356 timendus
805 1310 908 1368 est,
938 1310 996 1355 ut
1031 1299 1098 1354 ab
1142 1297 1260 1368 ipso
1289 1296 1357 1352 ad
1406 1298 1580 1366 ipsum
1632 1312 1763 1353 con-

200 1390 312 1445 ugia
345 1390 431 1429 ur.

181 1467 313 1524 Utile
340 1467 593 1539 prudenti
615 1476 699 1523 est
723 1466 995 1522 mundana
1026 1464 1250 1521 adversa
1279 1479 1495 1532 cavere,

241 1559 312 1614 Et
341 1560 483 1630 quod
518 1545 540 1599 ἒ
567 1559 845 1615 vitandum
877 1559 1190 1629 prospiciat,
1225 1557 1429 1628 fugere.

179 1649 274 1706 Sed
302 1665 432 1705 eum
461 1651 670 1722 peccati
700 1652 891 1706 merito
923 1665 1110 1704 manus
1140 1649 1559 1718 Omnipotentis,

239 1742 436 1799 Omnia
463 1742 802 1799 concludens
828 1749 998 1796 arctat
1021 1742 1216 1812 ubique
1241 1756 1392 1796 reum
1418 1758 1432 1795 :

181 1835 351 1893 Unum
376 1832 406 1872 ἀ
438 1834 744 1905 profugium
771 1842 944 1889 tutum
968 1843 1050 1888 est
1081 1833 1222 1888 Deus
1262 1833 1376 1899 ipse
1416 1830 1650 1896 timenti,

239 1929 410 2003 659
437 1930 480 1983 Α
503 1943 610 2000 quo
637 1927 940 1993 discedens,
971 1942 1039 1983 ne
1062 1936 1268 1997 pereat,
1299 1927 1504 1982 redeat.

180 2020 429 2078 Converti
459 2036 690 2091 namque
714 2020 780 2076 ad
805 2021 1088 2076 Dominum
1117 2021 1420 2076 certissima
1449 2019 1556 2074 vita
1584 2026 1686 2088 est,

1873 1805 2148 1862 lndemnis
2175 1811 2356 1860 servat
2385 1801 2662 1873 pr0prium
2693 1801 2954 1870 sapientia
2984 1815 3231 1870 censum,

1791 1873 1842 1935 Β
1940 1909 1969 1938 η
1990 1899 2100 1956 Nec
2128 1897 2362 1970 perdunt
2389 1897 2644 1952 meritum
2674 1909 2882 1964 paxque
2912 1893 3153 1966 ﬁdesque
3177 1910 3354 1952 suum.

1871 1995 2060 2050 Omnis
2087 1993 2344 2048 virtutum
2375 2004 2590 2058 semper
2613 1988 2912 2045 substantia
2938 1988 3085 2045 salva
3109 1997 3212 2055 est,

244 2112 311 2168 Et
339 2127 526 2183 pacem
554 2111 743 2168 otl‘ensi
772 2127 1038 2182 quaerere,
1081 2111 1196 2166 sola
1228 2111 1398 2177 salus,

183 2207 275 2274 Qui
308 2215 495 2269 terret,
531 2204 736 2276 parcit;
768 2205 856 2275 qui
889 2204 1139 2274 percutit,
1172 2205 1288 2273 ipse
1313 2203 1576 2258 medetur.

247 2298 446 2355 Vivere
473 2299 579 2364 vis,
613 2298 688 2352 illi
715 2296 966 2361 subdere,
995 2313 1156 2368 quem
1188 2299 1402 2354 metuis.

359 2389 579 2447 LXXVI
615 2388 783 2466 [Alias
803 2388 1064 2462 LXXIII].
1098 2387 1176 2444 De
1205 2391 1500 2462 virginitate
1525 2400 1569 2444 ο.

1865 2124 1876 2146 .
1941 2087 2126 2142 Invitis
2154 2084 2354 2140 Christi
2380 2098 2599 2140 munera
2632 2096 2792 2136 nemo
2823 2082 2982 2152 rapit.

1947 2203 2108 2275 661
2137 2199 2356 2255 LXXIX
2387 2198 2555 2271 [Alias
2588 2195 2846 2267 LXXVI].
2881 2195 2960 2251 De
2987 2212 3104 2252 vera
3126 2198 3373 2256 bonitate.

1944 2317 2061 2372 Non
2085 2316 2281 2372 sufﬁcit
2313 2315 2584 2372 abstinere
2609 2329 2636 2368 a
2668 2313 2843 2389 malo,
2878 2314 2980 2370 nisi
3013 2323 3039 2352 ο
3064 2316 3155 2389 fiat
3185 2318 3330 2389 quod
3363 2319 3460 2377 bo-

1874 2406 2001 2445 num
2031 2398 2134 2443 est.
2182 2389 2251 2459 Et
2289 2403 2472 2454 parum
2505 2396 2590 2442 est
2615 2385 2815 2442 nemini
2840 2400 3062 2454 nocere,
3088 2385 3454 2459 nisistudeas,

249 2485 543 2557 Virginius
591 2458 795 2552 carnis,
831 2483 851 2521 τ
889 2458 1088 2554 corpus
1133 2458 1433 2551 intactum;
1487 2482 1768 2554 virginitas
1872 2461 2056 2557 Tum“
2087 2458 2363 2557 Ρῖοάεξθεθ-

185 2558 392 2627 animae,
417 2558 551 2612 tides
573 2559 904 2624 incorrupta.

183 2652 365 2710 Carnis
392 2649 677 2723 virginitas
705 2651 910 2706 intacto
937 2663 1170 2717 corpore
1194 2649 1422 2706 habetur
1447 2666 1461 2708 :

248 2746 541 2816 Virginitas
570 2745 764 2801 anima:
794 2755 877 2801 est
905 2745 1230 2801 intemerata
1257 2745 1412 2812 ﬁdes,

185 2841 291 2909 Qua
314 2841 435 2896 siue
458 2839 710 2908 corporei
738 2838 816 2894 nil
846 2839 1068 2909 prodest
1090 2853 1219 2894 cura
1251 2837 1500 2909 pudoris;

249 2935 357 2992 Sed
384 2933 585 2991 mentis
617 2933 789 3004 pietas
815 2944 969 3004 auget
1001 2943 1288 3004 utrumque
1316 2933 1536 2988 bonum.

339 3027 584 3084 LXXVII
609 3027 778 3102 [Alias
804 3025 1062 3098 LXXIV].
1093 3026 1170 3081 De
1191 3029 1345 3082 modo
1372 3027 1612 3083 habendi.

253 3121 418 3176 Multa
454 3135 555 3176 nos
577 3121 631 3175 in
665 3118 1016 3192 facultatibus
1043 3124 1246 3174 nostris
1280 3120 1480 3177 habere
1505 3122 1776 3192 superﬂua

1875 2552 2078 2624 Dignus
2126 2552 2285 2607 laude
2310 2550 2528 2622 quidem
2559 2560 2643 2608 est
2667 2593 2683 2620 ,
2717 2551 2880 2608 vitam
2923 2553 3043 2610 sine
3090 2553 3318 2612 crimine
3356 2552 3459 2611 du-

2096 2659 2249 2711 cens,

1948 2740 2018 2796 Et
2047 2754 2398 2811 quaecumque
2426 2738 2527 2794 sibi
2557 2749 2584 2789 P
2615 2745 2741 2795 sunt
2768 2736 3032 2808 nocitura,
3061 2755 3283 2800 cavens.

1879 2830 1986 2887 Sed
2013 2845 2118 2886 non
2145 2829 2248 2885 hoc
2274 2830 2445 2900 pietas
2469 2837 2721 2885 contenta
2753 2837 2836 2886 est
2864 2829 3036 2887 limite
3058 2831 3259 2898 claudi,

1950 2923 2061 2980 Nec
2085 2936 2113 2976 τι
2137 2923 2306 2994 justo,
2339 2922 2520 2979 vetitis
2545 2923 2891 2990 abstinuisse,
2921 2932 3006 2979 sat
3035 2932 3139 2980 est.

1881 3018 2051 3089 Major
2079 3032 2210 3072 cura
2235 3016 2359 3072 boni
2391 3025 2494 3081 est,
2527 3014 2750 3071 fratrum
2781 3015 3026 3072 relevare
3047 3015 3284 3088 labores,

1958 3120 1980 3149 ι’
2011 3112 2076 3166 Ει
2097 3111 2240 3166 ferre
2269 3118 2509 3180 optatum
2533 3107 2778 3165 tristibus
2804 3110 3061 3166 auxilium
3093 3126 3109 3164 :

190 3202 214 3240 ³
241 3193 627 3275 Ρτοδλδίωητε,
675 3191 718 3245 εί
759 3193 1207 3275 ηεθςρεεεξείῆβυιξι
1253 3191 1608 3275 ἔῖωίηθεηηυέ·
1644 3195 1774 3275 [Ἵππη
1808 3269 1841 3275 _
1885 3204 2118 3261 Pascere
2143 3203 2378 3275 jejunus,
2413 3201 2586 3258 nudos
2609 3201 2833 3268 vestire,
2868 3200 3059 3271 ligatos

185 3279 314 3336 vana
339 3262 715 3332 quaerentibus
738 3262 1202 3336 niliil_sulticit;et
1219 3263 1516 3318 alienorum
1535 3267 1768 3336 quodam
1797 3269 1844 3330 C

186 3335 619 3461 :n‘odohrggnwr
647 3342 753 3399 est,
803 3332 894 3403 qui
936 3333 1214 3405 profutura
1245 3332 1568 3406 pauperibus
1611 3341 1771 3394 inuti-

209 3422 306 3461 ter
367 3422 398 3459 a
500 3446 514 3460 .

209 3422 306 3461 tter
330 3422 514 3461 ιιιυει.

185 3495 433 3570 Magnum
476 3506 754 3568 peccatum
787 3507 871 3554 est
893 3513 1048 3554 amor
1095 3499 1482 3557 immoderatus
1513 3500 1771 3575 habendi,

255 3593 322 3646 Et
339 3591 473 3662 plus
495 3607 657 3662 quam
688 3592 811 3645 vitae
835 3590 1092 3653 sufﬁciat.
1121 3592 1364 3663 cupiens.

185 3680 316 3738 Nam
347 3683 494 3754 quod
520 3698 620 3740 nos
644 3689 830 3750 vestit,
862 3685 1002 3754 quod
1036 3686 1227 3754 pascit,
1259 3701 1389 3742 cura
1419 3688 1628 3759 salutis,

258 3776 314 3832 Si
342 3777 498 3831 vanis
524 3777 595 3830 sit
624 3791 778 3831 mens
810 3776 1000 3837 libera.
1033 3791 1140 3830 non
1169 3787 1377 3833 onerat.

186 3867 245 3926 Si
268 3884 372 3940 qua
403 3869 564 3939 igitur
588 3880 870 3935 superant,
901 3883 1130 3938 quorum
1163 3884 1269 3924 non
1297 3871 1500 3941 indiget
1525 3888 1673 3941 usus,

257 3962 535 4020 Debilibus
559 3961 790 4033 prosint,
814 3971 974 4032 atque
1001 3961 1189 4040 juvent
1209 3963 1418 4034 inopes.

259 4130 283 4159 ι
315 4119 414 4174 Ms.
437 4119 626 4175 Camb.
651 4117 974 4185 addit,Dei;
1003 4133 1136 4176 mss.
1159 4117 1314 4176 Colb.
1345 4120 1453 4177 duo
1497 4131 1551 4178 et
1573 4123 1783 4182 Theod.

189 4191 416 4254 addunt,
446 4201 604 4245 recto.

257 4263 287 4303 δ
319 4263 419 4318 Ms.
452 4262 669 4327 Camb.,
703 4261 794 4318 Sic
823 4272 992 4316 autem
1028 4261 1182 4318 Deus.

264 4345 288 4374 ε
324 4334 489 4398 Editi,
516 4335 778 4388 vitandum
805 4345 902 4388 est.
933 4334 1123 4391 Melius
1150 4351 1280 4392 mss.
1302 4336 1485 4407 plures
1508 4339 1781 4410 omittunt,

191 4417 287 4462 est.

261 4476 292 4515 ⁴¹
319 4477 618 4553 Mss._tres,
650 4481 964 4553 perfugium.

239 4553 288 4625 ἔξ
319 4550 418 4625 Ms.
450 4548 967 4625 antbe‘run._addit,
996 4551 1184 4607 animm
1204 4562 1252 4607 et
1283 4555 1532 4625 corporis.

264 4617 288 4657 ἵ
323 4620 448 4696 Mss.
475 4619 666 4696 C_amb.
693 4634 747 4678 et
777 4622 1098 4696 Regius,est
1125 4617 1402 4696 corpus...'.
1430 4638 1501 4680 est
1525 4624 1674 4692 ﬁdes.

264 4701 292 4739 ι
329 4691 473 4745 Edit.
512 4690 671 4761 Ven.,
719 4690 1055 4748 mssCColb.
1108 4690 1246 4749 unus
1288 4709 1341 4751 et
1367 4690 1596 4760 Theod.,
1630 4703 1689 4748 ut
1727 4692 1782 4748 in

187 4771 429 4838 sentem.
456 4763 726 4838 80_supra,
753 4763 1099 4838 probabimur.
1126 4765 1268 4838 Edit.
1287 4767 1530 4838 Lugd.et
1550 4769 1783 4830 Lovan.,

182 4835 490 4917 probantur.
528 4833 694 4917 Putre.
739 4845 796 4890 et
831 4835 1046 4902 Colum,
1092 4833 1396 4906 probamus:
1434 4841 1562 4895 MSs.
1595 4837 1700 4894 λοι.
1732 4845 1788 4894 et

124 4963 138 4990 κ
186 4905 410 4970 Camb.,
431 4905 780 4976 probabimus.
1094 4905 1098 4906 ⁷

184 5047 232 5058 ⁵.
259 4976 290 5014 ιι
323 4977 397 5031 Ita
429 4991 560 5058 mss.
586 4985 845 5058 quatuor;
881 4978 1078 5048 quibus
1108 4981 1368 5058 accedere
1392 4981 1606 5058 videtur
1646 4979 1782 5058 edit.

184 5047 364 5124 vel.”
393 5049 478 5102 ubi
506 5047 1000 5124 capandendah’pro
1039 5053 1372 5124 expendenda
1405 5053 1653 5124 legimus.
1682 5049 1788 5105 Alii

185 5119 718 5198 edi_ti_,_ea:pediennda.
747 5120 846 5198 M~.
881 5120 1036 5189 Reg.,
1056 5122 1365 5198 Δςᾳςρειςηᾴα.

265 5189 285 5228 ί
318 5189 452 5245 Mss.
473 5191 583 5244 duo
603 5189 782 5253 Colb.,
818 5195 946 5257 Quae
973 5189 1133 5246 nullis
1153 5194 1348 5250 tribuit.

261 5273 277 5311 ι
325 5260 758 5333 Ms._'I‘heodor.,
809 5261 884 5315 De
919 5273 1139 5333 egestate
1183 5264 1420 5320 divitum.
1460 5264 1586 5321 Mss.
1627 5263 1786 5320 Colb.

183 5332 300 5387 duo
331 5342 389 5387 et
413 5331 630 5397 Camb..
658 5332 738 5386 De
763 5331 1054 5402 (ti/ferentia
1076 5336 1406 5401 divitiarum;
1429 5337 1555 5392 item
1581 5335 1789 5393 Jolien-

180 5403 287 5469 sis,
321 5407 412 5474 qui
439 5414 621 5460 tamen
644 5418 714 5460 ex
744 5406 895 5475 lapsu
920 5406 1135 5473 scribaa,
1160 5423 1260 5477 pro
1287 5409 1600 5477 diuitiarum,
1628 5406 1794 5463 habet

180 5477 506 5531 divinorum.

255 5545 299 5630 ιι.
321 5544 386 5630 In
412 5548 511 5605 hac
530 5548 832 5630 sententia,
861 5550 947 5606 ubi
967 5551 1101 5606 mira
1140 5551 1280 5630 inter
1311 5552 1537 5630 codices
1553 5552 1792 5608 occurrit

177 5620 453 5694 varietas,
480 5620 649 5676 editio
678 5622 921 5692 Lugdun.
958 5632 1012 5694 et
1045 5625 1393 5694 posteriores,
1444 5637 1501 5680 ut
1529 5628 1579 5678 in
1614 5634 1786 5694 textu,

175 5690 344 5760 iuxta
382 5700 700 5761 sententiam
743 5690 904 5761 supra
946 5690 1199 5750 85.'Mss.
1231 5690 1506 5752 Theudor.
1541 5705 1596 5752 et
1631 5693 1785 5750 Colb.

181 5775 361 5840 unus,
396 5760 459 5840 In
488 5781 673 5840 magna
701 5760 917 5840 egestate
945 5775 1063 5840 sunt
1110 5768 1291 5840 divites
1327 5769 1790 5840 justiticeiopeyet

179 5833 750 5914 sapientiwgtlt‘esauroi
776 5853 876 5889 non
897 5835 1157 5914 habentes.
1186 5833 1498 5914 Mssftjolb.
1523 5833 1682 5904 alter,
1705 5836 1790 5892 Jo-

179 5902 414 5970 Iiensis,
441 5912 495 5959 et
520 5904 864 5972 Camberon.,
908 5908 1090 5966 diuites
1112 5912 1332 5983 justitite
1381 5911 1580 5980 inapes,
1624 5902 1677 5964 et
1701 5925 1788 5964 sa-

487 5997 756 6061 Pa'rnos.
807 5999 904 6060 LI.

1809 4615 1866 4678 D

1951 3296 2195 3363 Solvere,
2227 3293 2514 3350 discordes'
2529 3293 2820 3350 conciliare
2845 3293 2968 3360 sibi,

1881 3388 1948 3445 Et
1972 3403 2324 3459 quacumque
2355 3386 2604 3442 homines
2632 3385 2818 3442 miseri
2845 3384 3039 3440 solatia
3067 3395 3336 3457 quaerunt,

1957 3491 1978 3517 ³
2013 3479 2162 3546 Haec,
2201 3486 2259 3532 ut
2285 3477 2540 3546 possibile
2570 3486 2674 3541 est,
2708 3489 2956 3545 promere
2981 3475 3146 3531 corde
3169 3477 3280 3548 pio.

1887 3574 1907 3612 ί
1939 3572 2009 3630 Ut
2051 3573 2183 3628 recti
2215 3587 2345 3626 vere
2373 3568 2623 3638 cupidus,
2658 3583 2896 3637 vereque
2925 3567 3217 3637 benignus,

1956 3667 2086 3735 Quae
2117 3665 2256 3720 mala
2281 3674 2408 3718 sunt
2431 3662 2618 3732 fugiat,
2648 3676 2766 3732 quae
2797 3661 2934 3714 bona
2961 3668 3087 3715 sunt
3113 3659 3292 3716 faciat.

1990 3779 2186 3837 LXXX
2211 3779 2379 3852 [Alias
2407 3774 2694 3847 LXXVII].
2724 3784 2753 3812 ιι
2781 3772 2862 3827 De
2883 3773 3009 3828 mali
3039 3775 3362 3845 impunitate.

1955 3897 2218 3954 Peccator
2265 3909 2386 3951 cum
2420 3901 2645 3964 peccat,
2671 3899 2853 3964 '_nun
2883 3887 3323 3964 ideo_a_Domiuo
3366 3903 3477 3948 non

1883 3968 2143 4038 videtur,
2191 3968 2314 4039 quia
2363 3959 2508 4022 male
2554 3960 2762 4034 agentis
2799 3975 2957 4031 poena
2999 3959 3243 4015 diﬂ'ertur
3292 3977 3305 4014 :
3357 3975 3478 4032 gra-

1892 4124 2523 4205 pientiquhesaurospon
2565 4115 3086 4205 habentes._.lt3asdem
3109 4128 3274 4170 voces
3317 4113 3480 4172 liabet

1893 4188 2062 4270 editio
2078 4195 2236 4270 Ven_.,
2262 4196 2358 4270 sed
2387 4193 2601 4248 diverso
2623 4190 2782 4270 modo
2803 4188 3113 4270 dispositas.
3219 4259 3231 4270 .

1968 4267 1988 4306 ι
2022 4270 2118 4346 Ms.
2175 4257 2333 4346 Colb.
2381 4271 2621 4346 unuset
2662 4257 2902 4346 Ibem:
2945 4257 3342 4346 Peoserviunt.
3379 4257 3483 4346 Ms.

1891 4337 2105 4423 Camb..
2133 4355 2196 4393 ea
2233 4339 2364 4392 bona
2407 4337 2689 4423 requirant.
2727 4332 2822 4387 Ms.
2861 4329 3015 4386 Colb.
3047 4345 3205 4397 unus,
3239 4346 3356 4402 quis
3382 4331 3484 4386 sibi

1891 4418 2062 4482 perire
2085 4427 2186 4466 non
2212 4418 2444 4470 possunt.

1963 4491 2005 4520 ιιι
2027 4482 2156 4537 Mss.
2189 4481 2388 4552 Regius
2428 4487 2484 4534 et
2510 4474 2837 4533 Theodoric.
2869 4472 3128 4530 eteditio.
3155 4471 3320 4540 Ven.,
3351 4472 3486 4528 Cum

1891 4555 2220 4680 ’,δείξει-συθ
2249 4624 2360 4691 hic,
2391 4623 2480 4692 qui
2511 4622 2564 4676 in
2604 4618 2816 4677 cmteris
2843 4617 3095 4692 omnibus
3122 4617 3488 4692 antepenulti-

1891 4713 2012 4754 mus
2043 4697 2260 4767 legitur,
2291 4689 2510 4767 ultimus
2535 4705 2618 4767 est
2650 4692 2829 4767 intus.
2859 4689 3300 4767 Camberonensi.

1966 4777 1991 4804 °
2050 4760 2148 4822 us.
2190 4760 2407 4826 Camb,
2444 4764 2620 4832 faciat.
2664 4761 2806 4816 Idem
2849 4776 2919 4832 ac,
2952 4776 3052 4815 ms.
3094 4760 3223 4829 Reg.
3270 4769 3480 4828 postea,

1893 4839 2115 4895 studeat.
2159 4837 2340 4892 Editio
2379 4831 2542 4902 vet...
2573 4834 2861 4890 studeatur.
2895 4831 3119 4902 Reliqua
3163 4839 3220 4884 ut
3240 4842 3402 4899 supra
3425 4831 3482 4887 in

1893 4919 2133 5037 mxprs.
2177 4989 2428 5052 quatuor,
2463 4977 2562 5034 sibi
2586 4977 2682 5032 scit
2718 4976 2992 5041 nocitura;
3023 4972 3151 5029 edit.
3179 4970 3342 5040 Ven.,
3377 4972 3484 5026 sint

1895 5064 2262 5180 "afluiltaamss.
2288 5121 2443 5179 Colb.
2472 5136 2613 5179 unus
2633 5127 2690 5178 et
2705 5119 3026 5176 Camberon.
3054 5113 3177 5181 Alii,
3173 5113 3372 5241 gustis.
3447 5183 3463 5200 η

1971 5205 1993 5232 τ
2036 5195 2162 5251 Mss.
2204 5194 2357 5250 Colb.
2402 5193 2550 5261 duo,
2594 5192 2662 5247 Et
2691 5192 2823 5261 ﬁeri.
2885 5189 2984 5244 Ms.
3021 5185 3171 5242 Theo
3211 5199 3372 5252 oric.,
3414 5184 3486 5240 lat

2117 5212 2162 5251 S.
2204 5211 2357 5250 b0").
2402 5211 2550 5262 auo,
2594 5211 2662 5247 ιιι
2691 5211 2823 5261 pert.
2885 5211 2984 5244 ius.
3031 5211 3372 5252 sucuuunco,

1895 5270 2161 5465 ZI'MIss.
2190 5339 2446 5410 quinque,
2481 5337 2632 5393 Haec.
2673 5334 2779 5392 Alii
2801 5331 3034 5396 codices,
3073 5327 3193 5383 Hoc
3229 5335 3286 5382 ut
3312 5328 3483 5414 possi-

1930 5428 1944 5465 ι
1971 5427 1998 5465 e
2027 5428 2078 5465 es
2108 5451 2120 5464 .

1930 5427 1998 5466 ιιι
2027 5427 2120 5466 est.

1971 5483 1992 5518 ί
2019 5482 2116 5537 Ms.
2141 5481 2613 5540 Camberonensis,
2639 5477 2707 5532 Et
2734 5477 2879 5532 recti.

1967 5561 1997 5589 ἰ
2036 5554 2160 5608 Mss.
2184 5556 2335 5610 Colb.
2358 5556 2465 5610 duo
2504 5565 2556 5609 et
2579 5549 2875 5610 Theodor.,
2919 5547 2995 5601 De
3036 5546 3487 5618 impunitate_pee-
3525 5594 3530 5598 .

1897 5627 2080 5680 euntis.
2126 5626 2225 5680 Ms.
2259 5626 2526 5684 Jolieusis.
2565 5623 2638 5676 De
2678 5620 2815 5674 mala
2847 5616 3168 5692 impunitate.
3201 5616 3298 5673 Ms.
3327 5616 3489 5672 Cam-

1893 5697 2110 5761 beron..
2147 5697 2222 5750 De
2250 5697 2556 5764 impunitate
2576 5692 2838 5764 peccandi.

1964 5777 1992 5807 ν
2019 5767 2198 5823 Editio
2220 5761 2354 5824 Ven.
2383 5767 2520 5830 sola,
2560 5761 2674 5818 ideo
2697 5780 2731 5817 a
2761 5763 2981 5817 Domino
3025 5779 3126 5818 non
3153 5761 3392 5822 videtur;
3430 5763 3488 5812 et

1894 5848 2015 5910 post
2057 5840 2262 5910 aliqum
2299 5838 2488 5904 lineas,
2521 5851 2650 5893 mss.
2694 5835 2851 5893 Colb.
2894 5835 3025 5899 duo,
3061 5830 3312 5901 correptio
3333 5831 3488 5883 dene-

1891 5921 2063 5982 gatur.

2974 5996 3053 6059 1⁸1
