4006 6356
538 318 646 377 355
1768 311 1827 369 S.
1866 310 2206 371 PROSPEBI
2244 310 2569 383 AQUITANI
3688 319 3784 379 ω

540 435 661 509 Hoc
681 436 815 491 idem
841 433 1023 490 deinde
1049 432 1302 509 integrum
1328 431 1486 509 edidit
1515 432 1591 509 R._
1616 432 1685 509 Ρ.
1718 431 1986 509 Labbwus.
2021 434 2079 491 S.
2116 434 2174 490 Ι.
2207 444 2344 509 tome
2372 436 2538 509 primo
2564 433 2894 509 Bibliotheca:
2919 448 3062 509 nocte
3100 433 3597 509 Munuseriptorum.
3617 435 3783 509 Hujus

540 508 814 563 editionem
840 514 896 560 ut
921 504 1223 575 ampliorem
1243 505 1435 559 caeteris
1462 521 1552 559 nos
1572 504 1654 558 hic
1679 507 1839 560 secuti
1861 522 2036 560 sumus
2061 523 2077 560 :
2103 523 2205 561 non
2235 504 2435 561 omissis
2457 517 2626 561 tamen
2646 508 2865 563 aliarum
2891 506 3173 562 editionum
3196 504 3523 576 differentiis,
3545 507 3630 563 ubi
3667 504 3782 577 opus

539 579 705 632 visum
730 586 825 632 est.

609 646 844 721 Denique
867 645 1182 721 observatum
1222 647 1439 717 legimus
1458 664 1489 700 a
1516 648 1624 701 viro
1648 663 1825 721 rerum
1850 647 2304 705 ecclesiasticam»:
2332 650 2656 719 peritissimo.
2692 650 2753 705 S.
2782 648 3093 721 Prosperum
3120 660 3194 703 ter
3213 648 3521 703 Chronicum
3560 667 3703 704 suum
3723 654 3782 706 ad

533 719 791 783 incudem,
816 728 873 773 ut
901 719 1069 788 aiunt,
1093 733 1371 782 revocasse,
1398 728 1587 786 terque,
1610 720 1655 772 si
1680 720 1754 772 sic
1780 718 1920 785 loqui
1950 721 2029 788 fas
2059 721 2145 783 sit,
2176 722 2308 776 illud
2332 722 2385 775 in
2424 722 2586 775 lucem
2615 722 2832 775 edidisse
2857 737 2875 773 :
2902 718 3093 775 scilicet
3130 738 3267 774 anno
3294 722 3421 787 455,
3450 722 3632 775 iterum
3660 740 3781 777 anno

532 788 660 856 “5,
687 791 891 863 demum
918 805 1054 863 anno
1074 788 1197 846 455.
1236 788 1473 863 litﬁillyd
1498 806 1580 863 Aea:
1609 806 1665 863 eo
1717 791 2011 863 conjicitur,
2042 792 2180 860 quod
2220 792 2275 846 in
2302 793 2533 860 pluribus
2577 792 2718 847 libris
2748 792 3224 863 legiturquoddam
3254 791 3405 844 totius
3450 793 3781 863 chronologis:

532 860 893 933 compendium
922 860 993 933 ad
1017 876 1207 933 annum
1226 860 1352 933 455.
1382 859 1922 933 §caligerianatameu
1946 859 2167 917 editione
2200 863 2257 916 id
2294 859 2557 917 exhibente
2581 864 2649 916 ad
2668 859 2858 916 annum
2887 859 3013 924 443,
3045 880 3142 932 quo
3172 863 3324 931 ﬁnem
3357 863 3498 931 ponit
3520 866 3607 916 toti
3636 859 3783 918 6ίὶνο-

530 929 666 1002 nico,
698 931 1065 1002 cumiomnibus
1111 932 1229 984 aliis
1258 932 1343 1000 qui
1372 929 1655 1002 Duchesnii
1685 932 1958 986 editionem
1998 944 2390 988 antecesserunt.
2420 933 2585 987 Immo
2624 933 2797 988 Victor
2822 929 3183 988 Tunnuneusis
3207 975 3221 996 ,
3265 929 3630 1002 qui-supplevit
3664 935 3782 988 illud

533 1000 781 1075 Prosperi
804 1001 1133 1062 Chronicum,
1153 1001 1288 1075 illud
1301 1000 1781 1075 aitnotlltldesiisse
1794 1006 2039 1058 observat.
2066 1009 2131 1061 At
2150 1021 2263 1059 vero
2290 1006 2341 1075 in
2363 1005 2443 1059 his
2461 1022 2583 1059 mss.
2598 1018 2814 1075 'quorum
2833 1022 2928 1074 ope
2948 1007 3029 1058 usi
3054 1016 3170 1057 sunt
3197 1000 3302 1056 tum
3326 1000 3662 1075 Ducbesnius,
3688 1016 3782 1057 tum

535 1071 805 1149 Labbteus,
823 1089 950 1149 Opus
974 1074 1297 1149 protenditur
1326 1089 1482 1141 usque
1501 1073 1569 1149 ad
1588 1074 1874 1149 Ijomanum
1899 1076 2157 1149 excidium
2172 1092 2261 1149 per
2272 1071 2621 1149 Qensericum,
2648 1071 2939 1149 consulibus
2963 1074 3430 1149 Valentiniarous
3449 1074 3780 1149 etidntltemio,

529 1145 599 1197 ad
627 1161 818 1219 annum
836 1147 1026 1219 scilicet
1058 1145 1182 1200 455.
1218 1144 1411 1219 Revera
1439 1144 1867 1219 enim_Victorius
1896 1148 2094 1201 biennio
2123 1144 2236 1219 post
2261 1146 2579 1201 Gennadium
2619 1149 2858 1214 scribens,
2892 1145 3228 1219 Cassiodorus
3266 1162 3464 1219 quoque
3499 1146 3599 1219 huc
3637 1160 3780 1213 usque

529 1215 733 1299 extendi
756 1215 892 1299 illud
914 1216 1251 1299 aﬂirmarunt.
1279 1213 1447 1299 Immo
1466 1223 1514 1266 et
1543 1213 1743 1299 Marius
1767 1218 2051 1299 Abricensis
2076 1213 2177 1272 siue
2198 1218 2575 1299 Lausannensis
2595 1221 2881 1299 episcopus,
2897 1234 3011 1299 cum
3034 1215 3280 1299 Prospenri
3304 1213 3430 1287 opus
3442 1217 3759 1299 supplere.“

527 1288 843 1355 grederetur,
874 1285 1009 1341 idem
1038 1297 1087 1341 et
1111 1288 1217 1355 ipse
1242 1295 1452 1340 testatus
1480 1296 1575 1339 est.
1610 1285 1759 1341 Unde
1783 1288 2026 1360 conjicias
2051 1307 2187 1345 anno
2216 1293 2419 1344 demum
2448 1289 2555 1346 455
2576 1285 2913 1361 assignandos
2941 1285 3180 1343 Chronici
3206 1285 3554 1357 Pros'periani
3588 1285 3774 1343 limites.

1595 1466 1741 1580 ε.
1817 1448 2773 1583 ΡΒθεΡΕΒῙ

1956 1619 2436 1679 ΔΟΠΙΤΔᾸἺῊι

909 1706 2143 1863 CHBONICUM
2244 1719 3297 1869 INTEGRUM
3391 1738 3427 1794 "

1509 1922 1590 1984 ΙΝ
1634 1924 1839 1987 DUAS
1880 1927 2184 1989 PARTES
2228 1927 2790 1990 DISTBIBUTUM.

1626 2056 2673 2245 ΡΒΜῙῙῙΞΑΜ.

1322 2297 1426 2353 AB
1462 2298 1674 2355 ORTU
1713 2298 1996 2355 RERUM
2034 2298 2136 2354 AD
2177 2301 2516 2359 MORTEM
2557 2305 2994 2367 VALENTIS.

1393 2415 1549 2479 Cum
1582 2415 1992 2477 annotatione
2022 2416 2349 2479 consulum
2378 2439 2416 2479 a
2445 2430 2641 2483 morte
2668 2423 2933 2488 Christi.

584 2522 747 2597 385
777 2521 972 2591 Adam,
1004 2535 1131 2579 cum
1161 2526 1598 2576 essetannorum
1636 2531 1655 2557 ε
1687 2534 1890 2588 ccxxx,
1921 2519 2109 2589 genuit
2133 2523 2188 2583 Α
2287 2521 2416 2577 Post
2468 2539 2641 2580 annos
2686 2542 2817 2583 vero
2860 2537 3103 2597 centum,
3143 2531 3359 2601 quando
3405 2533 3596 2603 genuit
3646 2532 3774 2601 Sem,

513 2617 667 2676 Seth.
1874 2648 1879 2651 -
2216 2613 2411 2671 factum
2440 2628 2521 2673 est
2542 2618 2826 2685 diluvium,
2859 2636 2977 2676 cum
3008 2630 3153 2678 esset
3182 2638 3445 2678 annorum
3477 2639 3561 2680 oc.

586 2711 739 2777 Setb,
774 2724 897 2766 cum
926 2716 1076 2766 esset
1103 2722 1367 2763 annorum
1400 2722 1521 2770 ccv,
1554 2707 1739 2777 genuit
1771 2706 1939 2762 Enos.
2032 2778 2045 2779 ί

586 2802 757 2871 Enos,
787 2818 910 2857 cum
941 2811 1087 2856 esset
1117 2814 1380 2854 annorum
1411 2814 1530 2861 exc,
1560 2802 1747 2868 genuit
1777 2799 1998 2854 Cainan.
2090 2788 2103 2799 ”

586 2894 791 2952 Cainan
836 2909 985 2959 vero,
1023 2908 1145 2951 cum
1189 2901 1336 2948 esset
1388 2907 1653 2947 annorum
1698 2908 1863 2961 ccxv,
1923 2891 2109 2962 genuit

514 2990 543 3033 ⁸
574 2992 842 3051 Malaleel.

589 3082 855 3148 Malaleel,
884 3081 1089 3137 habens
1118 3093 1288 3135 annos
1318 3095 1439 3147 va,
1465 3082 1651 3149 genuit
1676 3079 1860 3134 Jared.

586 3186 749 3244 Jared
772 3192 977 3254 autem,
1028 3196 1152 3239 cum
1173 3190 1324 3240 esset
1372 3197 1640 3238 annorum
1675 3194 1699 3220 ο
1726 3198 1889 3250 cun,
1921 3180 2107 3253 genuit

516 3291 728 3348 Enocb.

587 3396 656 3449 At
698 3390 909 3460 Euoch,
941 3403 1065 3447 cum
1100 3394 1251 3445 esset
1279 3400 1544 3444 annorum
1566 3385 1586 3425 τ
1618 3401 1743 3453 οιχ,
1776 3386 1963 3457 genuit
1992 3387 2104 3443 Ma-

512 3497 801 3555 thusalem.

582 3601 937 3658 Mathusalem
984 3610 1140 3667 vero,
1183 3609 1306 3653 cum
1359 3600 1503 3650 esset
1553 3606 1817 3650 annorum
1868 3608 2103 3663 ccxcvn,

509 3706 694 3779 genuit
722 3702 978 3761 Lamech.

581 3809 815 3867 Lamech
846 3820 1083 3881 quoque,
1111 3818 1236 3862 cum
1263 3808 1409 3861 esset
1438 3814 1704 3856 annorum
1732 3809 1756 3848 ε
1786 3814 1983 3866 ccxcu,
2016 3814 2106 3869 ge-

512 3913 632 3968 nuit
649 3913 783 3969 Noe.

583 4014 747 4084 636
785 4011 920 4066 Erat
960 4019 1139 4066 autem
1183 4022 1449 4064 annorum
1479 4023 1534 4076 ι),
1587 4020 1707 4061 cum
1745 4005 1930 4075 genuit
1988 4013 2099 4060 tres

517 4115 660 4171 ﬁlios
686 4116 834 4184 Sem,
868 4112 1036 4171 Cham
1062 4123 1116 4170 et
1146 4112 1399 4183 Japheth.

583 4282 609 4309 ι
630 4270 787 4339 Apud
817 4270 1091 4325 Labbeum
1126 4277 1256 4323 tom.
1290 4268 1309 4321 l
1334 4265 1587 4339 Biblioth.
1619 4278 1774 4339 nova:
1796 4278 1957 4339 mss,
1983 4264 2097 4318 Viri

509 4336 782 4397 clarissimi
815 4341 1020 4395 Tironis
1051 4339 1309 4411 Prosperi,
1335 4347 1436 4393 etc.
1458 4336 1580 4411 Hoc
1604 4336 1819 4411 nomine
1847 4336 2099 4407 designa-

513 4424 600 4469 tur
626 4414 787 4468 etiam
820 4413 872 4467 in
903 4427 995 4466 ms
1029 4406 1189 4468 Colbi
1209 4425 1314 4463 uno
1342 4420 1398 4463 et
1423 4410 1627 4478 aliquot
1649 4406 1791 4462 aliis.

579 4484 608 4526 ιι
639 4483 693 4538 lu
725 4499 924 4539 annum
954 4483 1152 4538 Christi
1182 4481 1289 4535 455
1318 4481 1593 4535 desinens.

585 4566 607 4593 ε
639 4555 817 4611 Semel
863 4555 1140 4609 monuisse
1177 4551 1430 4616 sufﬁciet,
1463 4551 1607 4620 quod
1648 4550 1962 4605 observavit
1991 4550 2093 4606 Ar-

510 4625 705 4682 naldus
735 4627 1002 4680 Pontacus
1035 4625 1339 4678 Vasatentis
1374 4623 1501 4677 oliui
1534 4621 1842 4691 episcopus,
1872 4624 1922 4674 in
1951 4622 2094 4675 notis

506 4697 575 4753 ad
601 4696 817 4753 Eusebii
866 4696 1194 4760 Chronicon,
1224 4704 1278 4747 et
1307 4694 1655 4749 observatum
1692 4702 1849 4747 antea
1894 4693 1945 4747 in
1990 4694 2091 4748 ali-

506 4781 639 4839 quOt
670 4785 795 4824 mss
835 4766 1183 4828 Colbertinis.
1224 4766 1511 4819 Eusebium
1556 4765 2092 4839 inrationehsnppu-

504 4834 653 4894 {andi
686 4855 855 4894 annos
894 4840 963 4892 ab
998 4838 1148 4892 orbe.
1188 4847 1427 4891 secutum
1478 4835 1746 4906 praecipue
1798 4834 2088 4890 editionem

506 4910 803 4965 Bibliorum
855 4911 1003 4977 juxta
1060 4907 1204 4962 LXX
1256 4906 1602 4976 lnterpretes,
1652 4917 1707 4961 ut
1764 4908 1878 4977 ipse
1935 4907 2093 4961 docet

505 4982 654 5036 circa
700 4976 896 5035 annum
933 4979 1054 5034 547.
1090 4978 1242 5045 Quod
1285 4977 1411 5031 facit
1438 4979 1598 5032 etiam
1637 4979 1755 5043 ipse
1799 4976 2087 5045 Josephus,

504 5052 631 5108 licet
672 5053 906 5107 Judmus.
957 5050 1111 5107 Unde
1158 5049 1403 5104 videmus
1450 5050 1699 5118 antiquos
1747 5051 1934 5102 Patres
1980 5057 2089 5102 tam

506 5123 746 5188 Gru'cos,
780 5138 939 5192 quam
969 5121 1214 5185 Latinos,
1247 5131 1300 5174 et
1332 5121 1499 5192 ipsum
1536 5118 2088 5192 Ecclesianicatholi-

502 5210 623 5248 cam
658 5204 762 5248 tam
788 5189 842 5247 in
872 5192 1123 5247 conciliis
1148 5191 1517 5251 mcumenicis,
1548 5205 1709 5256 quam
1740 5192 1792 5242 in
1824 5189 2091 5260 Martyro-

502 5265 684 5332 logiis,
719 5274 933 5319 secutos
976 5263 1242 5317 calculum
1294 5260 1552 5324 Eusebii,
1594 5261 1779 5332 relicta
1827 5259 2087 5315 Hebraica

504 5330 597 5388 illa
632 5338 1032 5401 supputatione.
1065 5333 1185 5400 Quo
1210 5332 1500 5386 observato
1529 5330 1763 5401 cessabit
1804 5332 2089 5398 scrupulus

508 5406 688 5458 omnis
708 5400 801 5472 qui
842 5406 968 5458 oriri
1013 5415 1191 5471 posset
1228 5402 1456 5472 legendo
1501 5400 1761 5472 Adamum
1802 5415 1942 5453 anno
1982 5401 2088 5456 230

502 5470 762 5545 genuisse
788 5474 940 5533 Seth,
964 5470 1087 5527 cum
1122 5470 1301 5529 textus
1332 5472 1589 5545 Hebraeus
1616 5470 1947 5545 Vulgataque
1967 5487 2087 5526 ver-

501 5541 589 5600 iio
633 5545 681 5600 id
725 5546 1015 5612 contigisse
1037 5554 1256 5600 narrent
1293 5559 1433 5596 anno
1473 5541 1638 5607 ipsius
1680 5541 1810 5607 1'50;
1837 5541 2086 5611 idemque

504 5625 627 5672 esto
650 5615 913 5686 judicium
941 5613 1009 5669 de
1040 5615 1284 5672 numeris
1314 5614 1720 5685 generationum
1747 5612 2082 5682 subsequen-

578 5757 607 5795 ἀ
632 5759 693 5815 lu
719 5758 989 5816 Chronico
1036 5756 1239 5812 Labbei
1278 5758 1472 5827 legitur
1503 5758 1590 5812 hic
1613 5755 1799 5824 Jared,
1824 5772 1922 5827 pro
1960 5758 2076 5813 Ma-

509 5826 680 5899 taleel,
714 5830 1089 5899 omittiturque
1119 5826 1351 5897 sequens
1390 5829 1686 5897 generatio,
1722 5826 1882 5899 quam
1913 5831 2069 5888 resti-

2114 5582 2159 5645 Ο
2192 5546 2426 5602 rioribus
2459 5558 2652 5645 arietet-
2685 5564 2848 5645 paulun

2285 2709 2363 2764 Ad
2393 2710 2717 2777 probandam
2755 2714 2913 2770 tidem
2950 2726 3274 2785 temporum,
3308 2717 3392 2772 has
3413 2716 3774 2788 generationes

2212 2800 2282 2856 ab
2309 2802 2463 2858 initio
2501 2815 2840 2875 retexuntur,
2877 2808 3073 2879 quibus
3103 2824 3368 2865 annorum
3417 2812 3678 2882 ascriptus
3704 2820 3775 2867 est

2211 2910 2489 2953 numerus.
2534 2898 2669 2954 Nam
2713 2900 2847 2955 Cain
2892 2900 3182 2957 fratricida:
3226 2905 3517 2972 posteritas
3561 2902 3777 2959 nonfuit

2212 2984 2374 3056 digna
2415 3004 2534 3043 cum
2586 2991 2680 3045 Dei
2713 2993 2915 3062 populo
2961 2996 3282 3065 computari.
3334 2994 3441 3051 Sed
3469 3010 3591 3051 cum
3640 2995 3775 3050 latius

2211 3088 2466 3147 serpente
2498 3093 2744 3150 peccato,
2780 3085 3012 3140 maxima
3042 3100 3165 3155 pars
3196 3086 3461 3141 bonorum
3511 3086 3773 3142 connubiis

2211 3185 2271 3226 se
2297 3172 2725 3243 alienigenarum
2767 3179 3048 3233 mulierum
3093 3180 3421 3244 miscuisset,
3450 3180 3651 3233 crimen
3678 3178 3772 3233 illi-

2212 3266 2330 3322 citae
2352 3269 2626 3324 societatis
2649 3269 2851 3325 diluvio
2875 3275 3073 3327 meruit
3097 3273 3326 3342 expiari,
3354 3272 3474 3327 solo
3490 3271 3602 3326 Noe
3618 3271 3771 3339 justo,

2210 3373 2332 3413 cum
2364 3376 2535 3416 uxore
2565 3373 2618 3416 et
2666 3364 2837 3419 tribus
2866 3363 3013 3433 ﬁliis,
3048 3379 3111 3420 ac
3159 3363 3384 3419 totidem
3430 3365 3673 3430 nuribus,
3712 3361 3770 3416 ad

2209 3458 2605 3524 reparationem
2638 3457 2859 3512 humani
2887 3460 3100 3527 generis
3128 3468 3430 3513 reservato.

2280 3546 2523 3603 Fuerunt
2551 3550 2710 3619 igitur
2739 3549 2811 3603 ab
2834 3548 3006 3603 Adam
3034 3564 3202 3617 usque
3236 3550 3301 3602 ad
3333 3548 3591 3603 diluvium
3618 3542 3765 3618 687

2208 3644 2584 3713 generationes
2615 3644 2822 3711 decem,
2856 3644 2981 3698 anni
3003 3641 3031 3680 ¹ι
3054 3659 3331 3699 ιιιοοηιι.

2280 3736 2414 3790 Post
2446 3735 2705 3791 diluvium
2738 3736 3035 3791 succedunt
3066 3735 3147 3789 ha:
3177 3736 3583 3805 generationes.

2280 3829 2406 3883 Sem
2437 3828 2582 3883 ﬁlius
2615 3828 2731 3883 Noe
2754 3843 2879 3883 cum
2911 3836 3059 3883 esset
3084 3843 3349 3882 annorum
3380 3824 3397 3864 ί
3432 3836 3663 3891 centum,
3691 3836 3768 3893 ge-

2130 3924 2180 3983 B
2207 3923 2325 3977 nuit
2354 3921 2662 3991 Arphaxad,
2697 3935 2839 3974 anno
2869 3930 2990 3989 post
3016 3920 3276 3974 diluvium
3310 3919 3573 3974 secundo.

2276 4014 2566 4084 Arphuxad
2617 4021 2819 4082 autem,
2866 4027 2990 4068 cum
3029 4022 3173 4069 esset
3214 4012 3528 4067 annorumi
3587 4020 3767 4073 cxxxv,

2206 4109 2393 4180 geuit
2419 4105 2644 4162 Cainan.

2205 4268 2405 4323 tuimus
2458 4268 2779 4323 auctoritate
2817 4282 2918 4321 ms.
2951 4266 3104 4322 Colb.
3144 4276 3199 4321 et
3228 4266 3488 4321 editionis
3531 4263 3765 4320 Chronici

2202 4338 2490 4394 Eusebiani
2539 4357 2565 4393 a
2601 4341 2834 4394 Pontaco
2866 4348 3165 4407 procuratze
3208 4348 3262 4392 et
3308 4339 3621 4392 illustratio:
3654 4350 3760 4407 cum

2199 4426 2315 4535 ann
2357 4411 2636 4467 omittatur
2686 4412 2737 4464 in
2779 4406 2927 4465 textu
2971 4409 3237 4473 Hebraeo,
3292 4425 3389 4464 nec
3439 4412 3491 4464 in
3534 4406 3763 4463 versione

2246 4493 2409 4535 atina.

2246 4483 2409 4535 atina.

2275 4562 2296 4589 ο
2324 4552 2457 4607 Huic
2506 4548 2607 4620 162
2646 4563 2906 4605 annorum
2952 4567 3180 4606 numero
3232 4551 3396 4617 favet,
3431 4560 3637 4620 praeter
3665 4549 3761 4604 lle-

2198 4624 2403 4679 brmum
2434 4632 2486 4676 et
2520 4619 2820 4689 Vulgatam,
2846 4638 2948 4675 ms.
2977 4624 3133 4681 Colb.
3160 4639 3317 4688 unus,
3344 4632 3401 4676 et
3421 4618 3590 4677 editio
3614 4618 3765 4675 Chro-

2198 4695 2303 4749 nic'i
2338 4692 2624 4816 Εὲῗξὺὶεηὴ
2661 4706 2689 4744 a
2734 4695 2972 4749 Pontaco
3001 4695 3144 4748 data.
3188 4694 3245 4748 In
3279 4694 3551 4749 Chronico
3581 4690 3763 4746 Labbei

2198 4776 2346 4816 erant
2493 4806 2503 4816 .

2198 4776 2347 4820 erant
2374 4766 2503 4819 212.

2270 4835 2289 4873 τ
2321 4837 2420 4891 Ms.
2452 4834 2603 4890 Colb.
2658 4846 2711 4890 et
2750 4835 2954 4891 Chron.
2987 4837 3227 4903 Pontaci,
3278 4850 3403 4891 cum
3449 4836 3673 4892 Hebraeo
3716 4840 3763 4887 et

2197 4906 2352 4977 Vulg.
2384 4907 2473 4964 65.

2270 4974 2399 5033 Silta
2442 4996 2540 5032 ms.
2572 4980 2836 5037 Colbert..
2881 4979 3134 5034 Chronic.
3178 4980 3425 5046 Pontaci,
3465 4994 3585 5035 cum
3614 4974 3757 5044 Vulg.

2194 5057 2248 5103 et
2280 5049 2503 5105 Hebrazo
2535 5060 2702 5104 textu.
2738 5050 3001 5116 Lubbeus,
3042 5052 3161 5107 188.

2195 5190 2241 5244 Ε
2265 5117 2293 5156 ¹¹
2325 5121 2626 5244 iocundum
2658 5122 3006 5176 Hebraeorum
3041 5139 3322 5177 numerum
3356 5137 3550 5178 nnccvx
3582 5119 3753 5176 Chron.

2245 5208 2331 5244 use
2365 5210 2423 5244 ιι.

2245 5194 2423 5246 usebii.

2270 5261 2286 5299 ί
2326 5265 2421 5316 Ms.
2450 5262 2791 5319 Colbertinus
2817 5280 2976 5331 unus,
3010 5278 3210 5318 centum
3244 5265 3469 5319 duorum
3500 5278 3752 5321 mutarunt.

2191 5333 2288 5388 Ms.
2320 5335 2471 5388 Colb.
2505 5336 2660 5400 alter,
2692 5352 2943 5389 annorum
2970 5348 3187 5389 centum.

2266 5405 2279 5453 J'
2318 5404 2579 5471 Deinceps
2604 5422 2702 5459 ms.
2729 5408 2881 5461 Colb.
2916 5423 3050 5461 unus
3082 5409 3337 5462 convenit
3366 5424 3487 5463 cum
3526 5404 3672 5473 Vulg.
3704 5413 3751 5457 et

2191 5475 2437 5530 Hebraeo.
2463 5477 2769 5531 Chronicou
2805 5494 2936 5532 vero
2966 5479 3181 5532 Eusebii
3210 5480 3434 5533 Pontac.
3466 5494 3581 5532 Clllll
3605 5491 3754 5543 supeu

2958 5549 3187 5613 scilicet,
3243 5549 3439 5605 Seruclt
3480 5565 3589 5601 cum
3639 5552 3755 5599 esset

2198 5616 2562 5690 annorum’79,
2596 5616 2696 5690 pro
2716 5620 2844 5683 130;
2880 5618 3092 5673 Nachor
3112 5637 3225 5674 cum
3250 5632 3378 5676 esset
3400 5634 3644 5674 annorum
3671 5616 3751 5690 89.

2208 5705 2306 5759 pro
2333 5688 2420 5744 79.
2456 5690 2555 5744 Ms.
2588 5686 2764 5745 autem
2795 5691 2947 5746 Colb.
2970 5692 3108 5745 alius
3139 5694 3192 5748 in
3229 5692 3475 5751 omnibus
3504 5686 3753 5746 consentit

2194 5776 2317 5818 cum
2349 5761 2431 5818 his
2457 5775 2577 5832 qua:
2609 5762 2874 5819 habentur
2899 5762 2952 5819 in
2978 5771 3145 5821 textu.
