4006 6356
201 359 298 416 537

1415 349 1813 410 CHRONICUM
1846 349 2229 413 INTEGRUM.

263 475 582 546 EtCainan,
606 489 729 533 cum
740 480 888 533 esset
899 485 1165 530 annorum
1185 486 1348 538 eux,
1365 471 1548 543 genuit
1571 471 1775 526 Salem.
1801 474 1860 535 Α
1954 471 2085 529 Erat
2113 483 2292 530 antem
2323 487 2498 532 annm
2524 475 2962 548 repromissionis
2983 474 3013 518 δ
3039 492 3218 536 xxevr.

263 569 475 628 Deinde
503 567 709 640 Salem,
739 581 865 624 cum
902 575 1054 623 esset
1095 579 1362 621 annorum
1401 579 1563 633 cxxx,
1595 563 1780 636 genuit

133 643 140 670 ³
198 664 396 725 Heber.
1525 741 1528 744 ἢ

263 760 451 817 [leber
473 773 708 832 quoque,
738 773 863 816 cum
888 765 1036 815 esset
1057 770 1323 814 annorum
1354 771 1574 827 cxxxrv,
1594 756 1781 828 genuit

196 853 691 1015 Phiiiiietihtempore,
735 943 803 999 ad
839 943 1260 1014 perturbandam
1310 942 1560 1014 superbae
1613 941 1776 996 turris

197 1038 648 1105 eaStructionem,
699 1036 890 1092 divisa:
934 1046 1062 1092 sunt
1107 1037 1322 1107 linguae,
1374 1046 1427 1091 et
1460 1051 1555 1107 per
1588 1034 1777 1089 orbem

195 1141 358 1188 terra
388 1131 530 1188 facta
557 1141 640 1186 est
667 1131 905 1202 gentium
931 1131 1218 1200 dispersio.

258 1223 463 1280 Pbalec
511 1231 712 1290 autem,
743 1237 868 1278 cum
893 1231 1041 1279 esset
1080 1237 1343 1278 annorum
1386 1237 1548 1288 cxxx,
1593 1220 1778 1290 genuit

193 1316 398 1386 Bagau.

257 1410 452 1481 Ragau
477 1422 718 1480 quoque,
744 1423 868 1465 cum
891 1417 1036 1466 esset
1062 1423 1333 1464 annorum
1365 1424 1568 1475 cxxxn,
1591 1409 1777 1479 genuit

193 1504 423 1563 Semch.

253 1596 470 1655 Serucb
516 1611 670 1666 vero,
715 1611 840 1653 cum
876 1605 1022 1654 esset
1071 1611 1336 1653 annorum
1382 1613 1542 1666 cxxx,
1591 1597 1780 1669 genuit

191 1689 428 1750 Nachor.

256 1781 438 1837 Porro
466 1778 703 1848 Nacbor,
729 1795 851 1836 cum
889 1788 1036 1838 esset
1081 1794 1345 1837 annorum
1377 1798 1556 1851 una,
1591 1784 1779 1854 genuit

191 1874 389 1935 Thare.

254 1968 441 2025 Thare
460 1977 666 2033 autem,
693 1983 956 2025 annorum
984 1987 1111 2037 an,
1129 1974 1317 2042 genuit
1338 1972 1628 2038 Abraham,
1656 1973 1770 2043 qui,

192 2075 303 2118 cum
350 2070 504 2118 esset
532 2075 800 2116 annorum
827 2077 993 2128 uxv,
1025 2063 1214 2119 divino
1238 2077 1487 2120 monetur
1510 2065 1771 2134 allowuio,

192 2162 246 2210 ut
266 2161 431 2210 exeat
457 2153 528 2211 de
551 2162 692 2210 terra
715 2169 811 2210 sua
839 2163 893 2211 et
915 2155 983 2212 de
1003 2156 1166 2212 domo
1187 2159 1356 2228 patris
1381 2159 1490 2223 sui,
1515 2169 1572 2212 ut
1600 2169 1776 2213 trans-

192 2259 268 2305 eat
297 2250 357 2305 in
387 2259 594 2306 terram
632 2247 910 2305 Chanaan.
949 2250 1066 2318 Quo
1096 2260 1341 2322 tempore
1373 2253 1668 2322 promissio
1705 2251 1775 2308 ad

192 2341 462 2398 Abraham
486 2342 626 2398 iacta
649 2352 754 2411 est,
780 2342 926 2415 quod
944 2342 1156 2400 futurus
1170 2355 1318 2401 esset
1339 2346 1578 2417 gentium
1601 2356 1769 2415 pater.

253 2435 321 2490 Et
346 2435 707 2492 inveniuntur
729 2437 797 2491 ab
817 2452 962 2493 anno
990 2453 1136 2493 nxxv
1162 2439 1458 2507 Abraham,
1487 2441 1538 2494 in
1564 2457 1668 2510 quo
1690 2450 1774 2497 est

192 2532 626 2601 repromissionis
653 2533 956 2597 exordium.
981 2549 1149 2605 usque
1167 2536 1234 2590 ad
1263 2536 1484 2607 Moysen
1516 2545 1568 2592 et
1590 2549 1777 2605 egres-

190 2639 303 2682 sum
330 2624 575 2682 Hebraeae
605 2629 782 2698 gentis
808 2643 874 2682 ex
903 2627 1137 2700 lgypto
1164 2631 1289 2684 anni
1317 2646 1572 2686 ccccxxx.

252 2719 414 2775 Fiunt
447 2721 634 2791 itaque
673 2736 704 2776 a
738 2721 940 2779 diluvio
986 2738 1153 2794 usque
1184 2725 1252 2779 ad
1309 2727 1536 2793 primum
1565 2740 1770 2781 annum

187 2814 587 2885 promissionis'
603 2831 800 2872 Icuvr
813 2820 895 2879 .ab
907 2818 1074 2874 Adam
1091 2834 1218 2874 vero
1229 2824 1354 2874 anni
1371 2836 1769 2876 nuucccxcvm.

253 2905 533 2961 Abraham
565 2909 963 2978 nonagenarius
989 2925 1056 2964 ex
1105 2910 1296 2964 ancilla
1344 2913 1487 2981 Agar
1511 2922 1772 2979 genuerat

187 2997 398 3067 lsmael,
431 3014 462 3055 a
487 3015 600 3092 quo
627 2999 934 3067 lsmaelitae,
959 3007 1048 3074 qui
1077 3013 1261 3074 postea
1290 3004 1546 3075 Agareni,
1575 3008 1642 3062 ad
1674 3022 1772 3078 po-

183 3099 441 3149 stremum
469 3092 728 3151 Saraceni
753 3095 908 3151 dicti.

251 3187 306 3242 In
339 3187 445 3244 hoc
466 3196 711 3262 tempore
735 3189 1003 3245 Abraham
1033 3189 1499 3263 lidejustilicatus,
1528 3211 1632 3266 qua
1651 3210 1771 3251 cre-

1953 567 1998 620 A
2025 566 2201 636 primo
2228 582 2357 624 vero
2401 584 2544 625 anno
2570 570 2760 638 Jacob,
2800 585 2971 643 usque
3011 571 3079 628 ad
3109 569 3466 644 principatum

1880 656 2086 732 Josepb
2121 661 2175 715 in
2203 661 2463 733 Egypto,
2500 663 2633 718 ﬁunt
2657 665 2786 720 anni
2814 680 2964 720 cm.

1952 749 2117 822 Cujus
2156 754 2414 822 temporis
2462 769 2603 810 anno
2637 771 2722 822 xv,
2767 757 2861 826 qui
2891 765 2975 812 est
3004 757 3384 828 promissionis
3406 771 3460 828 ο,

1883 844 2114 899 moritur
2139 844 2413 900 Abraham
2442 860 2707 902 annorum
2737 865 2930 904 cu-xv.

1951 938 2008 993 in
2037 937 2149 994 haec
2174 952 2410 1008 tempora
2434 939 2620 1004 Niobe,
2648 950 2706 995 ut
2726 942 2901 998 Graeci
2927 943 3231 1013 perhibent,
3254 945 3462 1002 mixtus

1881 1041 1966 1089 est
2011 1032 2243 1103 Jupiter,
2277 1049 2452 1104 exque
2502 1035 2592 1090 illo
2628 1037 2921 1092 concubitu
2963 1047 3125 1094 natus
3178 1050 3263 1097 est
3306 1041 3462 1113 Apis,

1881 1141 2041 1197 quem
2070 1126 2294 1193 Serapio
2328 1137 2540 1181 vocant.

1954 1220 2142 1290 Igitur,
2175 1218 2472 1287 Abraham,
2499 1217 2647 1276 lsaac
2686 1228 2741 1277 et
2775 1221 2942 1279 JacOb
2987 1224 3319 1296 antiquiores
3359 1224 3462 1284 So-

1879 1312 2088 1384 rapide.

1960 1406 2073 1461 Hoc
2111 1416 2353 1478 tempore
2393 1406 2658 1476 Messana,
2690 1421 2810 1478 quae
2858 1417 2916 1465 et
2959 1409 3296 1478 Mamertina,
3329 1428 3462 1470 con-

1883 1501 1995 1558 dita
2027 1511 2130 1557 est.

1952 1593 2121 1650 Jacob
2148 1602 2350 1659 autem,
2392 1609 2557 1664 agens
2595 1608 2801 1649 annum
2829 1609 3057 1662 nxxvut,
3095 1594 3380 1653 descendit
3411 1596 3466 1653 in

1884 1689 2351 1761 MesOpotamiam,
2385 1698 2439 1744 et
2467 1689 2700 1744 servivit
2728 1689 2872 1760 apud
2901 1689 3086 1744 Labau
3115 1689 3274 1745 annis
3302 1705 3393 1746 vn.

1953 1783 2142 1850 Jacob,
2170 1798 2293 1837 cum
2321 1793 2466 1837 esset
2493 1798 2757 1838 annorum
2782 1797 2912 1847 acu,
2936 1792 3199 1854 genuerat
3225 1782 3464 1853 Joseph;

1807 1879 1856 1942 Β
1883 1875 1993 1945 qui,
2027 1889 2147 1929 cum
2174 1884 2319 1930 esset
2353 1889 2616 1930 annorum
2659 1891 2790 1941 xvn,
2825 1872 3075 1930 venditus
3103 1884 3188 1929 est
3228 1889 3261 1928 a
3292 1874 3468 1930 (ratri-

1881 1967 2006 2035 bus,
2039 1982 2180 2022 anno
2213 1967 2382 2035 patris
2408 1966 2492 2021 sui
2521 1967 2689 2021 Jacob
2717 1981 2826 2024 cxx.

1952 2060 2104 2113 Isaac
2135 2073 2267 2112 vero
2299 2057 2527 2112 moritur
2573 2073 2715 2113 anno
2747 2057 2921 2113 aetatis
2959 2071 3072 2112 sua
3104 2072 3261 2126 cxxc,
3304 2058 3468 2116 relin-

1879 2167 2049 2224 quens
2081 2153 2243 2206 lllium
2273 2151 2439 2207 Jacob
2469 2152 2753 2207 habentem
2789 2165 2961 2206 annos
2987 2167 3108 2206 cxx.

1952 2247 2064 2301 Hoc
2094 2256 2332 2316 tempore
2362 2245 2625 2313 Memphis
2655 2246 2722 2300 ab
2744 2244 2844 2315 Αρί
2877 2245 2930 2300 in
2959 2244 3195 2318 Egypto
3227 2245 3464 2301 condita.

1948 2340 2146 2410 Joseph
2177 2341 2283 2394 dux
2315 2339 2533 2411 Egypti
2563 2341 2718 2394 annis
2752 2355 2888 2405 xxc;
2921 2354 3149 2411 quorum
3178 2354 3300 2394 cum
3337 2354 3464 2410 age-

1879 2444 2030 2492 retur
2057 2449 2230 2489 annus
2250 2434 2540 2504 vigesimus
2569 2444 2773 2502 sextus,
2805 2434 2974 2489 Jacob
2995 2433 3150 2498 obiit,
3182 2447 3323 2487 anno
3338 2443 3468 2488 seta-

1877 2530 1945 2584 tis
1972 2544 2083 2582 sua:
2127 2542 2322 2589 cxtvn,
2357 2525 2687 2596 prophetans
2732 2525 2799 2580 de
2847 2525 3061 2582 Christo
3095 2532 3152 2582 et
3183 2527 3466 2580 vocatione

1877 2624 2137 2695 gentium.

1948 2719 2104 2773 Anno
2135 2717 2464 2788 principatus
2494 2714 2693 2785 Joseph
2727 2730 2802 2781 tx,
2829 2713 2924 2784 qui
2954 2722 3073 2770 erat
3103 2711 3260 2768 famis
3289 2724 3465 2768 annus

1877 2814 2166 2880 secundus,
2219 2816 2494 2884 ingressus
2537 2817 2623 2866 est
2659 2809 2827 2865 Jacob
2873 2807 2927 2863 in
2974 2807 3290 2880 :Egyptum,
3337 2821 3461 2864 cum

1876 2909 2002 2964 ﬁliis
2033 2909 2166 2964 suis.

1946 3005 2067 3074 ipse
2114 3010 2294 3058 autem
2327 3000 2525 3070 Joseph
2560 2999 2786 3054 moritur
2827 3011 2970 3053 anno
3008 2997 3185 3052 aetatis
3221 3010 3332 3051 suae
3372 3009 3458 3051 cx.

1874 3098 2225 3154 Hebrmorum
2259 3097 2313 3150 in
2343 3094 2579 3166 Egypto
2618 3091 2891 3147 servitutis
2922 3101 2944 3130 ο
2975 3105 3160 3146 cutv.

1949 3190 2117 3260 Hujus
2138 3190 2421 3246 servitutis
2445 3201 2590 3242 anno
2612 3202 2704 3252 xx,
2735 3186 2890 3241 Atlas
2909 3183 3212 3254 astrologus
3243 3181 3466 3254 insign's

183 3277 313 3336 didit
371 3281 429 3336 in
471 3281 682 3338 semine
728 3297 831 3337 suo
884 3297 1072 3340 omnes
1114 3295 1302 3356 gentes
1345 3287 1766 3358 benedicendas,
1796 3273 1844 3340 C
1878 3287 2174 3346 habebatur
2205 3285 2372 3340 frater
2401 3281 2733 3338 Promethei.

185 3376 498 3432 mandatum
541 3377 973 3433 circumcisionis
1021 3382 1274 3451 accepit:
1324 3398 1446 3451 qua:
1496 3399 1664 3454 usque
1703 3386 1770 3442 ad

183 3471 521 3526 nativitatem
554 3472 618 3526 ι).
647 3471 712 3526 Ν.
735 3471 862 3528 Jesu
889 3471 1112 3543 Christi,
1159 3477 1533 3544 promissionis
1563 3494 1769 3548 corpo-

181 3578 329 3619 reum
376 3564 480 3620 fuit
518 3564 752 3635 signum,
785 3565 926 3636 quod
972 3567 1026 3620 in
1075 3567 1319 3635 spiritale
1367 3578 1768 3627 sacramentum

180 3671 317 3713 verte
339 3656 522 3713 cordis
549 3657 986 3714 circumcisionis
1015 3661 1282 3714 transivit.

248 3750 526 3806 Abraham
545 3766 690 3805 anno
708 3753 882 3807 aetatis
898 3767 1010 3808 sum
1035 3754 1356 3816 centesimo,
1384 3756 1740 3824 repromissio
1755 3787 1770 3799 -

180 3843 262 3898 nis
291 3855 474 3899 autem
512 3844 772 3900 vicesimo
811 3845 1023 3915 quinto,
1057 3847 1239 3916 genuit
1283 3845 1431 3901 lsaac
1471 3863 1534 3901 ex
1569 3848 1764 3904 libera.

245 3937 413 4008 688
440 3936 588 3992 Isaac
609 3947 812 4004 autem,
844 3952 966 3993 cum
997 3947 1145 3992 esset
1170 3953 1433 3992 annorum
1466 3956 1552 4005 ιχ,
1577 3943 1766 4011 genuit

180 4030 452 4097 geminos,
489 4045 716 4100 quorum
774 4030 920 4100 prior
950 4030 1112 4099 Esau,
1142 4031 1233 4101 qtti
1265 4041 1318 4086 et
1364 4030 1556 4096 Edom,
1601 4048 1631 4088 a
1659 4049 1766 4105 quo

178 4119 418 4175 ldumaai.

247 4217 359 4273 Hoc
389 4226 635 4286 tempore
657 4219 796 4289 apud
828 4221 1001 4290 Argos
1030 4221 1290 4291 regnabat
1317 4221 1572 4288 Inachus,
1608 4224 1765 4294 cujus

179 4310 284 4366 ﬁlia
316 4312 390 4373 lo.
427 4328 587 4383 quam
617 4312 854 4385 Egyptii
885 4313 1081 4370 lsidcm
1121 4314 1408 4370 vocitatam
1445 4316 1630 4372 divino
1661 4318 1763 4375 ho-

178 4417 311 4459 nore
335 4405 645 4461 coluerunt.

243 4495 493 4566 Sequens
518 4499 708 4567 Jacob,
731 4499 820 4570 qui
847 4508 1029 4570 postea
1064 4499 1248 4568 Israel,
1282 4516 1310 4556 a
1341 4517 1447 4572 quo
1476 4503 1758 4574 Israelita,

175 4592 262 4658 qui
289 4604 430 4646 nunc
461 4589 651 4647 Judaei.

1949 3381 2116 3450 Hujus
2145 3379 2418 3434 servitutis
2457 3390 2599 3430 anno
2633 3389 2756 3438 uv,
2786 3372 2877 3440 qui
2918 3379 3002 3426 est
3031 3369 3463 3441 repromissionis

1875 3492 2046 3532 annus
2072 3490 2224 3540 cccc,
2258 3476 2420 3528 Aram
2459 3469 2647 3542 genuit
2697 3468 2904 3533 Mosen,
2939 3481 3064 3522 cum
3103 3476 3247 3520 esset
3295 3477 3464 3518 anno-

1873 3586 1992 3625 rum
2020 3585 2146 3624 ιιχ.

1943 3662 2060 3718 Hoc
2109 3670 2351 3728 tempore
2405 3657 2712 3727 Epidaurus
2779 3651 3038 3716 condita,
3089 3657 3146 3705 et
3199 3645 3461 3719 templum

1872 3755 2140 3826 Apollinis
2169 3751 2406 3822 Delphici
2430 3750 2498 3805 ab
2529 3747 2918 3804 Erisicinhone
2939 3744 3238 3799 conditum.
3425 3813 3428 3816 ἢ

1943 3850 2098 3904 Anno
2153 3846 2428 3902 servitutis
2485 3843 2833 3898 ilebrmorum
2889 3852 3096 3905 uxvtt,
3147 3837 3355 3908 primus
3403 3834 3460 3891 in

1872 3941 2152 3998 Thessalia
2189 3939 2430 4006 regnavit
2459 3938 2706 3993 Haemon.

1942 4037 2102 4090 Anno
2124 4049 2251 4089 vero
2279 4047 2402 4101 xxc,
2438 4029 2680 4084 Phorbas
2708 4025 2967 4082 Rhodum
2999 4023 3251 4080 obtinuit.

1882 4116 1884 4118 ’
1939 4127 2287 4201 689Anno
2336 4141 2463 4180 vero
2510 4137 2672 4187 xxcu,
2729 4119 2987 4176 Hercules
3015 4119 3265 4174 limatum
3293 4114 3458 4171 lucta

1871 4229 2167 4280 certamine
2193 4232 2434 4292 superat.

1943 4320 2099 4375 Anno
2125 4333 2323 4386 xxcvn,
2347 4317 2553 4388 primus
2575 4312 2862 4369 Trochilus
2878 4308 3195 4381 quadrigam
3214 4304 3464 4376 junxisse

1871 4413 2207 4484 perhibetur.

1942 4511 2098 4564 Anno
2121 4523 2208 4572 xc,
2243 4506 2492 4561 Xanthus
2516 4503 2744 4571 Triopus
2773 4499 2985 4555 Lesbon
3008 4497 3266 4554 condidit.
3288 4545 3292 4550 .

1945 4603 2098 4654 Anno
2127 4615 2178 4666 c,
2215 4600 2452 4668 CCCI‘OPS
2481 4594 2721 4666 regnavit
2751 4595 2801 4648 in
2835 4592 3042 4659 Attica;
3076 4592 3176 4646 sub
3215 4604 3322 4660 quo
3350 4587 3376 4627 ιι
3409 4588 3465 4644 in

246 4785 269 4810 =
309 4775 386 4851 Ca
411 4772 751 4851 enumeratis
763 4786 927 4851 supra
977 4772 1401 4851 patriarcharum
1433 4775 1610 4843 annis,
1655 4793 1762 4846 quo
1787 4781 1841 4842 D
1868 4781 2036 4851 spatio
2069 4780 2312 4848 populum
2351 4778 2502 4851 illum
2539 4778 2796 4840 seruiisse,
2827 4787 2877 4831 et
2905 4786 3010 4829 tam
3047 4775 3179 4827 dura
3224 4770 3466 4824 servitute

173 4845 402 4913 singulis
430 4844 541 4900 nati
575 4853 700 4898 sunt
739 4844 919 4909 liberi,
961 4845 1197 4912 exsurgit
1245 4861 1451 4898 summa
1493 4844 1757 4903 annorum

173 4915 317 4970 iltS
345 4931 375 4969 a
399 4916 602 4970 diluvio
629 4915 694 4968 ad
723 4914 916 4968 iactam
952 4915 1181 4968 Abrahae
1213 4917 1625 4980 promissionem
1653 4937 1662 4969 :
1692 4921 1756 4974 ad

169 5000 441 5040 summum
474 4986 610 5040 1147
634 5001 697 5039 ex
727 4987 870 5040 notis
890 4985 954 5038 ad
987 4983 1190 5039 Chron.
1223 4985 1468 5052 Eusebii,
1498 4989 1565 5052 ab
1585 4989 1757 5045 Adam

170 5071 307 5112 vero
335 5057 606 5112 conﬂatur
635 5071 894 5112 numerus
924 5055 1086 5110 5412.
1517 5077 1522 5080 -

238 5129 267 5167 δ
303 5128 442 5256 Msa)
481 5127 638 5184 Colb.
688 5127 794 5183 duo
836 5141 956 5182 cum
1008 5127 1244 5183 editione
1290 5127 1507 5183 Pontaci
1551 5142 1760 5198 ponunt

241 5215 344 5255 nos
447 5239 464 5256 .

166 5214 344 5255 annos
372 5214 464 5256 νυ.

243 5282 264 5309 ε
290 5270 664 5341 Supplendum
687 5268 929 5341 videtur,
962 5271 1084 5324 anni
1113 5272 1341 5341 fuerunt.
1380 5271 1486 5326 Pro
1515 5271 1616 5327 164
1647 5273 1751 5327 Ευ-

164 5339 384 5408 εεδίαδέ
410 5339 519 5396 iam
551 5342 606 5396 in
634 5339 771 5395 edit.
821 5340 1004 5405 PonL,
1037 5339 1194 5402 quam
1235 5343 1286 5396 in
1331 5357 1460 5397 mss.
1513 5359 1753 5411 quotque

163 5411 525 5486 Colbertinjs,
556 5419 707 5486 notat
735 5422 935 5486 tantum
977 5412 1109 5486 “vi;
1153 5415 1266 5486 sic-7:
1300 5429 1363 5486 ex
1397 5430 1532 5467 anno
1558 5413 1749 5486 Ioseph

162 5484 406 5537 moritur.
439 5480 566 5538 Post
588 5483 745 5554 cujus
761 5483 1021 5537 interitum
1043 5483 1252 5538 Hebrwi
1276 5484 1535 5554 [Egyptiis
1569 5480 1752 5539 servie-

158 5562 292 5608 runt
321 5555 466 5608 annis
495 5552 671 5624 cxuv.
704 5552 933 5608 Fuerunt
961 5563 1132 5608 autem
1156 5571 1329 5609 omnes
1351 5552 1472 5608 anni
1490 5573 1616 5624 quos
1639 5556 1749 5610 lic-

161 5624 295 5677 brari
321 5625 371 5678 in
395 5624 624 5696 ngyplo
646 5623 850 5696 fuerunt
878 5640 1032 5692 ccxv,
1065 5627 1154 5695 qui
1180 5628 1242 5678 ab
1271 5643 1329 5679 eo
1359 5623 1583 5695 tempore
1610 5645 1748 5681 com-

159 5705 438 5768 putantur,
467 5691 567 5764 quo
587 5691 888 5768 Jacobcum
916 5691 1038 5764 ﬁliis
1069 5691 1175 5749 suis
1206 5691 1471 5751 descendit
1488 5699 1541 5751 in
1572 5697 1744 5768 quy-

156 5774 336 5836 pturn.
367 5765 511 5836 Ergo
533 5780 674 5820 anno
698 5765 763 5819 71
787 5776 908 5836 post
935 5769 1232 5836 ingressum
1258 5769 1468 5822 illorum
1500 5765 1741 5824 mortuus

113 5888 121 5894 .
158 5847 249 5892 est
279 5835 501 5906 Josepb.
530 5836 607 5891 De
640 5851 746 5909 quo
788 5835 1050 5909 Pontacus
1079 5838 1130 5892 in
1172 5839 1310 5894 notis
1337 5857 1348 5890 :
1382 5840 1516 5893 Sunt
1542 5842 1628 5909 qui
1660 5857 1741 5894 re-

158 5916 362 5976 spuaut
379 5917 448 5962 tot
464 5923 646 5969 annos.
670 5907 794 5964 dum
813 5908 1108 5965 incredibile
1123 5911 1358 5974 iudicant
1372 5919 1474 5965 tam
1495 5907 1737 5967 diuturno

1873 4850 2100 4918 pressum
2130 4852 2200 4903 ita
2230 4850 2451 4917 potuisse
2482 4851 2778 4918 propagari,
2805 4857 2857 4901 ul
2882 4856 3118 4918 sexcerga
3143 4853 3464 4918 armatorum

1865 4913 2046 4975 millia.
2081 4913 2268 4993 alisqur
2299 4913 2595 4972 mulieribus
2626 4913 2669 4973 et
2699 4920 2893 4993 pueris.
2919 4934 2982 4971 ea:
3012 4915 3241 4993 ﬁgulo
3267 4913 3463 4993 ξιξξιαῖς·
3514 4948 3520 4953 -

1862 4997 1948 5062 rit.
1990 4982 2344 5062 Nihilominus
2388 4993 2632 5060 quoniam
2677 4982 2994 5062 Augustinus
3020 4982 3139 5062 tib.
3194 4998 3229 5036 ll
3259 4982 3382 5062 OQ.
3409 4982 3464 5035 in

1863 5060 2038 5115 Exul.
2070 5080 2122 5131 q.
2158 5060 2248 5120 47,
2284 5063 2370 5114 ubi
2401 5055 2572 5115 'mnlta
2601 5064 2695 5115 hac
2745 5055 2808 5114 tie
2850 5077 2904 5113 re
2946 5059 3206 5129 agitasset,
3258 5055 3463 5104 tandem

1864 5132 2414 5204 conclttdit,_Prainde
2439 5135 2542 5204 illa?
2559 5135 2799 5186 nimirum
2825 5131 3162 5204 computatio.
3195 5138 3360 5204 quam,
3384 5138 3462 5174 ⁸⁸·

1863 5217 2011 5256 cutus
2033 5213 2103 5256 est
2137 5202 2387 5276 Eusebius
2414 5207 2468 5256 in
2495 5203 2730 5257 Historia
2760 5219 2851 5276 auu
2882 5199 3156 5256 Chronica.
3191 5199 3463 5276 perspicua

1861 5277 2069 5327 veritate
2090 5275 2311 5328 subnixa
2337 5287 2406 5328 est
2431 5293 2446 5338 ;
2483 5283 2677 5328 nonest
2708 5275 2841 5343 quod
2882 5275 3067 5340 rejecta
3097 5275 3227 5320 tanti
3251 5280 3343 5318 om
3366 5280 3462 5319 att-

1859 5349 2113 5410 claritate,
2142 5347 2204 5398 ab
2235 5345 2447 5399 Eusebii
2475 5345 2712 5414 opinione
2742 5344 3095 5414 (le/lectarum.

1931 5415 1955 5451 ιι
1993 5408 2390 5470 lllttstrissittius
2450 5408 2716 5469 Pontacua
2769 5408 2821 5466 in
2876 5412 3059 5465 notis:
3108 5408 3462 5480 Conjiciebam

1859 5487 1980 5558 (ait)
2012 5488 2304 5553 legendum,
2345 5504 2434 5540 seu
2487 5488 2707 5556 primum
2756 5485 2805 5536 in
2844 5485 2980 5558 Atla,
3035 5499 3124 5558 seu
3152 5481 3381 5558 primunt
3412 5497 3462 5533 tu

1857 5551 1998 5629 Acte,
2032 5551 2123 5629 pro
2147 5561 2199 5611 in
2231 5575 2384 5622 nrce;
2416 5551 2529 5610 cuin
2564 5565 2758 5609 constet
2805 5571 2868 5629 ea:
2911 5553 3107 5629 Plinio,
3153 5551 3458 5629 Herodoto,

1859 5622 2087 5697 Hygino,
2110 5639 2158 5682 et
2187 5631 2305 5682 aliis
2339 5631 2560 5698 primum
2587 5636 2750 5678 ortam
2777 5625 2963 5678 olivam
2994 5627 3045 5679 in
3066 5623 3261 5698 Atride.
3287 5637 3372 5698 seu
3392 5622 3452 5698 in

1854 5688 2256 5770 νεῇἶοηιεᾉειὶσιι
2283 5718 2300 5762 ;
2327 5688 2370 5752 ἐι
2391 5698 2792 5772 ειιηιηδᾳίμιεηιὶα
2823 5699 3096 5772 loquantur
3124 5695 3185 5748 de
3213 5692 3454 5772 {itltenisz

1851 5763 2015 5822 tamen
2049 5789 2164 5823 cum
2189 5771 2387 5824 nullius
2417 5763 2607 5822 codicis
2630 5763 3123 5840 prazsitliogiuvarer,
3157 5763 3341 5840 reliqui
3372 5763 3456 5840 in-

1848 5849 2061 5909 tegrant.
2097 5841 2326 5909 Utraque
2353 5841 2487 5894 enim
2520 5834 2670 5896 lectio
2711 5834 2916 5897 tolerari
2950 5847 3132 5909 potest.
3168 5835 3274 5888 Arx
3321 5834 3457 5888 enim

1846 5911 1937 5964 illo
1975 5923 2080 5965 erat
2105 5913 2154 5965 in
2192 5913 2336 5966 At'tc.
