4006 6356
549 387 656 450 563

1780 368 1838 430 s.
1881 366 2220 424 PROSPERl
2255 329 2582 438 ΑόυιτΑΝι

3704 372 3797 434 514

627 502 802 563 Josias
822 514 917 558 rex
939 497 1271 560 Judaeorum,
1295 505 1415 549 cum
1452 489 1736 547 Nechaone
1757 486 2129 558 (Egyptiorum
2154 488 2211 552 Α
2233 486 2479 542 minister
2502 485 2665 558 regis,
2694 486 3022 543 concedente
3047 485 3270 543 domino
3297 500 3420 554 suo,
3449 487 3516 545 de
3542 488 3797 563 Babylone

549 609 676 668 rege
698 606 1021 665 congressus
1052 588 1335 645 occiditur.

619 691 819 747 Thales
885 687 1125 744 Milesius
1186 684 1394 757 primus
1458 678 1716 753 physicus
1784 675 2132 748 philosophus

546 785 874 859 agnoscitur.

620 884 777 934 Anno
806 889 902 931 xxt
934 872 1081 944 regni
1106 868 1386 941 Tarquinii
1419 866 1614 936 Prisci,
1639 863 1871 920 Massilia
1898 861 2133 917 condita.

620 970 852 1026 Joachaz
881 966 1156 1022 mensibus
1191 964 1382 1020 tribus.

619 1062 887 1128 Joachim,
911 1059 1003 1130 qui
1035 1058 1318 1125 Eliachim,
1343 1054 1497 1108 annis
1526 1068 1598 1108 xt.
1628 1052 1783 1106 Anno
1815 1066 1871 1104 ιιι
1894 1047 2135 1104 Joarhim

549 1153 1046 1211 Nabuchodonosor
1077 1165 1170 1205 rex
1202 1148 1510 1218 Babylonia:
1535 1145 1774 1201 Judaeum
1805 1143 1967 1210 capit,
2003 1150 2058 1196 et
2083 1141 2136 1194 in

549 1247 809 1304 ditionem
861 1261 1015 1302 suam
1065 1244 1295 1300 redactis
1346 1241 1590 1312 plurimis
1636 1239 1971 1303 Judteorum,
2018 1250 2140 1290 cum

551 1341 661 1413 jam
703 1351 910 1410 partem
945 1352 1198 1393 vasorum
1239 1335 1424 1406 templi
1468 1332 1773 1392 invasisset,
1807 1341 1858 1384 et
1896 1327 2140 1384 Joachim

554 1433 892 1488 tributarium
921 1429 1160 1496 fecisset,
1191 1428 1361 1483 victor
1396 1425 1462 1480 ad
1495 1425 1718 1495 patriam
1749 1422 1926 1476 rediit.

629 1524 876 1580 Joatbam
892 1537 986 1579 seu
1000 1521 1267 1590 Joachim,
1282 1521 1370 1590 qui
1390 1517 1765 1582 etJechonias,
1782 1528 1995 1568 menses
2008 1522 2138 1568 tres.

628 1617 685 1671 In
714 1617 985 1692 Babylone
1008 1614 1267 1679 Auanias,
1297 1610 1507 1678 Daniel,
1532 1611 1773 1673 Azarias,
1803 1605 1984 1660 Misael
2009 1604 2144 1660 clari

560 1711 921 1767 habebantur.

628 1805 784 1860 Hunc
823 1813 849 1840 ι
896 1818 991 1858 rex
1038 1800 1361 1872 Babylonius
1396 1808 1610 1869 captum
1654 1810 1841 1852 secum
1884 1792 2145 1865 pertrahit

554 1898 797 1956 secundo
827 1895 1049 1952 veniens
1075 1896 1140 1950 ad
1165 1893 1428 1949 Judteam.

628 1989 883 2046 Sedeeias
909 1991 1066 2043 annis
1092 2003 1165 2042 xt.

629 2080 1128 2137 Nabuchodonosor
1185 2095 1281 2134 rex
1337 2075 1738 2141 Chaldaeorum,
1792 2071 2144 2144 Jerosolymis

560 2177 753 2242 captis,
777 2172 1036 2241 templum
1065 2171 1320 2235 incendit,
1344 2169 1485 2241 quod
1509 2169 1577 2223 ab
1606 2168 1754 2222 initio
1775 2165 2146 2221 aedilit-ationis

557 2280 671 2321 suae
706 2275 1078 2336 permanserat
1107 2280 1277 2318 annos
1299 2262 1326 2301 ι’
1359 2277 1565 2317 ccchtt
1597 2260 1759 2333 [Alios
1788 2257 2000 2329 cccsn].

630 2357 968 2426 Captivitatis
993 2356 1304 2412 Judaaorum
1335 2356 1459 2408 anni
1503 2370 1637 2420 Lxx,
1669 2352 1760 2423 qui
1788 2345 2148 2420 supputautur

560 2464 732 2522 usque
765 2455 816 2504 in
843 2450 1138 2505 secundum
1173 2463 1371 2502 annum
1407 2447 1570 2500 Darii.

631 2544 784 2612 Apud
817 2543 1088 2598 Romanos
1122 2551 1244 2611 post
1273 2540 1626 2610 Tarquinium
1671 2538 1930 2602 Priscum,
1961 2543 2152 2605 regnat

559 2637 783 2697 Servius
807 2636 958 2690 annis
979 2651 1164 2690 xxxiv.
1198 2632 1294 2690 Cui
1323 2637 1579 2688 successit
1605 2633 1926 2697 Tarquinius
1951 2631 2152 2696 Super-

563 2731 688 2796 bus,
719 2729 809 2800 qui
837 2730 1081 2798 regnavit
1104 2731 1262 2783 annis
1286 2744 1448 2783 xxxv.
1481 2726 1647 2796 Hujus
1679 2726 1823 2794 regni
1857 2739 1996 2778 anno
2024 2739 2147 2790 x-xv,

563 2824 959 2896 prophetahant
996 2822 1136 2892 apud
1181 2823 1436 2877 Hebrteos
1473 2822 1709 2889 Aggeus,
1743 2829 1797 2870 et
1838 2817 2147 2883 Zacharias,

565 2906 625 2974 et.
651 2915 971 2981 Malachias,
1004 2915 1255 2970 Pontiﬁce
1284 2914 1411 2969 Jesu
1444 2915 1552 2968 tilio
1579 2911 1864 2968 Josedeeh.

644 3009 754 3064 Hoc
781 3021 1022 3079 tempore
1051 3008 1381 3078 Pythagoras
1410 3007 1760 3076 philowphus
1783 3006 1961 3059 clarus
1992 3002 2154 3058 babe-

567 3103 745 3159 batur.

640 3196 683 3250 A
727 3194 892 3249 David
930 3209 1100 3263 usque
1132 3193 1198 3248 ad
1234 3210 1340 3249 Lxx
1381 3208 1550 3248 annos
1579 3191 1903 3262 captivitatis
1941 3191 2157 3247 Judazo-

569 3302 712 3354 rum,
742 3296 1104 3357 supputantur
1137 3289 1261 3341 anni
1293 3302 1413 3341 DLV.
1847 3289 1850 3292 ’

641 3379 688 3434 Α
715 3380 1114 3451 septuagesimo
1141 3395 1284 3434 anno
1321 3379 1643 3449 captivitatis
1665 3378 1996 3444 Judaaorum,
2031 3393 2156 3450 sup-

571 3483 826 3547 putantur
849 3473 996 3529 Darii
1017 3473 1159 3542 regis
1191 3474 1477 3528 Persarum
1506 3476 1629 3527 anni
1661 3488 1847 3527 xxxttt.

642 3567 812 3640 Cujus
844 3569 994 3640 regni
1023 3583 1165 3623 anno
1194 3566 1402 3623 decimo
1428 3569 1564 3638 apud
1598 3567 1867 3621 Romanos
1893 3567 2025 3631 regii
2055 3568 2155 3622 do-

571 3665 806 3721 minatus
849 3663 971 3718 ﬁnis
1016 3674 1102 3718 est
1148 3662 1321 3717 factus
1371 3680 1384 3714 :
1433 3677 1555 3731 qua:
1598 3670 1836 3731 potestas
1874 3662 2014 3730 apud
2061 3677 2157 3717 eos

572 3759 769 3814 mansit
791 3758 947 3812 annis
967 3771 1121 3812 cch.
1152 3755 1284 3811 Hinc
1308 3755 1447 3825 apud
1478 3755 1750 3810 Romanos
1776 3771 1805 3808 a
1837 3755 2006 3809 Bruto
2029 3770 2158 3810 con-

573 3851 723 3909 sules
747 3865 869 3906 esse
894 3857 1199 3919 coeperunt,
1234 3849 1358 3904 dein
1387 3847 1609 3902 Tribuni
1640 3849 1808 3916 plebis
1839 3864 1903 3903 ac
1929 3849 2156 3903 dictato-

573 3960 686 4009 res,
718 3953 772 3999 et
810 3958 1028 3998 rursum
1066 3943 1319 3997 consules
1356 3943 1742 4012 rempublicam
1786 3943 2157 4010 obtinuerunt,

576 4055 674 4111 per
703 4053 872 4094 annos
904 4052 1188 4106 ccccutv,
1223 4053 1316 4094 seu
1349 4053 1626 4104 ccccxttv,
1663 4052 1830 4107 usque
1858 4037 1925 4090 ad
1961 4037 2159 4092 Julium

575 4131 869 4188 Caesarem.

647 4220 856 4278 Xerxes
883 4226 1074 4290 regnat
1107 4220 1262 4274 annis
1293 4236 1384 4288 xx,
1412 4219 1554 4274 ﬁlius
1584 4219 1749 4284 Darii,
1783 4237 1889 4290 qtto
1923 4233 2162 4292 tempore

577 4314 875 4384 SOphocles
903 4324 958 4368 et
995 4311 1279 4382 Euripides
1317 4313 1447 4366 clari
1478 4311 1836 4367 lmbebantur.
1865 4313 2029 4385 694
2059 4314 2163 4370 He-

577 4408 828 4467 rodotum
860 4422 1072 4478 quoque
1100 4406 1449 4462 historiarum
1474 4407 1794 4477 scriptorem
1820 4409 2008 4463 eadem
2031 4418 2162 4463 tetas

577 4500 789 4556 habuit.

647 4592 775 4648 Post
799 4590 1032 4647 Xerxem
1048 4590 1350 4647 Artabanus
1367 4591 1609 4662 regnavit
1632 4591 1907 4647 mensibus
1931 4602 2154 4663 septem.

645 4683 972 4740 Artaxerxes
1008 4685 1161 4737 annis
1202 4698 1286 4739 XL.

647 4777 760 4832 Hoc
793 4787 1050 4847 regnante
1080 4775 1278 4830 Esdras
1315 4775 1566 4830 sacerdos
1599 4777 1738 4846 apud
1783 4776 2038 4832 Hebraeos
2071 4779 2156 4833 in-

573 4869 742 4932 signis
775 4869 1095 4932 habebatur,
1119 4869 1271 4934 cujus
1299 4878 1457 4922 mtate
1491 4868 1725 4937 pontil’ex
1768 4872 2029 4924 maximUs
2063 4871 2160 4925 fuit

576 4961 862 5028 Eliachim,
893 4960 1028 5016 alias
1060 4960 1281 5026 Eliasib,
1310 4960 1452 5016 ﬁlius
1473 4963 1720 5028 Joachin,
1751 4964 1840 5018 ﬁlii
1872 4966 2022 5031 Jesu,
2059 4965 2156 5020 lilii

569 5051 858 5110 Josedech.

646 5145 1007 5218 Empedocles
1048 5154 1104 5202 et
1147 5147 1516 5214 Parmenides,
1561 5149 1725 5213 Zeno,
1771 5159 1825 5204 et
1862 5151 2156 5208 Heraclitus

570 5238 875 5310 philosophi
904 5241 1239 5297 claruerunt.
1276 5239 1427 5296 Tunc
1467 5244 1628 5297 etiam
1671 5244 1943 5299 Poricides
1988 5246 2158 5302 histo-

573 5333 738 5399 ricus,
770 5333 1018 5392 Cratinus
1047 5336 1309 5402 comicus,
1341 5336 1688 5392 Aristarchus
1719 5339 1952 5408 tragicus
1990 5341 2157 5394 exsti-

572 5435 776 5484 terunt.

642 5519 917 5580 Vicesimo
971 5525 1122 5596 regni
1164 5525 1503 5595 Artaxerxis,
1551 5527 1848 5593 ,Nehemias
1902 5529 2160 5589 Hebrmus

577 5743 582 5752 ,
644 5697 672 5727 ι
712 5686 931 5746 Scilicet
961 5687 1271 5744 Jechoniam
1303 5671 1535 5745 ex'mss.
1567 5690 1722 5745 Colb.
1748 5733 1761 5755 ,
1805 5688 2004 5745 Chron.
2050 5692 2161 5745 Eu-

572 5759 778 5833 sebiani
825 5769 881 5816 et
915 5760 1044 5816 edit.
1075 5759 1333 5825 Pontaci;
1380 5763 1466 5816 ubi
1501 5761 1636 5824 haec,
1668 5761 1733 5815 lu
1761 5762 2021 5833 Babylone
2052 5763 2160 5816 Da-

573 5830 699 5956 riet,
723 5846 853 5957 tite,
884 5843 1006 5906 post
1029 5840 1296 5888 narratam
1321 5833 1679 5903 captivitatem
1712 5830 2018 5891 Iudaeorum
2047 5835 2158 5890 col-

599 5915 732 5957 ocan
761 5919 843 5957 ur.

599 5915 843 5958 οωιιιιιτ.

2235 579 2380 636 venit
2421 581 2472 634 in
2512 579 2771 646 Iudaeam,
2816 589 2870 636 et
2908 593 3053 635 xxxtt
3091 595 3231 634 anno
3272 595 3458 637 muros
3516 582 3798 655 urbemque

2234 675 2488 730 restituit.
2519 672 2573 730 Si
2611 675 2732 744 quis
2765 683 2944 729 autem
2984 690 3087 729 axx
3126 673 3497 730 hebdomadas
3529 689 3560 729 a
3598 674 3796 736 Daniele

2235 768 2464 836 scriptas
2485 767 2550 822 ab
2582 766 2683 822 hoc
2710 777 2953 836 tempore
2977 775 3247 833 numerat,
3274 783 3394 836 qua:
3421 766 3622 822 faciunt
3647 783 3798 827 annos

2236 877 2465 928 ccccxc,
2497 862 2727 931 reperiet
2753 876 2844 917 eas
2871 861 2924 914 in
2957 875 3122 930 regno
3151 858 3382 915 Neronis
3411 860 3681 929 expletas,
3714 865 3797 918 sub

2238 971 2344 1026 quo
2363 954 2594 1009 obsideri
2615 954 2910 1009 Jerusalem
2932 963 3130 1024 cepta,
3154 953 3392 1009 secundo
3412 963 3599 1024 postea
3619 953 3799 1024 Vespa-

2238 1048 2375 1104 siani
2404 1064 2545 1100 anno
2571 1049 2803 1116 capitur.

2313 1140 2407 1194 His
2437 1140 2768 1210 temporibus
2800 1139 3150 1212 Hippocrates
3207 1138 3449 1197 medicus
3478 1149 3536 1196 et
3571 1138 3796 1198 Socrates

2239 1233 2594 1302 philosophus
2621 1233 2855 1287 illustres
2885 1235 3122 1288 fuerunt.

2313 1325 2517 1380 Xerxes
2545 1341 2756 1380 menses
2779 1325 2933 1379 duos.
2965 1324 3115 1380 Plato
3135 1325 3395 1380 nascitur.

2315 1419 2612 1472 Socdianus
2627 1432 2837 1473 menses
2858 1433 2949 1483 vn,
2969 1420 3017 1471 in
3043 1416 3126 1472 his
3145 1426 3467 1487 supputetur
3478 1430 3648 1472 annus
3659 1432 3793 1472 unus.

2315 1512 2506 1567 Darius
2540 1525 2894 1582 cognomento
2929 1511 3139 1566 Nothus
3168 1512 3325 1567 annis
3355 1527 3467 1576 xtx,
3499 1513 3631 1568 alias
3665 1527 3792 1567 xvut.

2316 1604 2600 1677 Dionysius
2633 1606 2685 1658 in
2711 1604 2890 1659 Sicilia
2925 1604 3261 1674 tyrannidem
3280 1613 3532 1660 exercet.

2317 1696 2542 1751 Romani
2582 1713 2676 1766 per
2704 1697 2906 1767 legatos
2944 1697 3062 1764 jura
3107 1697 3173 1751 ab
3207 1695 3627 1752 Atheniensibus
3657 1698 3799 1767 petie-

2245 1801 2390 1859 runt,
2422 1807 2487 1844 ex
2518 1791 2714 1860 quibus
2745 1805 2820 1843 xtt
2845 1789 3066 1845 Tabulae
3093 1790 3438 1858 conscriptae.

2169 1882 2219 1944 Β
2318 1885 2647 1940 Artaxerxes
2688 1882 2959 1948 Mnemon,
3005 1882 3152 1936 Darii
3195 1893 3250 1936 et
3294 1880 3628 1953 Parysatidis
3660 1880 3796 1949 ﬁlius,

2245 1993 2400 2033 alllllS
2428 1995 2513 2033 XL.

2317 2073 2485 2141 Hujus
2523 2072 2671 2143 regni
2711 2085 2852 2125 anno
2889 2086 2957 2125 xv
2995 2069 3135 2126 Galli
3175 2069 3420 2126 Senones
3460 2068 3699 2136 Romam,
3725 2084 3801 2126 ex-

2246 2177 2400 2237 cepto
2426 2165 2714 2234 Capitolio,
2749 2174 3174 2234 occupaverunt.

2318 2259 2638 2315 Aristotcles
2667 2274 2793 2314 xvnt
2829 2257 3003 2314 atatis
3035 2273 3147 2313 suae
3179 2271 3320 2312 anno
3349 2256 3593 2312 Platonis
3620 2256 3802 2312 auditor

2249 2365 2350 2412 est.

2321 2450 2667 2513 Artaxerxes,
2695 2447 2785 2518 qui
2813 2456 2866 2502 et
2888 2447 3090 2513 Ochus,
3113 2447 3269 2501 annis
3291 2462 3437 2502 xxvr.

2319 2541 2486 2612 Cujus
2525 2541 2676 2612 regni
2719 2541 2871 2596 initio
2907 2540 3167 2596 Camillus
3205 2539 3410 2607 Gallos,
3448 2538 3536 2610 qui
3576 2537 3803 2595 Romanis

2251 2635 2451 2690 bellum
2481 2635 2798 2698 intulerant,
2825 2635 3116 2704 superavit.

2325 2728 2527 2784 Eodem
2551 2738 2798 2798 tempore
2826 2728 3127 2783 Alexander
3147 2726 3376 2796 Philippi
3407 2725 3546 2781 ﬁlius
3571 2724 3801 2780 nascitur.

2326 2821 2742 2877 Demosthenem
2773 2836 2984 2891 quoque
3019 2831 3294 2876 oratorem
3325 2817 3515 2875 eadem
3546 2829 3672 2875 artas
3708 2817 3801 2874 cla-

2253 2933 2370 2974 rum
2405 2919 2610 2973 habuit.

2327 3014 2491 3066 Arses
2515 3010 2645 3066 Ochi
2679 3010 2819 3065 ﬁlius
2846 3010 3000 3064 annis
3025 3017 3278 3078 quatuor.

2329 3105 2445 3160 Hoc
2487 3113 2726 3174 tempore
2774 3105 3136 3175 descriptione
3183 3102 3324 3158 facta
3369 3100 3573 3170 Romae,
3620 3099 3805 3156 inventa

2259 3209 2385 3254 sunt
2413 3199 2608 3253 civium
2639 3215 2737 3253 cu
2769 3199 2954 3252 millia.

2179 3265 2229 3335 θ
2330 3296 2483 3366 Apud
2511 3294 2729 3350 Judaeos
2749 3292 2954 3348 Jaddus
2977 3290 3215 3363 pontil'cx
3243 3291 3513 3346 maximus
3540 3288 3707 3345 clarus
3730 3285 3806 3340 ha-

2257 3387 2503 3444 Debetur.

2333 3481 2523 3534 Darius
2552 3479 2760 3534 Arsami
2793 3478 2935 3532 ﬁlius
2962 3479 3118 3532 annis
3147 3491 3263 3532 sex.

2331 3574 2448 3641 Quo
2475 3584 2715 3641 tempore
2749 3573 2887 3643 apud
2927 3572 3199 3626 Romanos
3225 3568 3414 3625 consul
3450 3567 3670 3623 Manlius
3697 3563 3809 3618 Tor-

2260 3676 2455 3736 quatus
2481 3667 2650 3720 ﬁlium
2675 3682 2852 3730 suum,
2879 3665 3019 3736 quod
3046 3677 3232 3719 contra
3261 3665 3546 3730 imperium
3574 3664 3626 3718 in
3655 3661 3807 3716 hostes

2261 3770 2616 3831 pugnaverat,
2649 3760 2812 3830 virgis
2840 3776 3036 3814 caesum
3068 3761 3241 3814 securi
3273 3758 3554 3828 percussit.

2335 3854 2444 3908 Hac
2477 3866 2792 3923 tempeSIate
2825 3853 3128 3909 Alexander
3164 3852 3391 3921 Philippi
3435 3852 3577 3905 ﬁlius
3616 3859 3808 3919 regnare

2263 3961 2436 4002 orsus.
2464 3959 2616 4000 sexto
2647 3946 2855 4011 imperii
2885 3947 2965 3999 sui
2993 3960 3132 3999 anno
3155 3959 3377 4014 regnum
3409 3941 3683 3996 Persarum
3706 3937 3808 3993 sub-

2261 4044 2442 4097 vertit.
2474 4048 2529 4092 et
2558 4041 2610 4093 iu
2639 4037 2874 4109 Egypto
2900 4041 3084 4094 urbem
3113 4036 3490 4093 Alexandriam
3523 4031 3756 4088 condidit.

2332 4134 2496 4207 695
2531 4134 2733 4202 Appius
2768 4129 3025 4186 Claudius
3064 4147 3238 4186 camus
3268 4132 3407 4200 apud
3442 4128 3701 4183 Romanos
3723 4124 3810 4179 cla-

2263 4244 2354 4284 rus
2399 4230 2646 4294 habetur,
2685 4228 2780 4297 qui
2829 4225 3108 4281 Claudiam
3154 4241 3350 4297 aquam
3393 4224 3567 4293 duxit,
3604 4233 3655 4280 et
3691 4220 3808 4278 viam

2265 4322 2489 4392 Appiam
2519 4321 2728 4375 stravit.

2335 4416 2560 4470 Romani
2586 4413 2854 4470 Samnitas
2880 4413 3190 4484 subjugant.

2339 4511 2691 4571 ALEXANDER,
2726 4518 2844 4576 post
2884 4507 3042 4560 linem
3085 4507 3233 4570 regni
3271 4505 3580 4571 Persarum,
3607 4497 3812 4572 regnavit

2266 4603 2421 4655 annis
2450 4615 2678 4669 septem,
2709 4601 2798 4670 qui
2829 4615 2973 4655 χχχιι
3000 4601 3173 4654 anatis
3201 4615 3310 4655 sua:
3335 4613 3477 4654 anno
3507 4599 3642 4671 apud
3667 4597 3810 4662 Baby-

2185 4667 2242 4730 D
2265 4695 2442 4750 Ionem
2472 4694 2716 4747 moritur.

2333 4787 2572 4856 Regnum
2602 4785 3086 4840 Alexandrinorum
3119 4786 3375 4850 nascitur,
3401 4800 3511 4852 quo
3541 4784 3721 4855 potitus
3743 4783 3809 4831 est

2262 4881 2580 4936 Ptolemaeus
2620 4880 2744 4949 Lagi
2790 4880 2927 4933 ﬁlius
2967 4880 3121 4933 annis
3157 4896 3245 4936 XL.
3281 4879 3376 4933 Hic
3404 4880 3558 4950 regni
3591 4875 3664 4930 sui
3695 4883 3812 4927 anno

2263 4982 2488 5043 quarto,
2540 4972 2890 5044 Jerosnlymis
2940 4982 2992 5026 et
3042 4973 3226 5026 Judzea
3282 4972 3332 5026 in
3387 4973 3639 5028 ditionem
3684 4981 3812 5021 suam

2262 5068 2514 5130 redactis,
2551 5067 2808 5134 plurimos
2840 5067 3176 5134 captivorum
3205 5066 3257 5119 in
3291 5065 3585 5136 [Egyptnm
3615 5067 3812 5117 transtu-

2261 5159 2342 5214 lit.
2383 5159 2530 5213 Tuuc
2560 5158 2868 5213 Judzeorum
2901 5158 3135 5228 pontifex
3167 5158 3330 5212 Onias
3362 5157 3520 5212 Jaddi
3559 5155 3692 5210 ﬁlius
3727 5149 3814 5204 cla-

2262 5269 2355 5309 rus
2381 5256 2698 5308 habebatur.

2337 5348 2760 5402 Macltabmorum
2805 5357 2984 5402 autem
3023 5347 3243 5402 Hebraea
3286 5345 3507 5400 historia
3546 5343 3665 5398 hinc
3689 5338 3816 5395 Cra:-

2265 5453 2448 5493 corum
2491 5450 2745 5508 supputat
2779 5456 3027 5510 regnum.
3067 5439 3263 5494 Verum
3311 5449 3332 5476 ο
3381 5437 3433 5491 hi
3477 5437 3600 5492 libri
3638 5433 3697 5487 ab
3731 5426 3818 5484 He-

2267 5531 2427 5587 braeis
2458 5532 2600 5587 inter
2629 5533 2840 5590 divinas
2869 5533 3178 5603 Scripturas
3210 5545 3320 5586 non
3351 5529 3694 5602 recipiuntur.

2342 5691 2368 5729 δ
2408 5691 2463 5745 1η
2496 5692 2695 5747 Chron.
2725 5693 2925 5748 Euseb.
2947 5733 2962 5756 ,
3006 5707 3136 5747 mss.
3170 5691 3323 5748 Colb.
3356 5702 3608 5762 quatuor,
3632 5695 3684 5744 et
3705 5681 3814 5740 edit.

2265 5763 2508 5828 Pontaci,
2541 5765 2682 5825 442;
2723 5766 2772 5816 in
2798 5765 2956 5818 unico
2988 5780 3114 5829 ms.,
3140 5764 3264 5820 δὴ.

2343 5847 2362 5872 ο
2409 5837 2485 5889 ΛιΙ
2511 5837 2698 5889 similia
2732 5835 2945 5890 Eusebii
2969 5837 3129 5890 verba
3155 5836 3423 5890 Pontacns
3456 5837 3506 5890 in
3537 5835 3686 5894 notis,
3713 5840 3816 5896 pag-

2266 5906 2389 5962 HG.
2423 5907 2552 5963 Cum
2579 5909 2631 5963 in
2661 5907 2896 5964 Ecclesia
2921 5918 3039 5963 ante
3071 5909 3348 5965 concilium
3375 5906 3750 5976 Carthagt'ucmc
3770 5909 3814 5950 III
