4006 6356
144 391 232 452 ω
1341 374 1738 433 CllRONlCUM
1779 373 2151 436 INTEGRUM.

3278 373 3382 438 546

199 501 412 560 Romani
438 499 660 564 Marsos,
685 506 739 554 et
758 491 1042 563 Hernicos,
1068 502 1122 551 et
1143 494 1390 564 Pelignos
1411 503 1683 561 superant.
1717 493 1770 553 Α
1867 496 2162 551 Antiochus
2191 511 2279 552 rex
2302 495 2495 569 Syriae,
2521 496 2665 553 victo
2691 491 3182 570 Philopatore,‘per
3202 499 3381 558 Ptole-

201 599 285 654 llis
327 595 482 651 annis
530 594 784 650 Seleucus
833 590 1202 656 Antiochiam,
1243 589 1572 653 Laodiciam,
1616 593 1692 642 A-

142 690 370 766 pamiam,
405 688 684 749 Edessam,
714 686 979 750 Bermam,
1007 695 1057 738 et
1091 682 1294 738 Pellam
1328 683 1486 736 urbes
1510 683 1694 736 condi-

140 787 222 852 dit,
253 785 300 838 in
339 781 533 852 quibus
562 779 785 846 Jutlicis,
813 793 945 848 quos
985 778 1348 841 transtulerat,
1379 776 1468 846 jus
1500 777 1692 831 civium

141 876 286 933 dedit.
316 872 576 930 Seleucus
607 871 935 944 Babylonem
963 870 1216 924 obtinuit.

197 985 288 1025 xxv
331 983 475 1022 anno
524 968 672 1036 regni
730 965 1040 1032 Ptolema-i,
1089 963 1397 1020 Judzeorum
1446 962 1689 1034 pontifex

138 1062 379 1120 maximus
405 1059 592 1116 Simon
623 1057 773 1114 Onire
799 1058 938 1112 ﬁlius
967 1058 1191 1126 insignis
1217 1067 1352 1112 erat.

194 1153 365 1209 Romae
405 1166 537 1207 vero
583 1165 748 1207 censu
799 1152 1016 1219 agitato,
1071 1151 1284 1205 inventa
1331 1159 1457 1205 sunt
1495 1150 1691 1206 civium

137 1248 277 1303 millia
299 1262 490 1303 cccxx.

193 1338 560 1394 Pontiﬁcatum
593 1339 732 1409 apud
761 1338 974 1394 .ludaaos
1003 1339 1241 1407 suscepit
1277 1338 1502 1393 Eleazar
1525 1338 1691 1392 frator

135 1430 359 1492 Simonis,
391 1430 547 1500 cujus
576 1430 717 1485 ﬁlius
738 1429 922 1495 Onias,
948 1431 1016 1484 ob
1041 1440 1253 1484 aetatem
1283 1430 1547 1500 pueritiae,
1582 1445 1687 1484 non

135 1531 352 1592 potuerat
371 1523 510 1594 patri
536 1523 842 1578 succiedere.

191 1615 258 1670 Eo
291 1623 540 1686 tempore
575 1630 605 1669 a
640 1615 898 1670 Romanis
931 1615 1296 1672 Beneventum
1331 1629 1386 1672 et
1417 1614 1689 1671 Ariminus

134 1708 350 1764 conditae.

140 1793 148 1797 ’
191 1801 520 1866 Ptolemaeus,
570 1801 660 1871 qui
704 1810 759 1855 et
803 1801 1215 1868 Philadelphus,
1258 1803 1412 1858 annis
1457 1818 1684 1858 xxxvm.

1798 603 1990 642 mzcttm
2003 630 2015 651 ,
2036 587 2272 644 Judmam
2305 591 2406 646 sibi
2433 593 2618 648 sumit.

1867 681 2184 739 Ptolemaeus
2221 687 2522 755 Epiphanes
2553 689 2708 744 annis
2735 705 2881 745 xxiv.
2914 689 3010 746 ilic
3033 687 3205 758 Scopa
3236 692 3383 760 prin-

1797 777 1916 846 cipe
1958 778 2164 832 militia:
2207 780 2498 849 destinato,
2537 783 2777 838 Judaeum
2818 786 2983 854 capit,
3031 793 3085 841 et
3126 785 3384 854 plurimas

1798 869 1966 939 Syris
1998 870 2264 925 civitates.
2295 873 2574 928 Secundus
2600 875 2734 931 liber
2765 877 3194 933 Machabtcorum
3223 876 3383 948 hujus

1799 963 2059 1030 temporis
2089 974 2234 1031 geSta
2268 965 2527 1020 continet.

1867 1053 1976 1107 Hac
2021 1063 2372 1124 tempestate,
2424 1072 2546 1110 cum
2602 1059 2669 1114 ab
2724 1060 2989 1116 Antiocho
3033 1077 3128 1130 per
3180 1061 3385 1132 legatos

1796 1145 2144 1200 Hannibalem
2176 1146 2400 1202 Romani
2426 1161 2790 1216 reposcerent,
2814 1153 2900 1206 cui
2925 1166 2988 1207 se
3007 1153 3178 1207 victus
3207 1169 3235 1206 a
3265 1152 3383 1208 Sci-

1795 1239 1956 1310 pione
1985 1243 2304 1308 sociaverat,
2340 1242 2478 1296 idem
2518 1242 2781 1298 Hannibal
2825 1243 2890 1298 ad
2928 1243 3170 1299 Prusiam
3200 1260 3381 1315 regem

1795 1331 2058 1404 Bithyniae
2088 1335 2370 1401 transfugit
2402 1353 2414 1386 :
2448 1344 2501 1388 et
2534 1349 2656 1388 cum
2683 1334 2843 1388 etiam
2871 1335 2938 1389 ab
2965 1351 3030 1391 eo
3055 1351 3148 1404 per
3179 1337 3379 1393 Flami-

1793 1425 1939 1479 nium
1993 1439 2389 1494 reposceretur,
2443 1426 2842 1496 tradendusque
2891 1438 3056 1494 esset,
3109 1444 3377 1486 venenum

1794 1518 1948 1582 bibit,
1979 1530 2032 1572 et
2057 1518 2193 1584 apud
2225 1517 2501 1589 Libyssam
2530 1517 2798 1588 Bithynia:
2823 1518 3065 1588 sepultus
3094 1528 3196 1574 est.

1863 1612 2108 1665 Caecilius
2137 1622 2290 1679 poeta
2323 1613 2581 1666 comicus.

1865 1704 2187 1759 Ptolemaeus
2212 1706 2538 1760 Philometor
2559 1721 2713 1761 annis
2741 1721 2867 1772 xxv,
2893 1720 2988 1762 seu
3027 1723 3188 1762 xxxv.
3212 1705 3382 1775 iluqu

1792 1811 1934 1850 anno
1975 1808 2166 1868 quarto
2206 1797 2482 1869 Hyrcanus
2519 1799 2742 1868 Josephi
2785 1798 2936 1853 ducis
2972 1798 3172 1854 Iudaeas
3216 1799 3380 1868 ﬁlius,

136 1892 217 1949 ilic
235 1891 446 1949 Judaaos
467 1893 560 1963 qui
587 1894 639 1946 in
668 1892 902 1964 {Egypto
930 1907 1081 1946 erant
1112 1894 1311 1948 liberos
1341 1909 1462 1948 esse
1491 1895 1690 1962 permi-
1721 1892 1770 1953 Β
1795 1905 1917 1945 cum
1965 1891 2029 1943 ad
2072 1891 2422 1946 Ptolemaeum
2470 1892 2828 1962 perrexisset,
2871 1892 3165 1946 honmiﬁce
3208 1892 3276 1945 ab
3315 1907 3382 1947 eo

132 1985 206 2050 sit,
233 1998 282 2041 et
307 2000 438 2040 vasa
468 1984 730 2040 Eleazaro
756 1985 993 2053 pontifici
1015 1985 1476 2058 Jerosolymorum
1508 1989 1689 2042 votiva

131 2077 494 2143 transmittens,
529 2076 738 2131 divinas
763 2078 1068 2145 Scripturas
1109 2081 1160 2130 in
1201 2079 1446 2133 Graecum
1493 2095 1686 2134 sermo-

131 2184 234 2224 nem
261 2185 320 2224 ex
366 2169 592 2224 Hebraea
640 2170 812 2239 lingua
861 2185 957 2239 per
988 2169 1129 2224 LXX
1157 2170 1484 2241 lnterpretes
1513 2181 1689 2227 trans-

131 2260 232 2316 ferri
261 2261 497 2324 curavit,
538 2275 672 2331 quas
719 2261 772 2314 in
826 2262 1186 2316 Alexandrina
1226 2263 1553 2319 Bibliotheca
1595 2265 1689 2320 ha-

129 2353 242 2419 buit,
267 2368 426 2424 quam
461 2353 570 2408 sibi
593 2369 660 2408 ex
690 2355 834 2408 omni
863 2370 1062 2424 genere
1083 2355 1381 2410 litterarum
1403 2371 1688 2427 compara-

129 2459 267 2504 verat.

183 2543 468 2614 Argenteus
521 2559 776 2600 nummus
824 2543 1056 2614 primum
1109 2545 1160 2600 in
1212 2545 1361 2602 Urbe
1403 2547 1681 2617 ﬁguratus,

128 2629 440 2708 regni‘hujns
471 2654 617 2694 anno
649 2655 761 2694 xm.
799 2640 968 2710 Hujus
993 2642 1145 2712 regni
1180 2652 1359 2698 autem
1399 2659 1543 2709 xxiv,
1579 2645 1686 2700 Ro-

125 2730 245 2782 mani
280 2728 734 2802 Carthaginenses
772 2734 946 2786 navali
977 2734 1273 2789 certamine
1305 2746 1584 2806 superant,
1630 2745 1686 2792 et

125 2829 311 2875 centum
343 2823 529 2893 Libya:
558 2825 718 2878 urbes
746 2826 981 2893 capiunt.

180 2911 479 2970 Judteorum
511 2916 877 2984 pontiﬁcatum
907 2926 1026 2988 post
1047 2918 1362 2974 Eleazarum
1386 2924 1682 2978 avunculus

125 3003 219 3072 ejus
241 3007 510 3064 Manasses
529 3009 738 3078 accepit
771 3027 783 3061 :
813 3019 934 3080 post
954 3027 1109 3080 quem
1141 3014 1302 3066 Onias
1335 3012 1574 3082 pontifex
1600 3014 1686 3068 Si-

123 3097 275 3153 monis
310 3101 442 3169 justi
501 3101 643 3155 ﬁlius
688 3101 864 3157 clarus
923 3103 1239 3171 habebatur,
1289 3108 1376 3175 qui
1427 3116 1681 3161 consueta

123 3185 388 3248 Ptolemaeo
432 3193 632 3249 tributa
665 3210 770 3248 non
811 3194 1062 3261 reddens,
1093 3196 1160 3250 ad
1206 3199 1338 3251 iram
1384 3215 1504 3253 eum
1535 3214 1685 3254 com-

1794 1995 2074 2054 susccptns
2110 1993 2212 2040 est.
2257 1985 2454 2040 Verum
2494 1986 2690 2040 fratres
2729 1985 2846 2054 ejus
2882 1984 3148 2040 seditione
3189 1993 3381 2040 contra

1799 2093 1921 2133 eum
1976 2089 2145 2140 mota,
2196 2095 2511 2146 magnarum
2570 2073 2942 2134 calamitatum
2988 2078 3187 2134 iudicas
3233 2076 3381 2150 genti

1791 2184 1952 2225 causa
1985 2170 2328 2226 exstiterunt.

1864 2265 2224 2331 Aristobolus,
2262 2270 2479 2322 natione
2505 2266 2728 2322 Iudaeus
2747 2312 2762 2336 ,
2793 2266 3180 2336 Peripateticus
3209 2265 3382 2336 philo-

1789 2358 1992 2425 sophus
2043 2358 2258 2422 claruit,
2309 2360 2397 2427 qui
2442 2359 2508 2412 ad
2557 2357 2976 2414 Philotnetorem
3033 2359 3379 2414 Ptolemmum

1790 2451 2229 2520 explanationum
2259 2451 2308 2503 in
2338 2451 2557 2524 Moysen
2581 2453 3010 2508 Commentarios
3036 2454 3272 2522 scripsit.

1863 2542 2065 2598 Eodem
2121 2553 2366 2609 tempore
2413 2544 2713 2600 Antiochus
2758 2545 3096 2613 Epiphanes,
3144 2559 3266 2598 cum
3314 2542 3382 2599 de

1789 2636 2009 2706 regione
2041 2634 2488 2704 Ptolemaeorum,
2523 2652 2682 2706 quam
2721 2636 2901 2691 subito
2941 2637 3244 2702 invaserat,
3273 2643 3383 2690 ter-

1789 2731 1925 2785 ritus
1969 2743 2188 2786 senatus
2230 2731 2457 2785 Romani
2497 2731 2722 2800 itnperio
2757 2729 3104 2796 receSsisset,
3135 2729 3376 2784 Jndaeam

1787 2826 1950 2888 venit,
1989 2823 2164 2890 ibique
2193 2822 2320 2878 Jesu
2351 2833 2404 2878 et
2431 2822 2619 2878 Jasoni
2651 2822 2798 2876 fratri
2830 2823 2979 2877 Onize
3012 2822 3380 2891 pontiﬁCatum

1788 2915 2030 2970 tradidit.
2082 2916 2198 2983 Quo
2245 2915 2439 2971 deinde
2485 2916 2733 2984 expulso,
2783 2914 2974 2971 Oniam
3024 2923 3382 2984 cognomento

1786 3007 2083 3064 Menelaum
2107 3025 2483 3064 successorem
2512 3011 2560 3062 ei
2591 3009 2761 3065 dedit.
2796 3008 2978 3078 Itaque
3003 3009 3072 3064 ob
3096 3008 3383 3066 sacerdotii

1788 3101 2105 3171 dignitatem
2138 3110 2258 3154 orta
2290 3101 2554 3156 seditione
2589 3100 2732 3154 inter
2759 3101 3054 3170 principes,
3085 3101 3380 3171 ingentium

1792 3196 2131 3249 miseriarum
2165 3195 2370 3249 semina
2403 3195 2818 3265 pullulaverunt.

122 3286 286 3338 movit.
322 3285 524 3341 Verum
555 3287 824 3356 Josephus
855 3290 933 3343 vir
963 3290 1102 3345 inter
1134 3305 1261 3346 suos
1293 3293 1510 3358 nobilis,
1545 3293 1687 3364 lega-
1715 3277 1764 3343 C
1863 3289 2024 3359 697
2049 3287 2334 3342 Samarilm
2377 3298 2432 3342 et
2459 3287 2628 3342 εΙυόωί
2684 3287 3046 3356 Alexandriae.
3086 3287 3382 3345 Plolemmo

122 3383 191 3428 tus
216 3393 242 3431 a
268 3378 472 3437 ludatis
512 3381 578 3435 ad
613 3382 778 3454 696
817 3384 1163 3440 Ptolemmum
1203 3388 1418 3451 missus,
1452 3403 1572 3444 cum
1609 3389 1690 3444 fa-

121 3468 462 3527 miliaritatem
499 3475 643 3540 regis
678 3475 747 3527 ob
785 3475 1012 3544 plurima
1045 3478 1096 3530 in
1128 3494 1249 3532 eum
1278 3482 1563 3536 meruisset
1592 3482 1687 3536 ob-

121 3561 306 3628 sequia,
337 3564 450 3618 dux
483 3563 686 3644 Judzcat
714 3575 768 3620 et
799 3565 1148 3623 ﬁnitimarum
1177 3585 1460 3640 regioiium
1486 3573 1689 3628 consti-

123 3652 285 3706 tuitur.

178 3745 385 3805 Parthis
411 3750 480 3806 ab
508 3750 737 3820 imperio
763 3753 1112 3810 Macedonum
1146 3756 1540 3823 recedentibus,
1574 3758 1686 3828 pri-

118 3853 194 3895 mo
219 3842 464 3913 regnavit
489 3843 743 3913 Arsaces,
767 3849 909 3902 unde
940 3851 1213 3905 Arsacidas
1243 3851 1389 3906 dicti.

177 3931 497 3992 Ptolemaeus
529 3937 822 4008 Evergetes
852 3944 1007 3997 annis
1035 3958 1178 3998 xxvi.

174 4025 336 4096 Hujus
381 4033 639 4100 temporis
675 4033 984 4090 Iudaeorum
1033 4037 1271 4106 pontifex
1313 4040 1497 4095 Simon
1538 4042 1688 4097 Oniae

119 4114 242 4173 ﬁlius
269 4121 451 4177 clarus
478 4122 777 4180 habebatur
809 4144 821 4179 :
862 4131 962 4183 sub
990 4145 1099 4200 quo
1128 4132 1286 4187 Jesus
1318 4132 1457 4187 ﬁlius
1498 4135 1687 4190 Sirach

115 4205 390 4279 Sapientiae
433 4215 631 4273 librum
678 4222 997 4292 composuit,
1041 4240 1201 4294 quem
1245 4224 1553 4283 Panareton
1588 4243 1685 4282 vo-

96 4426 110 4438 ~
173 4395 376 4456 Ennius
406 4411 562 4471 poeta
586 4403 802 4462 Tarenti
834 4409 1090 4464 nascitur.

173 4489 364 4548 Rhodo
387 4504 545 4550 terrae
572 4507 719 4552 motu
746 4515 1028 4567 concussa,
1057 4502 1313 4559 Colossus
1343 4506 1468 4561 ruit.

174 4580 216 4636 A
242 4581 505 4642 Romanis
534 4605 602 4644 xl.
632 4591 741 4645 fere
770 4592 934 4645 millia
963 4593 1236 4649 Gallorum
1266 4612 1426 4651 cmsa.

1787 3379 2085 3450 judicante,
2114 3380 2451 3435 contendunt
2478 3381 2546 3436 de
2571 3380 2866 3436 h0n0ribus
2886 3397 2954 3437 ex
2977 3393 3204 3453 utraque
3227 3393 3381 3454 parte

1791 3474 1995 3541 templo
2025 3488 2123 3528 suo
2154 3472 2484 3539 deferendis,
2527 3483 2579 3527 et
2612 3480 2873 3543 superant
2901 3473 3094 3527 Jndzel.

1863 3563 2143 3618 Vicesimo
2173 3578 2350 3618 autem
2397 3563 2640 3632 ejusdem
2681 3563 2832 3633 regni
2881 3579 3042 3628 anno,
3076 3563 3230 3620 Juda‘.
3271 3562 3382 3620 Ma-

1790 3658 2032 3724 cbabaeo,
2068 3666 2188 3727 post
2215 3657 2411 3712 Alcimi
2435 3656 2636 3712 inimici
2661 3657 2778 3726 ejus
2802 3657 3096 3722 interitum,
3127 3657 3381 3712 sacerdo-

1791 3751 1922 3805 tium
1965 3759 2019 3804 et
2049 3750 2401 3819 principatus,
2449 3750 2691 3802 omnium
2724 3745 3031 3803 Iudaeorum
3064 3749 3247 3803 favore
3278 3749 3377 3801 de-

1791 3853 2052 3909 cernitur.
2106 3852 2207 3918 Qui
2254 3851 2515 3920 dignitate
2563 3857 2841 3920 suscepta,
2895 3849 3101 3920 legatos
3148 3849 3376 3908 Romam

1791 3957 1956 4024 misit,
1991 3966 2043 4011 et
2070 3955 2306 4011 obtinuit
2329 3954 2549 4010 decreto
2575 3965 2818 4017 senatus,
2844 3961 2902 4009 ut
2927 3953 3102 4015 Judaei
3132 3953 3290 4010 amici
3320 3960 3378 4010 et

1793 4059 2141 4114 auxiliatores
2193 4057 2561 4136 Romanorum
2610 4055 2961 4111 haberentur.
3013 4055 3160 4111 Idem
3210 4055 3382 4112 Judas

1792 4161 1958 4216 duces
1992 4158 2266 4223 Antiochi,
2289 4159 2379 4227 qui
2407 4159 2578 4228 legem
2607 4156 2916 4213 Judaeorum
2947 4158 3113 4214 multa
3145 4155 3382 4228 profani-

1791 4271 1902 4318 tate
1934 4264 2359 4332 impugnaverat,
2383 4259 2451 4315 de
2470 4257 2654 4314 Judcea
2674 4258 2902 4328 expulit,
2930 4268 2984 4315 et
3015 4258 3280 4328 templum
3307 4256 3378 4313 ab

1791 4365 2058 4421 idolorum
2101 4361 2422 4432 imaginibus
2470 4361 2790 4425 emundans,
2839 4360 3044 4431 patrias
3087 4359 3382 4432 religiones

1791 4477 1912 4534 post
1939 4463 2224 4521 triennium
2253 4462 2458 4516 civibus
2484 4463 2594 4515 suis
2621 4459 2875 4514 reddidit.

1869 4567 2074 4622 Ennius
2106 4580 2262 4636 poeta
2287 4563 2536 4630 moritur,
2568 4559 2935 4632 sepeliturque
2965 4562 3018 4616 in
3049 4561 3384 4618 monimento

173 4672 500 4734 Ptolemaaus
540 4681 851 4752 Philopator
891 4686 1046 4739 annis
1086 4702 1220 4741 xvn.
1263 4687 1432 4744 Judaei
1477 4691 1604 4748 victi
1637 4701 1688 4748 et

1807 4673 2132 4744 Scipionum,
2159 4672 2243 4723 via
2276 4670 2466 4738 Appia.

111 4774 169 4818 XL
195 4769 361 4824 millia
395 4782 728 4828 armatorum
758 4791 823 4829 ex
855 4791 1080 4831 numero
1107 4794 1294 4834 eorum
1328 4797 1485 4838 caesa.

171 4855 405 4919 Romani
435 4879 566 4921 vero
595 4865 833 4937 Capuam
864 4877 920 4923 et
945 4868 1186 4926 Siciliam
1214 4873 1522 4945 subjugant.

109 5128 268 5167 omnes
290 5113 416 5167 fibri
440 5122 546 5188 tarn
565 5114 768 5173 veteris.
792 5131 943 5179 quam
968 5117 1083 5169 novi
1105 5117 1411 5173 Testamenti
1435 5122 1687 5188 canonici,

106 5197 196 5237 non
223 5200 328 5262 uno
362 5193 407 5239 et
441 5186 616 5262 cogent
658 5194 882 5262 tempore
913 5188 1179 5262 eteadem
1225 5190 1328 5257 ﬁde
1364 5194 1558 5262 recepti
1589 5186 1691 5247 sint

105 5257 235 5319 apud
270 5272 452 5310 omnes
494 5256 868 5311 Ecclesias.....
917 5257 1057 5310 Hinc
1089 5256 1312 5322 tempore
1352 5256 1556 5316 Eusebii
1589 5280 1692 5316 non

104 5329 365 5380 constabat
391 5328 532 5396 apud
563 5343 754 5396 omnes,
788 5330 1008 5382 maxime
1031 5331 1170 5397 apud
1197 5329 1429 5396 Graecos,
1455 5334 1518 5385 dc
1544 5334 1692 5386 libris

101 5396 293 5475 duobus
324 5397 771 5475 ρίιιιεΙηιΙηιξοηιηι.Δ
824 5399 930 5452 Nec
969 5396 1083 5475 sunt
1125 5411 1392 5475 piopterca
1424 5405 1692 5475 rejiciendi

100 5468 476 5544 escutalogo,
507 5485 606 5522 non
637 5472 798 5544 magis
825 5487 973 5544 quam
998 5471 1122 5524 liber
1155 5470 1358 5544 Esther,
1391 5468 1536 5543 quem
1571 5493 1691 5541 per-

95 5539 208 5591 inde
228 5539 490 5615 Eusebius
513 5555 614 5593 non
631 5542 807 5615 recipit
825 5542 956 5615 i_nter
972 5543 1170 5615 divinas
1191 5539 1522 5610 Scripturas;
1543 5539 1696 5615 quem

95 5623 384 5683 sequuntur
403 5612 714 5683 Athanasius
740 5614 789 5664 in
823 5611 1077 5683 Synapsi,
1112 5612 1391 5683 Gregorius
1428 5611 1689 5672 Nazianz.

95 5680 153 5753 de
184 5680 381 5753 Genui.
440 5681 638 5753 script.
670 5680 1057 5751 Amphilochius
1104 5680 1302 5753 merito,
1349 5689 1488 5752 apud
1530 5688 1691 5743 Euse-

93 5749 225 5804 bium
253 5752 354 5806 lib.
387 5769 438 5806 tv
464 5752 600 5808 Hist.
633 5770 747 5822 cap.
772 5749 862 5817 26,
887 5765 932 5806 ει
955 5757 1046 5807 alii
1069 5755 1258 5818 Graci,
1284 5749 1554 5812 nec'etiam
1579 5777 1689 5813 rna-

93 5823 162 5888 gis
191 5839 360 5888 quam
391 5827 724 5898 Apocalypsi:
752 5834 840 5880 aut
874 5825 1106 5898 Epistofa
1144 5826 1298 5882 Pauli
1321 5831 1388 5883 ad
1417 5829 1683 5898 Hebraeos,

95 5907 316 5960 {uarum
345 5897 679 5964 posteriorem
719 5897 849 5953 sicut
892 5897 1196 5955 Latinorum
1241 5903 1550 5958 consuetudo
1581 5897 1684 5956 non

1869 4774 2034 4830 Judas
2062 4770 2396 4826 Machameus
2425 4766 2662 4823 triennio
2692 4766 3006 4838 pontiﬁcatu
3035 4774 3188 4841 gesto
3223 4764 3382 4823 dimi-

1799 4892 1930 4933 cans
1950 4876 2209 4932 adversus
2237 4869 2494 4927 Demetrii
2517 4861 2683 4926 duces
2712 4869 2996 4927 occiditur.

1801 5120 2075 5189 recipiebat
2100 5120 2230 5174 inter
2253 5117 2526 5174 canonicos
2550 5115 2867 5189 Scripturas,
2886 5116 2960 5170 sic
2975 5128 3071 5189 nec
3089 5111 3384 5189 Grecorum

1801 5183 2035 5247 Ecclesia
2063 5190 2450 5261 Apocalypsint,
2479 5201 2533 5244 ut
2557 5192 2627 5243 ait
2654 5183 3049 5261 Hieron._epis_t.
3081 5185 3151 5238 ad
3181 5183 3387 5261 parda-

1802 5281 1942 5317 num.
1970 5263 2074 5318 Sed
2106 5254 2372 5331 postquam
2404 5260 2636 5316 Ecclesia
2659 5260 2710 5312 in
2737 5254 2952 5331 concilio
2973 5258 3067 5331 ilio
3086 5271 3143 5310 Ill
3171 5254 3389 5331 Cartha-

1800 5336 1998 5407 ginensi
2047 5326 2148 5407 (cui
2183 5326 2502 5407 Augustinus
2529 5330 2816 5398 interfuit),
2855 5345 2963 5397 cap.
2999 5326 3096 5390 47,
3127 5329 3390 5407 constituit

1800 5400 2017 5459 indicent
2046 5400 2136 5458 aeu
2158 5421 2405 5458 canoncm
2439 5402 2684 5455 librorum
2718 5415 2981 5452 sacrorum
3005 5414 3093 5450 seu
3114 5400 3392 5454 canonico-

1802 5494 1952 5540 runt,
2001 5479 2236 5546 deinceps
2281 5476 2386 5528 duo
2425 5475 2542 5527 libri
2584 5470 2997 5546 Macftabworttm
3024 5470 3208 5546 ,_sicut
3237 5471 3393 5546 etiam

1804 5550 1973 5601 σαντενί
1993 5589 2006 5608 ,
2042 5564 2134 5611 pro
2161 5540 2348 5599 divinis
2387 5555 2433 5599 et
2480 5542 2737 5596 canonicis
2771 5550 2890 5594 sunt
2921 5540 3062 5610 apud
3093 5556 3268 5611 omnes
3299 5540 3395 5594 lia-

1803 5618 1910 5671 biti.
1947 5609 2094 5672 Unde
2113 5618 2356 5689 August,
2380 5615 2471 5689 lib.
2495 5629 2587 5689 vttt
2609 5614 2670 5665 de
2691 5611 2906 5689 Ciuitate
2932 5609 3049 5689 cap.
3077 5611 3146 5666 56
3168 5627 3187 5666 :
3212 5609 3394 5689 Libros

1802 5680 2220 5743 Machabcearuni
2266 5704 2368 5740 non
2394 5685 2590 5749 Iudici,
2624 5685 2712 5735 sed
2741 5680 2977 5754 Ecclesia
2997 5680 3100 5754 pro
3128 5682 3392 5754 canonicis

1801 5760 1972 5832 habet,
2007 5773 2111 5816 etc.
2155 5758 2360 5832 Quibus
2405 5756 2532 5832 addi
2581 5752 2781 5832 poterit
2819 5749 3117 5832 auctoritas
3149 5749 3389 5832 concilii

1799 5821 2105 5890 Tridentini
2125 5821 2374 5888 sessione
2390 5825 2447 5895 4,
2482 5828 2537 5883 in
2567 5821 2788 5882 decreto
2817 5823 2888 5880 de
2916 5824 3192 5882 canonicis
3231 5821 3388 5878 Scri-

1751 5983 1754 5986 j
1784 5904 1985 5972 ptum.

3506 4583 3536 4610 κ
