4006 6356
600 296 702 363 ω

1820 295 1881 351 S.
1922 292 2259 350 PROSPEHI
2298 292 2626 362 AQUITANI
2866 282 2869 283 ν
3764 290 3851 357 διδ

671 416 956 474 Terentius
1007 412 1443 485 Carthaginensis
1506 410 1894 467 commdiarum
1950 408 2185 481 scriptor
2212 410 2265 471 Α
2360 408 2419 464 Ρ.
2452 408 2741 465 Terentius
2773 408 2966 478 Varro,
2999 409 3121 464 vico
3147 408 3315 464 Atace
3347 409 3401 463 in
3432 408 3719 467 Provincia
3741 410 3854 467 Nar-

601 511 847 568 moritur.

673 601 935 658 Pacuvius
963 599 1221 669 Tragicus
1241 596 1419 654 clarus
1446 594 1693 663 habetur,
1718 591 1876 651 Ennii
1909 602 2082 666 poeta:
2122 608 2189 650 ex

602 695 708 751 filia
756 706 945 765 nepos,
990 690 1235 763 vixitque
1283 690 1469 745 Romae
1507 687 1683 761 quoad
1716 688 1978 761 picturam
2026 700 2189 744 exer-

598 790 731 854 cuit,
764 800 826 842 ac
854 783 1072 856 fabulas,
1100 780 1392 838 venditavit
1426 798 1440 835 :
1468 780 1661 837 deinde
1688 778 1980 837 Tarentum
2014 786 2192 834 trans-

601 895 842 953 gressus,
878 891 1045 949 prope
1084 877 1482 947 nonagenarius
1510 874 1651 929 diem
1679 873 1832 929 obiit.

675 973 860 1027 Romae
899 970 1265 1042 descriptione
1303 968 1463 1033 facta,
1513 967 1728 1021 inventa
1775 970 1901 1022 sunt
1929 964 2130 1023 civium
2163 970 2188 1001 ⁸

607 1080 858 1122 cccxxxn
887 1064 1077 1127 millia,
1110 1077 1216 1132 quo
1256 1073 1498 1133 tempore
1540 1061 1807 1133 Carthago
1839 1062 1891 1118 in
1934 1061 2191 1119 ditionem

603 1159 901 1214 Romanam
934 1172 1029 1227 per
1060 1154 1367 1226 Scipionem
1414 1154 1694 1226 redigitur.

676 1250 1000 1307 Ptolemqu
1032 1247 1327 1320 Evergctes
1363 1251 1518 1303 annis
1550 1264 1701 1304 xxrx.

679 1345 942 1401 Jonatbas
968 1341 1205 1413 pontifex
1232 1341 1539 1397 Juda'orum
1564 1357 1593 1395 a
1615 1340 1889 1411 Triphone
1908 1339 2189 1408 occiditur,

607 1446 665 1495 et
694 1439 744 1493 in
778 1436 1139 1493 sacerdotium
1174 1434 1357 1491 Simon
1388 1435 1632 1491 Jonathaz
1664 1435 1833 1491 frater
1860 1437 2188 1491 assumitur:

610 1535 694 1587 cui
729 1532 1011 1587 interfecto
1042 1530 1281 1585 succedit
1323 1529 1465 1585 lilius
1503 1528 1622 1599 ejus
1652 1528 1907 1596 Joannes,
1938 1530 2029 1601 qui
2059 1544 2190 1585 con-

611 1633 689 1679 tra
717 1625 993 1695 Hyrcanos
1025 1623 1219 1676 bellum
1264 1635 1480 1690 gerens,
1516 1620 1747 1690 Hyrcani
1800 1637 1993 1677 nomen
2042 1634 2193 1677 accc.

609 1716 713 1786 pit,
747 1725 801 1769 et
848 1730 877 1769 a
908 1713 1166 1769 Romanis
1195 1713 1411 1767 decreto
1444 1724 1666 1767 senatus
1695 1712 1836 1768 inter
1876 1712 2078 1767 amicos
2107 1727 2192 1767 re-

2295 498 2523 556 bonensi
2564 502 2821 571 nascitur,
2874 500 2965 572 qui
3011 514 3155 557 x-xxv
3194 514 3394 558 annum
3447 514 3615 573 agens
3660 501 3854 561 Grcas

2293 593 2503 649 litteras
2533 592 2737 649 didicit.

2365 685 2689 744 Ptolemaeus
2719 685 3008 760 Dionysius
3044 689 3199 746 annis
3228 703 3356 746 ιιι.

2367 781 2450 837 Ab
2491 780 2651 851 hujus
2697 783 2846 851 regni
2886 794 3031 839 anno
3080 792 3235 839 sexto
3282 782 3619 849 Alexandra,
3672 794 3788 852 qua
3815 792 3857 839 et

2294 878 2498 943 Selina,
2534 893 2668 933 uxor
2697 874 3007 944 Alexandri,
3039 876 3392 949 Jerosolymis
3421 892 3519 947 per
3554 889 3747 933 novem
3789 890 3858 931 re-

2295 970 2476 1044 gnavit
2514 984 2686 1026 annos
2722 990 2735 1024 :
2770 983 2835 1026 ex
2864 971 3019 1042 cujus
3067 980 3227 1027 atate
3254 971 3473 1027 Judaeos
3518 983 3705 1027 rerum
3745 980 3853 1023 con-

2296 1066 2435 1121 fusio
2464 1076 2519 1121 et
2547 1066 2711 1120 variae
2748 1063 2930 1120 clades
2979 1078 3320 1137 oppressere.
3361 1065 3439 1119 Ac
3469 1076 3596 1119 mox
3644 1077 3740 1133 per
3771 1061 3854 1118 Cr.

2296 1157 2614 1227 Pompeium
2645 1155 2998 1230 Jerosoiymis
3026 1160 3220 1227 captis,
3254 1159 3568 1228 temploque
3607 1169 3776 1226 usque
3806 1154 3856 1209 sd

2297 1262 2607 1305 sanctorum
2639 1261 2821 1305 sancta
2853 1261 3115 1317 reserato,
3149 1251 3328 1306 Judaei
3366 1250 3659 1321 vectigales
3687 1248 3857 1303 Bonis-

2298 1357 2487 1399 norum
2520 1341 2669 1409 facti,
2699 1344 2949 1416 Hyrcano
2974 1344 3113 1415 apud
3145 1359 3240 1399 eos
3282 1344 3539 1414 pontifice
3564 1341 3853 1408 constituto,

2296 1444 2351 1491 et
2399 1439 2684 1503 Antipatro
2735 1434 2964 1492 Herodis
3004 1435 3335 1491 Ascalonita:
3383 1432 3495 1488 ﬁlio
3536 1442 3856 1503 procuratore

2297 1527 2598 1583 Palaestinae
2626 1528 2785 1583 facto.

2368 1619 2439 1675 Μ.
2468 1618 2691 1676 Porcius
2720 1617 2857 1675 Cato
2901 1620 3107 1675 stoicus
3155 1619 3513 1690 philosophus
3554 1619 3852 1690 agnoscitur.

2368 1712 2501 1778 Quae
2530 1714 2597 1768 de
2627 1712 2857 1768 Catilina
2887 1712 3178 1768 Sallustius
3208 1713 3399 1767 scribit
3446 1711 3553 1766 hoc
3582 1719 3729 1781 gesta
3755 1718 3858 1765 sunt

610 1807 751 1861 latus
797 1815 897 1861 est.
959 1804 1101 1861 Idem
1147 1804 1442 1859 Samariam
1493 1804 1775 1861 obsidione
1819 1814 2027 1875 captam
2074 1805 2191 1860 solo
2225 1804 2273 1867 Β
2301 1816 2564 1876 tempore.

610 1896 858 1970 aequavit.
893 1912 1049 1967 quam
1076 1906 1254 1966 postea
1288 1895 1528 1951 Herodes
1573 1897 1900 1964 instaurans,
1932 1896 2192 1954 Sebasten

613 1988 666 2045 in
702 1989 959 2044 honorem
990 1986 1215 2057 Augusti
1245 1986 1423 2042 vocari
1456 1988 1643 2044 voluit.

2375 1900 2596 1954 Decimo
2635 1908 2815 1956 autem
2866 1898 3149 1956 Ptolemaei
3201 1900 3477 1971 regnantis
3518 1912 3682 1969 anno,
3715 1897 3859 1970 Virgi-

2303 1992 2407 2047 lius
2438 1991 2582 2046 Maro
2636 1990 2691 2046 in
2741 2005 2897 2061 pago,
2948 1990 3038 2061 qui
3070 1991 3252 2046 Andes
3299 1991 3520 2059 dicitur,
3548 1992 3699 2062 juxta
3735 1990 3857 2046 lan-

687 2079 895 2135 Attalus
946 2082 1178 2135 moriens
1234 2076 1261 2117 δ
1320 2079 1578 2150 populum
1626 2076 1926 2135 Romanum
1978 2080 2195 2152 reliquit
2302 2092 2451 2137 tuam
2482 2085 2745 2150 nascitur,
2779 2084 3035 2153 Pompeio
3064 2090 3121 2139 et
3148 2082 3349 2140 Crasso
3377 2084 3707 2140 consulibus.

608 2173 900 2229 bwredem.

2373 2176 2442 2233 Et
2470 2188 2591 2248 post
2614 2189 2823 2248 septem
2854 2192 3029 2233 annos
3057 2177 3313 2233 Horatius
3354 2175 3579 2233 Flaccus
3617 2184 3761 2245 poeta
3784 2187 3855 2232 sa-

678 2254 1006 2323 Pt‘olemazus
1043 2264 1323 2338 Physcon,
1379 2265 1471 2338 qui
1519 2274 1575 2323 et
1622 2265 1803 2334 Soter,
1856 2269 2010 2324 annis
2049 2283 2194 2325 xxvn
2301 2271 2490 2327 tiricus
2520 2281 2575 2328 et
2598 2272 2799 2345 lyricus
2824 2270 3100 2328 Libertino
3122 2282 3275 2342 patre
3304 2270 3523 2326 Venusii
3556 2269 3795 2325 nascitur.

609 2360 626 2433 ξ
633 2358 773 2414 Alias
804 2357 958 2431 xvn].

678 2452 848 2523 Hujus
878 2452 1027 2524 regni
1077 2465 1219 2509 anno
1257 2460 1448 2509 octavo
1477 2450 1669 2510 Cicero
1696 2454 1884 2525 Arpini
1930 2456 2188 2526 nascitur,

603 2558 775 2605 matre
808 2547 1017 2619 Helvia,
1049 2559 1200 2620 patre
1228 2551 1493 2621 equestris
1525 2550 1752 2617 ordinis,
1784 2564 1850 2606 ex
1896 2549 2044 2621 regio
2071 2548 2194 2605 Vol-

600 2656 813 2699 scorum
837 2656 1055 2715 genere.

677 2734 939 2793 Triennio
970 2746 1113 2807 post,
1146 2732 1246 2791 Cn.
1282 2732 1568 2807 Pompeius
1600 2735 1825 2807 Magnus
1855 2735 2049 2790 oritur.

672 2828 915 2901 Septimo
945 2829 1155 2885 decimo
1186 2839 1363 2885 autem
1410 2829 1568 2899 hujus
1616 2827 1766 2900 regni
1799 2840 1963 2894 anno,
1992 2826 2053 2882 C.
2086 2826 2192 2882 Ma-

609 2924 722 2981 rius
762 2942 796 2980 v
845 2925 1034 2981 consul
1079 2926 1233 2994 juxta
1284 2924 1600 2981 Rhodanum
1656 2924 1902 2980 Cimbros
1952 2932 2190 2993 superat,

2377 2366 2603 2423 Crassus
2634 2365 2820 2421 consul
2852 2382 2970 2421 cum
3004 2365 3112 2421 filio
3138 2364 3277 2435 apud
3304 2363 3500 2421 Carras
3543 2365 3765 2435 capitur.

2372 2461 2662 2530 Pompeius
2725 2460 3021 2530 imperator
3076 2459 3404 2530 appellatus,
3454 2457 3772 2513 Lusitaniam
3814 2463 3856 2509 et

2302 2551 2561 2625 quasdam
2594 2550 2798 2607 insulas
2828 2554 2877 2606 in
2905 2552 3122 2607 Oceano
3151 2550 3313 2621 capit.

2371 2644 2653 2715 CleOpatra
2696 2644 2851 2700 annis
2884 2657 3015 2711 xxn,
3047 2658 3113 2699 ex
3144 2643 3342 2714 quibus
3369 2643 3481 2697 duo
3510 2649 3715 2696 tantum
3752 2650 3851 2707 ssp-

2300 2739 2545 2810 pulandi,
2590 2737 2713 2808 quia
2762 2736 3021 2792 Romanis
3073 2736 3327 2791 continua
3374 2741 3673 2790 nascuntur
3714 2731 3854 2799 impe-

2297 2834 2380 2887 ria
2415 2851 2426 2885 :
2458 2846 2687 2903 quorum
2719 2830 2974 2900 deinceps
3016 2839 3263 2899 tempora
3314 2825 3647 2883 numeranda
3686 2830 3797 2879 sunt
3828 2832 3850 2873 a

2298 2923 2362 2979 C.
2394 2923 2536 2979 Julio
2563 2922 2798 2989 Caesare,
2844 2923 2933 2993 qui
2964 2922 3171 2993 primus
3212 2919 3353 2990 apud
3382 2919 3658 2975 Romanos
3693 2917 3850 2984 singu-

604 3032 835 3087 quorum
869 3017 1115 3072 ducentis
1170 3017 1403 3071 millibus
1448 3016 1622 3083 caesis,
1657 3031 1794 3072 Lxxx
1835 3016 1998 3086 capit,
2032 3024 2087 3071 et
2126 3015 2194 3071 de
2299 3017 2411 3071 lare
2450 3015 2681 3072 obtinuit
2725 3014 3033 3084 imperium,
3084 3028 3115 3069 ι
3146 3028 3254 3085 quo
3285 3012 3656 3069 Romanorum
3685 3006 3853 3081 princi-

602 3104 688 3162 ltis
716 3117 839 3163 c‘um
870 3108 1063 3164 Catulo
1095 3108 1414 3177 triumphat.

2302 3126 2400 3183 pes
2430 3109 2681 3181 appellati
2710 3106 2978 3163 Czesares.

667 3198 927 3270 Jugurtha
962 3210 1149 3255 contra
1174 3200 1445 3254 Romanos
1472 3198 1733 3256 dimicans
1764 3201 1989 3272 capitur.
2024 3199 2080 3256 lu
2105 3201 2191 3258 Si-
2219 3187 2268 3252 C
2369 3204 2551 3259 Caasar
2581 3200 2830 3258 Rhenum
2862 3199 3147 3267 transiens,
3192 3198 3499 3255 Germanos
3528 3202 3716 3262 vastat,
3746 3192 3851 3251 ρει.

600 3290 723 3349 cilia
756 3306 944 3349 rursus
974 3291 1172 3348 bellum
1204 3294 1403 3349 servile
1433 3293 1728 3365 consurgit.
1761 3291 1999 3350 Thraces
2022 3306 2051 3347 a
2081 3293 2187 3349 Ro-

598 3384 773 3441 manis
804 3385 947 3441 victi.
2036 3436 2039 3439 ,

666 3478 1012 3535 Aristobulus
1039 3477 1182 3534 filius
1201 3475 1451 3534 Jonathae
1480 3480 1753 3551 (Joannis)
1778 3496 1871 3537 rex
1902 3482 2101 3552 pariter
2128 3491 2184 3538 et

600 3570 868 3641 pontifex,
932 3568 1137 3641 primus
1186 3570 1325 3641 apud
1373 3568 1588 3627 Judacos
1644 3571 1811 3645 698
1862 3570 2183 3630 diadematis

595 3664 823 3734 sumpsit
868 3664 1093 3735 insigne.
1131 3663 1259 3719 Post
1300 3679 1457 3735 quem
1490 3665 1732 3736 regnavit
1760 3664 2035 3733 Jannazu~,
2084 3682 2180 3721 co-

590 3764 878 3827 gnomento
927 3756 1251 3823 Alexander,
1284 3758 1374 3828 qui
1409 3757 1776 3828 pontilicatum
1818 3774 2035 3831 quoque
2078 3760 2174 3815 ad-

589 3848 905 3903 ministrans
926 3847 1302 3904 crudelissime
1333 3850 1540 3905 civibus
1571 3851 1816 3921 praefuit.

661 3940 1018 4005 Ptolemaeus,
1051 3941 1140 4009 qui
1177 3952 1230 3994 et
1259 3940 1589 4007 Alexander,
1623 3945 1780 3997 annis
1811 3959 1923 3999 vttr.

661 4032 831 4103 Syriae
880 4034 1135 4103 regnabat
1184 4033 1482 4103 Philippus,
1534 4052 1690 4103 quem
1738 4038 1844 4092 dux
1900 4038 2179 4094 Romanus

590 4124 848 4179 Gabinius
876 4126 1043 4193 cepit,
1067 4139 1186 4178 cum
1211 4126 1321 4194 jam
1352 4135 1474 4180 ante
1492 4142 1613 4182 cum
1639 4129 1940 4185 Antiochus
1970 4131 2022 4185 in
2049 4131 2180 4185 Par-

591 4215 711 4271 thos
753 4217 962 4287 fugiens
1012 4216 1270 4286 Pompeio
1312 4233 1371 4272 se
1420 4219 1674 4291 deinceps
1712 4222 2044 4280 tradidisset.
2092 4224 2171 4280 lts

590 4308 751 4379 Syria
783 4312 833 4364 in
862 4308 1156 4364 Romanam
1186 4309 1442 4365 ditionem
1473 4314 1741 4368 transivit.

656 4403 706 4457 J.
742 4402 1071 4472 Pomponius
1117 4404 1474 4461 Bononiensis
1517 4406 1905 4466 Attellanarum
1945 4414 2175 4482 scriptor

586 4495 764 4551 clarus
796 4496 1115 4552 habebatur.

2295 3296 2377 3353 los
2408 3295 2628 3365 subigit.

2363 3385 2530 3459 699
2559 3384 2884 3457 Principium
2930 3383 3055 3441 belli
3095 3382 3269 3441 civilis
3322 3382 3465 3439 inter
3508 3380 3762 3437 Caesarem
3802 3383 3848 3431 et

2292 3480 2633 3551 Pompeium.

2363 3575 2442 3630 Ex
2474 3574 2575 3630 hoc
2596 3574 2716 3630 loco
2745 3573 2996 3629 continua
3020 3570 3388 3628 Romanorum
3422 3574 3740 3623 annotantur
3764 3563 3848 3617 ist-

2290 3669 2462 3739 peria,
2496 3676 2551 3723 et
2580 3676 2769 3737 regnat
2797 3665 2937 3736 apud
2970 3679 3067 3721 eos
3095 3663 3299 3734 primus
3338 3660 3581 3716 omnium
3606 3656 3666 3715 Ω.
3696 3654 3847 3712 Juiil!

2288 3760 2489 3816 Caesar.

2360 3854 2423 3908 C.
2456 3854 2643 3908 Juuus
2668 3851 2863 3907 Cum
2897 3850 3103 3921 primus
3145 3860 3315 3904 annos
3348 3864 3424 3915 tv,
3456 3844 3484 3885 ά
3516 3855 3721 3902 menses
3747 3852 3843 3895 set.

2362 3947 2649 4015 Pompeius
2674 3946 2842 4000 victus
2872 3954 2927 4000 et
2955 3944 3190 4016 fugiens,
3220 3956 3250 3999 ι
3279 3942 3613 4015 spadonibus
3639 3938 3842 3995 Alexan-

2288 4040 2430 4095 drini
2464 4041 2603 4110 regis
2635 4039 2915 4095 occiditur.

2360 4134 2646 4190 Decretum
2700 4144 2921 4190 senatus
2966 4145 3020 4191 et
3071 4135 3486 4192 Atheniensium
3545 4132 3609 4189 ad
3656 4124 3843 4188 Judxos

2288 4228 2535 4294 mittitur,
2570 4228 2657 4299 qui
2688 4242 2783 4298 per
2813 4229 3018 4298 legatos
3048 4231 3337 4287 amicitiam
3380 4225 3729 4301 postularant.

2357 4319 2642 4390 CleOpatra
2668 4320 2817 4391 regio
2846 4321 3106 4377 comitatu
3136 4322 3337 4378 Urbem
3371 4323 3631 4390 ingressa.

2354 4412 2621 4467 Antonius
2650 4413 2895 4468 decernit
2933 4412 3227 4479 Quintilem
3268 4426 3514 4469 mensem
3544 4408 3732 4466 Juliunt
3755 4400 3829 4458 de-

2284 4512 2415 4569 bere
2445 4513 2571 4579 dici,
2603 4514 2725 4584 quia
2758 4513 2809 4568 in
2841 4530 2908 4570 eo
2948 4523 3105 4570 natus
3136 4514 3325 4569 fuisset
3350 4512 3549 4569 Julius.

658 4587 719 4690 'l‘.
751 4587 1041 4690 Lucrecins
1060 4600 1218 4690 poeta
1246 4591 1349 4647 hoc
1370 4600 1612 4665 tempore
1642 4596 1869 4667 exstitit,
1905 4599 1997 4671 qui
2020 4616 2173 4656 ama-
2198 4579 2257 4640 Ῑ)
2356 4579 2819 4685 ρεδςίυς,ν]υ(]ωθ
2849 4627 3025 4690 capta,
3056 4619 3316 4690 templum
3344 4617 3560 4686 spoliat.

588 4680 725 4736 torio
756 4682 949 4750 poculo
979 4683 1032 4737 in
1056 4682 1291 4740 furorem
1322 4701 1532 4755 versus,
1565 4691 1784 4761 propria
1816 4707 1978 4749 manu
2005 4710 2069 4751 se
2092 4694 2174 4752 in-

585 4774 798 4828 teriicit.

651 4865 857 4923 Plotius
880 4867 1063 4925 Gallus
1100 4866 1304 4940 primus
1338 4866 1522 4930 Romae
1555 4874 1799 4933 Latinam
1828 4878 2162 4937 rhetoricam

582 4960 785 5016 docuit.

649 5052 969 5110 Ptolemaeus
998 5053 1300 5127 Cleopatra:
1335 5058 1477 5114 ﬁlius
1510 5061 1665 5117 annis
1698 5079 1813 5119 vut.

647 5142 932 5202 Sallustius
976 5147 1333 5205 Historiarum
1380 5152 1612 5221 scriptor
1662 5156 1713 5209 in
1759 5154 1971 5213 Sabinis
2012 5160 2166 5215 Ami-

583 5234 720 5291 terni
758 5239 1019 5295 nascitur.

654 5327 1017 5399 Descriptione
1049 5331 1232 5389 Roma:
1268 5332 1425 5403 facta,
1460 5339 1675 5395 inventa
1721 5348 1847 5395 sunt
1879 5343 2157 5402 hominum

584 5429 605 5459 ε
637 5434 898 5477 coccum
926 5424 1115 5479 millia.

649 5588 673 5615 ι
700 5578 752 5631 ln
782 5579 883 5631 hoc
911 5580 1121 5636 calculo
1148 5583 1357 5637 variant
1386 5599 1515 5637 mss.
1561 5585 1800 5641 Eusebii.
1831 5586 1887 5643 In
1919 5604 2024 5645 uno
2062 5591 2157 5645 ha-

576 5653 669 5727 bes
694 5648 1045 5727 8a2,000;__in
1083 5654 1192 5727 alio
1225 5662 1281 5727 et
1308 5654 1363 5727 in
1404 5656 1532 5709 edit.
1566 5656 1782 5713 Pontaci
1804 5660 2071 5727 928,000;
2099 5665 2153 5717 in

575 5725 692 5794 aliis
707 5721 921 5794 duobus
948 5722 1204 5794 534,000.
1234 5724 1291 5778 In
1320 5726 1426 5781 alio
1457 5728 1719 5794 πάθω,
1744 5731 1800 5786 in
1828 5721 1959 5790 edis.
1991 5721 2150 5791 rem.

647 5793 673 5833 δ
695 5791 924 5851 Codices
945 5793 1160 5851 Eusebii
1185 5796 1389 5853 addant
1415 5798 1527 5869 bis,

2284 4800 2287 4803 _
2356 4715 2536 4773 idibus
2566 4714 2771 4772 Martiis
2803 4716 2865 4775 C.
2898 4718 3071 4775 Julius
3108 4719 3290 4775 Caesar
3320 4718 3373 4773 in
3403 4716 3552 4774 curia
3580 4710 3831 4773 occiditur.

2354 4818 2549 4875 (Insui
2592 4820 2891 4891 Aucusrus,
2933 4821 3027 4892 qui
3067 4832 3121 4877 et
3163 4821 3512 4887 Octavianus,
3557 4817 3703 4876 annis
3736 4819 3831 4873 ιη’

2279 4938 2312 4977 a
2340 4938 2448 4994 quo
2478 4938 2633 4994 reges
2662 4921 3028 4979 Romanorum
3057 4925 3277 4994 Augusti
3309 4924 3587 4995 appellati.

2351 5026 2576 5082 Ovidius
2602 5026 2746 5081 Naso
2783 5028 2836 5081 in
2868 5027 3103 5097 Pelignis
3124 5028 3401 5082 enascitur.

2347 5128 2541 5186 Cicero
2572 5130 2626 5185 in
2673 5124 2964 5185 Formiano
3013 5140 3112 5185 suo
3141 5128 3209 5184 ab
3250 5126 3527 5185 Herennio
3568 5134 3621 5186 et
3658 5118 3837 5195 Popilio

2274 5233 2564 5291 occiditur.

2345 5336 2615 5394 Antonius
2654 5335 2914 5393 adversus
2943 5336 3244 5408 Augustum
3275 5335 3479 5393 bellum
3508 5340 3701 5393 movet.

2341 5440 2385 5495 E
2423 5439 2675 5496 Taberna
2727 5439 3005 5495 meritoria
3036 5448 3185 5495 trans
3215 5434 3459 5495 Tiberim
3506 5437 3673 5494 oleum
3711 5436 3833 5487 tem

2346 5605 2368 5664 ε
2394 5592 2519 5649 Mss.
2544 5594 2703 5649 Colb.
2735 5602 2869 5651 tres.
2899 5594 3167 5663 “H.000;
3201 5611 3359 5661 unus,
3389 5593 3639 5664 “4,000.

2344 5662 2369 5702 δ
2394 5664 2450 5719 in
2482 5664 2739 5721 Chronici
2780 5662 3067 5723 Eusebia’ni
3109 5680 3235 5721 mss.
3269 5678 3321 5721 et
3348 5668 3477 5721 edit.
3500 5662 3679 5727 Poni"
3707 5671 3831 5713 m1-

2270 5753 2349 5793 ια
2376 5745 2586 5809 septem.

2318 5818 2370 5891 ,ο
2392 5808 2453 5866 In
2481 5808 2699 5868 Eusebii
2728 5810 3001 5868 Chronico
3024 5810 3297 5868 adduntur
3324 5823 3535 5867 menses
3572 5821 3683 5865 su.
