4006 6356
168 333 259 392 5‘9
1359 322 1758 384 CHRONICUM
1797 325 2175 388 lNTEGRUM.

3314 345 3422 405 550

167 442 340 513 erupit,
371 440 635 510 tinxitque
665 445 781 495 toto
809 438 895 494 die
944 437 1061 494 sine
1092 437 1514 507 intermissione,
1557 437 1726 509 signi-
1753 441 1806 502 Α
1906 442 2172 511 Augustus
2199 441 2502 502 Calabriam
2532 447 2923 524 (Cantabriam)
2964 465 3017 510 et
3054 455 3243 514 Gallos
3272 459 3422 528 (Gal-

166 539 312 593 ﬁcans
334 531 534 588 Christi
568 532 795 602 gratiam
826 544 890 587 ex
928 531 1198 602 gentibus.

223 623 511 684 Antiochus
558 637 845 694 superatus
899 624 966 678 ab
1015 624 1285 695 Augusto,
1340 623 1392 678 in
1435 623 1729 680 amicitiam

164 721 282 792 ejus,
314 716 707 772 interveniente
737 725 948 785 senatu,
991 716 1148 770 redit.

224 808 452 866 Herodes
492 806 761 880 Antipatri
804 809 1127 862 Απδιοηίιεε
1166 818 1218 864 et
1255 807 1442 863 matris
1483 807 1732 880 Cypridis

165 901 387 958 Arabica:
419 899 564 954 illius
612 913 641 952 a
673 895 928 952 Romanis
953 896 1260 952 Jttdzeornm
1307 899 1502 967 accipit
1533 897 1734 967 princio

168 1002 349 1065 patum.
397 992 565 1062 Cujus
599 1000 842 1061 temporc
873 990 1070 1046 Christi
1103 993 1378 1046 nativitate
1411 992 1608 1056 vicina,
1648 1002 1736 1045 re-

168 1103 308 1160 gnum
339 1091 395 1141 et
441 1083 806 1140 sacerdotium
846 1083 1069 1152 ludicre,
1121 1084 1264 1154 quod
1299 1085 1444 1154 prius
1475 1097 1570 1153 per
1611 1097 1734 1138 suc.-

166 1183 424 1237 sessiones
453 1180 719 1233 minorum
752 1179 1062 1243 tenebatur,
1096 1178 1428 1232 destructum
1461 1185 1560 1242 est,
1587 1189 1734 1231 com-

167 1271 288 1343 picta
321 1271 626 1341 prophetia,
668 1282 789 1340 qua:
823 1283 918 1335 per
949 1266 1166 1340 Moysen
1197 1267 1268 1323 ita
1304 1269 1577 1337 loquitur:
1614 1267 1734 1322 Non

166 1361 344 1435 deﬁciet
379 1366 620 1436 princeps
663 1375 726 1417 ex
763 1357 924 1425 Iuda,
961 1369 988 1400 ι
1012 1376 1174 1431 neque
1221 1373 1312 1416 rea:
1354 1362 1417 1414 de
1457 1361 1734 1428 femoribus

168 1453 278 1522 eius,
309 1455 472 1509 donec
499 1453 663 1510 veniat
690 1453 718 1492 δ
765 1467 956 1518 semen,
991 1455 1074 1507 eui
1103 1455 1383 1524 repositum
1424 1461 1517 1520 est,
1548 1463 1597 1507 et
1626 1453 1735 1521 ipsa

168 1550 246 1604 erit
269 1548 572 1619 exspectatio
603 1547 826 1620 gentium
847 1544 1002 1619 (Gen.
1037 1559 1182 1609 nix,
1214 1545 1323 1616 i0).
1359 1546 1411 1598 In
1443 1545 1542 1598 hoc
1564 1546 1732 1601 etiam

168 1640 271 1695 loco
307 1641 581 1706 Christus,
627 1653 784 1709 quem
821 1639 1005 1692 Daniel
1054 1638 1261 1702 scribit,
1295 1638 1502 1706 accepit
1549 1637 1731 1690 tinem.

165 1727 278 1788 Nam
321 1741 492 1802 usque
530 1729 598 1785 ad
633 1726 896 1786 Herodem
943 1727 1157 1792 ettristl,
1191 1725 1244 1784 id
1274 1737 1378 1793 est,
1421 1729 1730 1784 sacerdotes

1837 532 2022 604 lacus)
2050 535 2337 605 vectigales
2366 537 2508 593 facit.

1907 622 2156 681 Tiberius
2185 628 2254 681 ab
2280 628 2522 700 Augusto
2550 635 2742 690 missus
2770 637 3054 708 occupavit
3077 638 3417 699 Armeniam.

1905 716 2159 772 Cantabri
2191 735 2278 776 res
2307 735 2472 777 novas
2500 727 2783 784 molientes
2801 732 3202 801 opprimuntur.

1909 810 2180 880 Augustus
2205 813 2390 870 Caium
2419 816 2708 889 Agrippam
2741 820 2960 892 adoptat
3000 823 3052 878 in
3085 822 3274 880 illium.

1909 899 2157 958 Tiberius
2185 903 2494 963 Vindelicos
2521 917 2546 948 ι
2576 919 2631 964 et
2678 911 2918 970 contines
2963 915 3262 972 Retiarum
3317 918 3425 972 Ro-

1837 1012 2023 1051 manas
2052 999 2354 1067 provincias
2386 1000 2531 1056 facit.

1909 1103 2015 1144 xvu
2043 1103 2182 1145 anno
2214 1091 2423 1161 imperii
2478 1095 2696 1164 Augusti
2734 1108 2903 1153 censu
2953 1099 3142 1157 Romae
3193 1101 3420 1174 agitato,

1837 1181 2049 1236 inventa
2091 1194 2213 1236 sunt
2251 1183 2448 1238 civium
2499 1184 2866 1244 Romanorum
2892 1186 2922 1228 ἀ
2959 1205 3048 1249 xm
3095 1202 3323 1250 centena
3369 1199 3427 1251 ct

1839 1275 2176 1344 septuaginta
2197 1290 2434 1344 quatuor
2456 1276 2641 1333 millia.

1909 1380 2032 1420 sxtv
2063 1368 2285 1434 Augusti
2308 1367 2521 1436 imperii
2546 1381 2708 1438 anno,
2731 1371 2982 1430 Tiberius
3005 1375 3072 1432 de
3098 1381 3270 1449 captis
3287 1379 3425 1436 Pan-

1839 1458 2015 1510 nouiis
2043 1458 2411 1523 triumphavit.

1910 1549 2160 1616 Ejusdem
2211 1551 2423 1619 imperii
2455 1565 2598 1607 anno
2643 1568 2766 1621 xxv,
2823 1557 3080 1627 Virgilius
3142 1561 3430 1623 Brundusii

1839 1643 2086 1712 moritur,
2115 1650 2170 1697 et
2201 1642 2422 1713 Neapoli
2450 1648 2688 1703 secundo
2709 1662 2738 1704 a
2769 1650 2996 1708 civitate
3035 1655 3291 1713 milliario
3345 1671 3430 1716 se-

1838 1734 2054 1802 pelitur.

166 1833 298 1879 erant
342 1839 500 1894 reges
545 1822 875 1888 Judaeorum,
927 1824 1016 1892 qui
1067 1824 1332 1890 imperare
1374 1830 1655 1888 cmpcrunt
1698 1835 1728 1875 a
1760 1836 1806 1895 Β
1910 1825 2145 1881 Herodes
2171 1827 2492 1895 Samariam,
2516 1831 2642 1885 olim
2669 1831 2779 1902 jam
2830 1836 2882 1890 in
2911 1837 3192 1895 cineribus
3238 1841 3432 1899 seden-

168 1927 261 1972 ων
283 1913 612 1986 olympiade,
636 1923 691 1970 et
720 1915 787 1969 ab
814 1913 1204 1968 instauratione
1232 1912 1417 1984 templi
1447 1915 1548 1967 sub
1577 1913 1735 1966 Dario

167 2022 316 2078 usque
344 2006 409 2059 ad
434 2006 760 2076 Hyrcanum,
788 2015 841 2060 et
870 2005 935 2058 ad
966 2020 1196 2059 CLXXXVI
1225 2002 1608 2075 Olympiadem,
1643 2019 1736 2058 an-

166 2099 236 2154 nis
264 2113 590 2154 ccchxxxtv
619 2099 673 2151 in
699 2097 876 2152 medio
907 2096 1212 2162 transactis,
1237 2109 1372 2165 quos
1397 2096 1581 2150 Daniel
1606 2110 1738 2165 quo-

167 2210 254 2264 que
280 2195 607 2266 significavit
636 2194 822 2249 dicens
857 2212 870 2246 :
905 2195 965 2247 Et
997 2192 1124 2247 scies
1149 2205 1196 2246 et
1225 2194 1505 2265 intelliges,
1547 2195 1737 2247 ab'ini-

167 2289 228 2344 tio
277 2291 527 2346 sermonis
583 2290 928 2362 respondendi
983 2298 1031 2345 et
1079 2291 1371 2358 adiﬁcandi
1426 2287 1735 2360 Jerusalem,

166 2399 310 2454 usque
341 2383 407 2437 ad
448 2383 641 2439 Christi
681 2382 1022 2452 principatum
1073 2382 1412 2437 hebdomades
1444 2396 1652 2451 septem,
1693 2394 1738 2437 et

165 2477 491 2532 hebdomades
538 2492 646 2532 1.in
699 2477 858 2544 (Dan.
907 2494 981 2538 Ix,
1032 2477 1149 2545 25;.
1194 2479 1323 2543 Qum
1375 2477 1739 2531 ltcbdomadea

165 2585 268 2624 un
323 2572 374 2623 itt
422 2570 618 2640 quibus
657 2571 866 2635 cltrisli,
903 2563 954 2623 id
1003 2578 1104 2634 cst,
1137 2565 1448 2624 sacerdOIes
1497 2582 1593 2638 per
1640 2583 1739 2623 nn-

166 2664 389 2718 Ctionem
449 2665 790 2730 consecrati,
855 2671 1254 2730 regnaverunt,
1315 2662 1516 2716 l‘aciuut
1570 2675 1741 2716 annos

165 2769 504 2817 ccccuxxttt,
537 2769 706 2825 usque
736 2754 800 2807 ad
835 2749 1163 2825 Hyreanum.
1209 2754 1326 2822 Quo
1355 2763 1598 2810 extremo
1625 2769 1741 2809 om-

168 2847 301 2901 nium
325 2863 353 2901 a
381 2845 594 2902 Partitis
638 2856 819 2916 capto,
851 2842 1092 2902 ilerodes
1118 2847 1387 2915 Antipatri
1430 2848 1574 2902 lilius
1607 2847 1739 2902 nihil

167 2939 226 2993 ad
266 2954 323 2994 se
371 2938 730 3007 pertinentem
781 2936 1017 2994 Jndmam
1071 2939 1138 2995 ab
1173 2939 1415 3010 Augusto
1456 2951 1509 2994 ct
1553 2951 1741 2996 senatu

168 3024 320 3103 7m
345 3033 576 3100 accepit,
624 3031 828 3103 (illique
871 3033 992 3102 ejus
1030 3043 1150 3103 post
1180 3049 1301 3088 eum
1358 3043 1739 3104 regnaverunt,

169 3141 328 3197 usque
369 3127 431 3181 ad
463 3127 811 3182 novissimam
842 3126 1306 3198 Jerosolymorum
1350 3128 1739 3197 captivitatem,

1844 1927 1972 1981 tem,
2013 1931 2043 1972 a
2073 1915 2432 1975 lundamentis
2463 1924 2749 1991 suscitans,
2784 1926 2838 1980 in
2871 1927 3133 1985 honorem
3180 1922 3430 2004 Augusti,

1843 2016 2155 2080 Augustam,
2207 2013 2260 2067 id
2306 2025 2410 2080 est,
2460 2014 2740 2081 Sebasten,
2775 2021 3092 2089 appellavit,
3140 2033 3194 2079 et
3242 2026 3294 2081 in
3324 2027 3430 2083 Pa-

1843 2106 2033 2169 ncade,
2066 2105 2116 2159 id
2145 2106 2286 2175 quod
2312 2107 2515 2161 Panion
2541 2120 2765 2166 vocatur
2805 2115 3098 2170 exstruxit.
3131 2116 3277 2172 idem
3309 2118 3431 2176 Casa

1843 2211 2049 2252 saream
2082 2200 2133 2250 in
2166 2201 2384 2254 nomine
2412 2200 2642 2257 Caesaris
2665 2205 2926 2271 condidit,
2973 2222 3096 2279 quas
3122 2212 3272 2280 prius
3297 2211 3433 2268 Tur-

1844 2291 1918 2344 ris
1943 2289 2212 2345 Stratonis
2252 2293 2563 2347 vochatur.
2613 2295 2758 2351 Idem
2804 2296 3137 2369 Hyrcanum.
3185 2304 3276 2372 qui
3304 2304 3431 2360 olim

1843 2385 2098 2438 sacerdos
2127 2384 2436 2440 Jttdreorum
2485 2387 2678 2452 fuerat,
2723 2391 2789 2444 de
2821 2391 3136 2460 captivitate
3185 2395 3434 2454 Parthica

1842 2487 2169 2546 regressum,
2195 2485 2250 2531 et
2275 2478 2442 2532 illium
2472 2479 2611 2548 ejus,
2638 2482 2728 2550 qui
2755 2485 3064 2540 sacerdotio
3109 2489 3275 2555 patris
3306 2505 3433 2545 suc-

1843 2577 2102 2631 cesserat,
2134 2569 2389 2623 interilcit
2417 2587 2429 2621 :
2480 2585 2833 2643 sororemque
2863 2576 2979 2644 ejus
3003 2591 3226 2633 uXorem
3257 2595 3432 2649 suam,

1843 2675 1963 2715 cum
1991 2660 2200 2715 duobus
2225 2659 2347 2715 ﬁliis
2372 2664 2605 2731 propriis
2638 2664 2746 2731 jam
2773 2665 3207 2736 adolescentulis,
3233 2682 3285 2725 et
3316 2687 3433 2728 ma-

1849 2760 1982 2804 trem
2009 2750 2192 2804 nxoris
2213 2753 2408 2805 occisa:
2435 2767 2650 2808 socrum
2678 2769 2828 2810 suam
2851 2758 3225 2815 crudelissime
3253 2774 3428 2820 necat.

1845 2841 2005 2912 τοι
2042 2840 2226 2894 Virum
2257 2842 2419 2895 etiam
2448 2845 2652 2896 sororis
2697 2859 2806 2900 sua:
2848 2847 3086 2904 Salomat
3129 2852 3434 2912 interfecit:

1845 2942 1899 2987 et
1923 2947 2043 2987 cum
2064 2945 2182 2986 eam
2205 2933 2295 2986 alii
2320 2934 2630 2990 tradidisset
2657 2952 2904 3004 uxorem,
2929 2940 3091 2995 etiam
3109 2943 3283 3012 ipsum
3315 2918 3438 3016 per?

1847 3025 2000 3080 imit:
2036 3026 2238 3081 scribas
2268 3043 2483 3097 quoque
2509 3037 2565 3084 et
2593 3029 2918 3101 interpretes
2955 3035 3154 3092 divinat
3184 3039 3315 3110 legis
3359 3042 3436 3097 sio

1848 3117 1960 3172 mili
1989 3118 2192 3173 scelere
2221 3119 2434 3174 occidit.

169 3234 490 3289 nequaquam
560 3234 626 3274 ex
696 3219 1045 3274 successione
1113 3219 1468 3276 sacerdotalis
1525 3221 1742 3289 generis
1771 3220 1820 3284 ο
1921 3216 2190 3284 Augustus
2230 3215 2424 3270 Juliam
2459 3215 2618 3271 tiliam
2667 3233 2820 3273 suam
2867 3219 2918 3274 in
2952 3219 3217 3278 adulterio
3245 3222 3441 3294 depre-

169 3311 509 3380 pontilicibus
531 3313 865 3379 constitutis,
896 3319 1070 3382 neque
1102 3311 1455 3382 perpetuitate
1479 3311 1624 3379 vitm,
1658 3326 1744 3366 se-

168 3402 394 3458 cundum
425 3404 598 3474 legem
631 3403 854 3473 Moysis,
907 3402 1264 3457 servientibus
1312 3399 1444 3457 Deo.
1480 3401 1744 3472 ignobiles

167 3511 287 3550 vero
322 3495 556 3566 quidam,
591 3505 644 3549 et
674 3495 784 3549 alio
817 3504 1059 3563 tempore
1092 3494 1203 3559 alii,
1235 3481 1290 3549 et
1319 3493 1562 3549 nonnulli
1590 3493 1746 3548 unius

169 3587 315 3654 anni,
341 3589 450 3644 sive
470 3585 684 3643 modico
711 3588 966 3658 amplius,
996 3601 1022 3640 a
1051 3587 1310 3642 Romanis
1332 3587 1746 3658 imperatoribus

169 3681 524 3736 sacerdouum
560 3679 831 3736 emebant.
873 3679 1017 3748 .Quae
1060 3681 1239 3734 omnia
1291 3680 1451 3734 etiam
1487 3680 1746 3750 propheta

174 3767 356 3827 Daniel
403 3773 722 3828 vaticinatur
755 3773 825 3826 ita
877 3769 1063 3826 dicens
1096 3787 1108 3823 :
1139 3771 1203 3826 Et
1257 3781 1366 3842 post
1406 3772 1749 3824 hebdomadas

168 3874 354 3936 septem
391 3867 439 3919 et
481 3864 748 3934 sexaginta
778 3864 928 3932 duas,
981 3863 1206 3918 interibit
1251 3863 1496 3927 chrisma,
1531 3874 1576 3916 et
1596 3863 1746 3929 judi-

177 3956 310 4010 cium
337 3969 434 4011 non
460 3958 554 4011 erit
583 3957 634 4010 in
669 3973 747 4025 eo,
780 3966 824 4010 et
850 3956 1090 4027 templum
1133 3965 1176 4008 et
1205 3963 1434 4008 sanctum
1465 3963 1751 4024 corrumpet

170 4050 388 4118 papulas
441 4051 569 4104 duce
620 4053 880 4114 veniente;
933 4059 982 4102 et
1036 4051 1292 4102 caztlentur
1341 4050 1392 4101 in
1443 4049 1750 4117 catuclysmo

173 4142 284 4196 belli
321 4141 506 4215 (Ibid.,
535 4143 656 4214 26).
692 4144 755 4196 Et
783 4144 835 4196 itt
879 4139 1336 4209 consequentibus
1370 4159 1382 4194 :
1415 4140 1580 4210 Super
1623 4151 1750 4195 tent-

1833 3304 2074 3362 .hensam
2105 3306 2324 3361 damnat
2355 3308 2582 3363 exsilio:
2636 3309 2912 3365 Tiberium
2952 3322 3009 3368 et
3049 3315 3341 3386 Agrippam
3377 3317 3432 3373 itt

1850 3399 1988 3452 iilios
2013 3400 2307 3469 adoptavit.

1919 3489 2348 3545 JudasGalilzeus
2372 3491 2437 3545 ad
2465 3493 2830 3549 rebellandam
2851 3495 3068 3553 Judaeos
3088 3498 3428 3557 cohortatur.

1920 3598 2042 3638 xuv
2064 3583 2274 3652 imperii
2313 3586 2538 3654 Augusti
2591 3602 2767 3651 anno,
2795 3589 3049 3656 Quirinus
3077 3607 3143 3646 ex
3193 3595 3428 3651 consilio

1856 3684 2073 3730 senatus
2103 3677 2167 3729 ad
2188 3675 2426 3730 Judaeam
2460 3680 2674 3744 missus,
2702 3694 2896 3736 census
2919 3682 3194 3740 hominum
3221 3699 3441 3757 possea-

1858 3772 2154 3838 sioneaque
2184 3768 2461 3824 describit.
3263 3815 3270 3822 .

1927 3858 2130 3914 Eodem
2177 3874 2320 3915 anno
2361 3859 2570 3918 JESUS
2615 3861 2955 3923 CHRISTUS
3002 3867 3172 3924 Filius
3225 3871 3321 3929 Dei
3371 3875 3426 3931 in

1855 3953 2130 4010 Bethleem
2159 3953 2308 4009 lude
2343 3955 2602 4012 nascitur.

1925 4045 2258 4116 Colliguntur
2293 4056 2472 4103 autem
2512 4063 2700 4104 omnes
2723 4053 2849 4106 anni
2881 4054 2952 4108 ab
2978 4055 3249 4112 Abraham
3282 4073 3444 4116 exor-

1858 4137 1968 4200 dio,
2020 4153 2188 4209 usque
2213 4140 2279 4193 ad
2325 4141 2663 4198 nativitatem
2711 4143 2917 4200 Christi
2947 4160 3012 4202 ex
3050 4147 3245 4217 Maria,
3277 4159 3301 4188 °
3337 4150 3446 4209 duo

170 4237 332 4304 ptum,
367 4238 562 4307 inquit,
613 4236 924 4290 abontinatio
965 4235 1360 4300 (tractationum,
1404 4246 1450 4289 et
1494 4249 1649 4306 usque
1687 4237 1755 4289 ad
1861 4233 2028 4287 millia
2052 4249 2178 4288 xvttt
2206 4248 2303 4288 seu
2333 4250 2420 4288 xv.

171 4331 656 4383 cattsummationetn
689 4330 934 4398 (corporis
965 4329 1332 4382 mittatnmatio
1375 4327 1580 4382 dabitur
1605 4341 1756 4399 super

171 4419 533 4477 desolationem
570 4420 729 4493 (Ibid.
745 4464 758 4489 ,
791 4423 908 4493 27).

240 4517 526 4575 Sallustius
577 4519 718 4575 diem
777 4519 908 4574 obiit
959 4517 1320 4591 quadriennio
1377 4527 1504 4576 ante
1555 4519 1755 4576 bellum

170 4613 440 4670 Actiacum
453 4655 467 4670 .

1936 4327 2176 4383 Herodes
2213 4342 2338 4384 cum
2377 4328 2579 4384 Christi
2624 4332 2960 4387 nativitatem
2990 4334 3268 4406 Magonem
3299 4339 3441 4396 indi-

1867 4422 1954 4475 cio
1995 4422 2369 4493 cognovisset,
2417 4425 2699 4481 universos
2746 4425 2800 4481 in
2859 4427 3135 4485 Bethleem
3191 4434 3448 4501 parvulos

1863 4514 2026 4584 jussit
2080 4515 2345 4573 interﬁci:
2395 4517 2515 4587 ipse
2569 4528 2746 4573 autem
2809 4520 3028 4576 biennio
3078 4535 3199 4593 post
3249 4528 3438 4582 morbo

1785 4618 1840 4680 ι)
1870 4607 2147 4664 intercutis
2193 4623 2365 4679 aquae,
2395 4618 2450 4664 et
2477 4610 2809 4666 scatentihus
2838 4620 2951 4668 toto
2979 4628 3213 4684 corpore
3241 4618 3436 4674 vermio

247 4706 459 4762 Vinium
489 4707 778 4763 Maximum
803 4717 1126 4779 qumstoretn
1153 4706 1494 4779 designatum
1537 4709 1760 4779 agnovit
1866 4702 1983 4766 bili.
2019 4702 2234 4767 ωἱιετθν
2269 4701 2361 4755 8θά
2389 4700 2550 4771 δίεπε
2579 4703 2827 4758 moritur.

168 4794 418 4853 dominus
448 4809 597 4863 suus,
630 4807 684 4854 ct
713 4797 955 4854 abduxit.

237 4886 406 4944 Lunae
435 4888 732 4946 secundum
767 4889 1036 4945 Romanos
1059 4899 1250 4948 cursus
1283 4893 1574 4948 invenitur.

239 4975 520 5050 CleOpatra
559 4991 614 5038 et
648 4981 910 5038 Antonius
940 4992 1111 5040 semet
1135 4983 1486 5054 interﬁciunt,
1515 4989 1569 5042 et
1594 4977 1760 5057 Egy-

167 5077 297 5143 ptus
320 5075 376 5128 tit
399 5073 643 5130 Romana
675 5076 968 5144 provincia.

240 5165 422 5224 thsar
451 5169 724 5239 Augustus
749 5169 1073 5239 appellatur,
1106 5183 1134 5225 a
1163 5185 1269 5242 quo
1299 5170 1518 5228 Sextilis
1555 5170 1754 5227 mensis

164 5254 393 5330 Augusti
422 5275 623 5317 nomen
655 5261 882 5331 accepit.

243 5353 509 5428 Augustus
537 5369 660 5412 cum
687 5356 999 5413 monarchia
1029 5355 1313 5413 otisrretar
1341 5357 1630 5414 recusavit.

94 5583 96 5586 .
245 5525 522 5608 {Codices
571 5535 826 5594 Cbronici
873 5533 1182 5602 Eusebiani.
1227 5555 1388 5608 neque
1429 5538 1556 5607 dux,
1602 5545 1664 5595 ut
1701 5537 1757 5594 in

87 5651 95 5674 λ.
166 5597 401 5674 Vulgata
435 5618 618 5665 nostra
643 5619 700 5665 et
725 5610 974 5665 Hebraeo.

244 5673 351 5749 bin
382 5677 614 5737 Eusebio
651 5681 918 5749 omittitur
946 5681 1060 5738 hanc
1094 5698 1222 5749 vox,
1255 5700 1443 5739 semen.

1936 4793 1993 4848 In
2027 4791 2255 4846 Herodis
2278 4792 2454 4848 locum
2486 4794 2787 4852 Archelus
2809 4797 2878 4852 ab
2900 4799 3140 4869 Augusto
3161 4801 3445 4856 constitui.

1867 4887 1996 4955 tur(
2025 4893 2077 4940 et
2115 4884 2402 4940 tetrarche
2433 4886 2568 4941 fiunt
2610 4887 2804 4945 fratres
2841 4889 2960 4959 ejus
2990 4890 3254 4958 Herodes,
3287 4891 3445 4947 Anti-

1867 4989 2038 5048 pater,
2073 4977 2268 5050 Lysias
2294 4988 2348 5034 et
2379 4978 2681 5052 Philippus)
2709 4984 2865 5036 annis
2899 4995 2970 5036 Ix.

1938 5069 2183 5127 Tiberius
2208 5069 2391 5129 Caesar
2419 5073 2692 5131 Dalmatas
2739 5072 3122 5145 Sarmatasque
3172 5075 3365 5146 redigit
3393 5077 3446 5133 in

1863 5169 2162 5224 Romanam
2207 5179 2557 5240 potestatem.

1935 5257 2294 5321 Athenienses
2320 5279 2407 5321 res
2439 5279 2606 5322 novas
2635 5271 2823 5321 contra
2849 5257 3120 5320 Romanos
3159 5261 3448 5324 molientes

1867 5355 2265 5428 opprimuntur.

1935 5537 1962 5575 α
1985 5533 2044 5593 in
2073 5535 2286 5596 duobus
2317 5551 2451 5596 mss.
2485 5533 2641 5594 Colb.
2675 5541 3024 5593 numerantur
3055 5533 3374 5606 1,544,000.

1937 5619 1960 5646 ο
1991 5609 2118 5664 Mss.
2159 5621 2267 5666 tres
2291 5612 2466 5671 Colb..
2489 5609 2649 5666 ξυμ.
2683 5610 2917 5664 Melioris
2949 5619 3090 5666 notas
3126 5611 3236 5667 duo
3265 5622 3328 5668 es
3353 5623 3447 5668 ea-

1861 5680 1982 5736 dem
2025 5680 2350 5738 bibliotheca
2404 5682 2602 5737 habent
2652 5679 2834 5744 2015.
2872 5689 2927 5738 et
2981 5681 3147 5740 editio
3191 5679 3450 5742 Chrouiei

253 5747 439 5826 ειμι)ῐὶ
485 5751 737 5809 Chronic.
781 5745 1021 5822 Eusebii,
1079 5765 1126 5810 et
1161 5745 1244 5811 eos
1291 5755 1378 5826 qui
1416 5750 1754 5812 Thraciarum
1859 5751 2150 5809 Eusebiani
2190 5767 2220 5808 a
2268 5753 2506 5809 Pontaco
2536 5760 2842 5821 procurata.

159 5820 401 5890 “relines
419 5833 584 5880 «aut.
