4006 6356
606 370 708 430 551
1814 367 1869 425 8.
1913 364 2250 426 i'ROSPERI
2288 364 2615 436 AQUITANI
3758 368 3844 426 εει

673 487 948 556 Augustus
988 500 1109 542 cum
1146 483 1363 542 Tiberio
1406 485 1515 540 lilio
1561 498 1659 540 suo
1697 500 1789 539 LIII
1840 484 2052 554 imperii
2102 500 2163 538 su

2290 481 2531 536 Geminis
2555 477 2867 535 consulibus
2890 476 3227 543 cruciﬁxum,
3247 490 3354 549 quo
3378 464 3841 543 anno,isecutidum
3866 525 3881 562 λ

604 594 745 635 anno
774 594 997 633 censum
1026 578 1213 632 Romae
1252 579 1493 647 agitans,
1543 577 1747 631 invenit
1778 576 2054 631 hominum
2086 588 2183 629 no-
2287 573 2693 629 indubitabilern
2736 573 2892 626 Lucae
2944 570 3305 641 Evangelistae
3344 569 3744 635 auctoritatem,
3767 572 3875 627 ba-‘

601 674 789 741 nagies
816 682 870 725 et
897 682 981 726 ter
1010 680 1235 725 centena
1260 680 1314 723 et
1346 678 1371 706 ³
1404 685 1505 723 ωιι
1537 669 1721 723 millia.
1794 720 1799 723 ,
2289 670 2544 740 ptizatnm
2572 684 2692 723 eum
2733 683 2852 722 esse
2887 665 3229 721 manifestum
3277 675 3392 732 est,
3430 673 3485 719 et
3525 663 3842 734 Evangelium

671 764 900 819 Messala
922 765 1186 818 Corvinus
1214 762 1410 818 Orator
1432 770 1558 817 ante
1592 762 1865 817 biennium
1883 776 2039 831 quam
2066 775 2180 815 mo-

597 864 829 921 reretur,
859 855 927 909 ita
958 857 1274 912 memoriam
1302 854 1567 925 perdidit,
1602 864 1661 908 ut
1694 854 1780 908 vix
1803 868 1973 923 pauca
2018 852 2179 908 verba

597 950 971 1018 conjungeret.

666 1038 965 1094 Archelaus
993 1037 1048 1093 in
1094 1038 1352 1094 Viennam
1386 1038 1573 1094 urbem
1623 1039 1813 1093 Galliae
1865 1039 2175 1108 relegatur,

597 1145 743 1187 anno
791 1130 943 1200 regni
985 1130 1065 1185 sui
1104 1146 1178 1185 ιχ.
1222 1131 1347 1186 Post
1392 1146 1550 1201 quem
1594 1130 1838 1187 Herodes
1878 1131 2179 1186 tetrarches

595 1224 693 1279 fuit
722 1223 875 1277 anuis
903 1239 1048 1278 xxtv.

665 1317 914 1373 Tiberius
946 1319 1174 1373 Drusum
1226 1328 1537 1375 consortem
1570 1319 1719 1389 regni
1764 1320 1912 1374 facit.

662 1410 937 1478 Tiunws,
970 1411 1058 1477 Ill,
1093 1414 1244 1466 annis
1290 1429 1445 1469 χχιιι.
1503 1413 1670 1482 Cujus
1702 1415 1909 1483 imperii
1958 1428 2101 1468 anno
2145 1428 2177 1467 v

592 1503 853 1560 tredemm
885 1505 1045 1558 urbes
1070 1513 1225 1558 terrae
1259 1516 1407 1559 ntotu
1436 1514 1778 1559 corruerunt.

665 1595 918 1664 Ejusdem
952 1593 1163 1664 imperii
1192 1610 1333 1650 anno
1364 1610 1453 1649 xtv
1480 1595 1683 1649 Pilatus
1722 1604 2039 1665 procurator
2082 1596 2177 1652 Iu-

594 1687 726 1744 dam
758 1688 1007 1744 mittitur.

664 1782 909 1837 Herodes
931 1782 1265 1838 Tiberiadem
1296 1792 1345 1837 et
1382 1782 1657 1839 Liviadem
1680 1783 1938 1839 condidit.

2286 763 2438 832 regni
2475 763 2732 818 caelorum
2766 759 3062 829 praedicare
3099 759 3349 829 erupisse.
3382 757 3687 814 Secundum
3733 774 3839 816 vero

2292 855 2515 912 Joannis
2564 854 2951 924 Evangelium,
3004 852 3282 909 festivitati
3325 849 3837 906 PaschtrIudaorum

2293 956 2377 1004 ter
2403 949 2687 1004 Dominum
2714 948 3020 1001 interfuisse
3049 944 3431 1015 cognoscimus
3470 961 3483 996 :
3532 951 3591 997 ut
3616 952 3837 1013 appareat

2288 1041 2505 1097 tertium
2539 1040 2703 1094 tuisse
2723 1039 2853 1093 illud
2910 1036 3137 1104 Pascha,
3169 1037 3311 1108 quod
3350 1050 3514 1091 verus
3542 1037 3715 1105 Agnus
3752 1051 3832 1091 suo

2285 1137 2548 1201 sanguine
2578 1133 2936 1188 consecravit.

2357 1226 2593 1281 Proinde
2622 1225 2873 1279 consules
2903 1223 3115 1293 quidem
3140 1237 3169 1277 a
3191 1221 3619 1277 Manifestatione
3632 1218 3830 1287 Domini,
3862 1228 3873 1269 ';

2286 1318 2340 1374 id
2372 1327 2476 1384 et,
2510 1336 2536 1372 a
2570 1319 2777 1373 Rurmo
2805 1318 3017 1373 GEIINO
3044 1327 3098 1371 et
3135 1316 3408 1371 RUBELLIO
3428 1313 3635 1371 (ξηικο
3662 1328 3827 1369 οοιιειιο

2285 1414 2425 1469 libus
2454 1414 2775 1467 inchoamus
2802 1430 2814 1465 :
2849 1412 2941 1467 sed
2982 1410 3173 1467 tertios
3194 1409 3265 1463 ab
3294 1409 3359 1463 iis
3391 1409 3637 1464 consules
3666 1407 3826 1462 Domi-

2286 1506 2420 1560 nicae
2450 1505 2693 1575 Passioni
2724 1504 3064 1570 ascribimus,
3095 1510 3387 1573 sequentes
3406 1500 3549 1571 quod
3578 1500 3829 1555 auctoritas

2287 1598 2504 1653 tradidit
2543 1606 2599 1651 et
2622 1597 2778 1651 ratio.
3790 1632 3798 1641 .

2357 1690 2601 1745 INCIPIT
2638 1688 3037 1745 ANNOTATIO
3084 1683 3454 1744 CONSULUM
3478 1725 3495 1751 ,
3540 1682 3716 1740 ‘CUM
3744 1680 3822 1737 III-

2433 1784 2704 1842 STORIA.

663 1874 913 1930 Tiberius
946 1876 1145 1930 multos
1170 1892 1325 1946 reges
1353 1877 1418 1930 ad
1445 1892 1501 1931 se
1535 1892 1627 1947 per
1653 1878 1939 1933 blanditias
1980 1892 2175 1934 evoca-
2206 1884 2254 1945 B
2354 1878 2613 1934 RUFINO
2670 1876 2936 1933 GEMINO
2960 1917 2976 1945 ,
3040 1876 3133 1932 ET
3199 1872 3544 1932 RUBELLIO
3604 1865 3824 1927 GEMINO

598 1974 704 2031 tos,
734 1980 1021 2036 numquam
1050 1968 1279 2034 remisit,
1311 1983 1582 2039 regnaque
1622 1985 1809 2026 eorum
1860 1972 1913 2026 in
1952 1973 2178 2042 provin-

592 2056 706 2112 cias
737 2058 921 2113 vertit.

657 2150 893 2207 Joannes
920 2152 1062 2206 illius
1081 2153 1352 2208 Zacharire
1376 2155 1429 2208 in
1456 2156 1674 2211 deserto
1703 2157 1855 2225 juxta
1886 2158 2180 2213 Iordanem

589 2241 811 2298 ﬂuvium
843 2246 1142 2313 praedicans
1168 2246 1401 2311 Iudaeis,
1437 2246 1709 2302 Christum
1747 2248 1943 2303 Filium
1986 2251 2080 2305 Dei
2126 2251 2177 2304 in

592 2336 773 2393 medio
796 2352 982 2391 eorum
1014 2337 1202 2393 adesse
1232 2347 1484 2394 testatur.

661 2426 781 2497 Ipse
820 2443 1035 2499 quoque
1065 2430 1320 2484 Dominus
1351 2431 1509 2485 Iesus
1538 2431 1807 2488 CHRISTUS
1854 2436 2014 2506 702
2056 2435 2180 2491 hinc

587 2518 641 2573 in
666 2520 893 2589 populos
924 2521 1217 2576 salutarem
1266 2524 1406 2576 viam
1456 2526 1764 2592 annuntiat,
1812 2528 1979 2594 signis
2014 2536 2177 2598 atque

590 2611 877 2669 virtutibus
902 2628 1027 2669 vera
1059 2616 1420 2685 comprobans
1448 2633 1570 2672 esse
1592 2636 1710 2687 quae
1731 2620 1955 2675 diceret.

654 2707 856 2763 Drusus
885 2708 1069 2763 Caesar
1094 2725 1305 2765 veneno
1335 2714 1514 2780 periit.

660 2796 687 2835 ι’
724 2797 986 2867 Iosephus
1033 2802 1174 2856 circa
1234 2803 1350 2857 haec
1410 2814 1651 2874 tempora
1694 2808 1780 2863 dic
1824 2808 2175 2864 Pentecostes

580 2890 894 2948 sacerdotes
924 2892 1235 2950 Iudaeorum
1255 2898 1485 2966 primum
1509 2903 1901 2956 commotiones
1931 2904 2169 2959 locorum

580 2986 790 3055 templi,
825 2996 880 3042 et
906 2989 1167 3059 quosdam
1196 2993 1407 3046 sonitus
1444 2995 1685 3049 sensisse
1719 3006 1988 3051 testatur:
2019 2998 2172 3053 dein-

580 3076 649 3133 de
676 3094 740 3133 ex
767 3080 927 3151 adyto
958 3085 1201 3152 erupisse
1232 3100 1420 3140 vocem
1446 3086 1772 3142 dicentium:
1801 3089 2172 3160 Transmigre-

580 3186 703 3227 mus
724 3187 787 3228 ex
814 3176 896 3230 bis
919 3176 1157 3231 sedibus.

2428 1970 2618 2027 COSS.

2356 2064 2607 2119 VINICIO
2634 2065 2722 2119 ET
2750 2062 3068 2119 LONGINO.

2356 2156 2672 2211 SULPICIO
2706 2156 2791 2210 ET
2840 2155 3082 2211 SULLA.

2360 2252 2518 2321 703
2554 2250 2809 2306 Ecclesiae
2839 2248 3300 2320 Ierosolymorum
3329 2245 3539 2318 primus
3578 2245 3825 2315 episcopus

2284 2343 2572 2398 ordinatus
2620 2352 2704 2398 est
2741 2340 2977 2397 Iacobus
2999 2381 3015 2407 ,
3046 2340 3137 2411 qui
3186 2338 3401 2395 habitus
3448 2346 3530 2393 est
3557 2336 3710 2392 frater
3742 2335 3826 2391 Do-

2283 2451 2436 2490 ῐηιηι.

2355 2525 2597 2583 PRISCO
2654 2526 2741 2581 ET
2791 2522 3130 2581 VITELLIO.

2353 2618 2582 2674 GALLO
2632 2618 2719 2672 ET
2745 2617 3067 2673 NONIANO.

2345 2710 2697 2767 GALLIENO
2729 2710 2815 2763 ET
2846 2706 3262 2765 PLAUTIANO.

2352 2802 2552 2857 Pilatus
2594 2817 2810 2856 sacrum
2860 2800 3207 2867 thesaurum,
3249 2810 3409 2868 quem
3441 2791 3645 2850 Corban
3680 2785 3822 2845 Iudai

2280 2904 2506 2961 vocant,
2535 2896 2587 2948 in
2618 2894 2993 2965 aquaeductum
3016 2892 3483 2964 Ierosolymorum
3513 2884 3820 2959 expendens,

2279 2989 2532 3045 secundae
2558 2988 2842 3043 seditionis
2866 2987 3093 3057 praebuit
3122 2986 3351 3041 semina.
3386 2984 3469 3039 Ab
3496 2982 3597 3037 hoc
3617 2989 3825 3046 tempore

2279 3085 2577 3140 innumerae
2617 3082 2952 3139 calamitates
3000 3080 3313 3138 Iudaeorum
3371 3087 3585 3151 gentem
3628 3084 3819 3144 oppres-

2278 3185 2486 3231 serunt.

649 3265 854 3323 Scribit
883 3268 1022 3323 idem
1054 3270 1355 3341 Iosephus,
1385 3273 1525 3342 quod
1560 3273 1754 3329 eodem
1787 3290 1931 3330 anno
1959 3277 2163 3333 Pilatus
2198 3279 2246 3344 C
2350 3268 2671 3325 PROCULO
2700 3267 2786 3324 ΕΤ
2814 3266 3117 3324 ΝῘΟΚῙΝΟο

580 3374 785 3432 praeses
810 3372 1022 3418 secreto
1070 3366 1244 3419 noctis
1279 3366 1540 3436 imagines
1590 3366 1818 3424 Caesaris
1860 3370 1912 3423 in
1959 3372 2160 3441 templo

578 3454 849 3512 statuerit.

647 3547 1040 3615 Computantur
1069 3548 1322 3620 itaquein
1344 3566 1542 3606 annum
1576 3570 1649 3607 xv
1678 3553 1877 3611 Tiberii
1904 3556 2157 3623 Caesaris,

575 3636 647 3694 ab
693 3638 1083 3696 instauratione
1123 3642 1342 3712 templi,
1393 3658 1511 3714 qua:
1554 3646 1691 3700 facta
1726 3657 1807 3700 est
1850 3648 1948 3702 sub
1992 3648 2166 3703 altero

575 3744 718 3785 anno
753 3731 893 3787 Darii
927 3735 1069 3804 regis
1100 3734 1408 3801 Persarum,
1439 3738 1567 3792 anni
1598 3754 1795 3794 ωιινιιι
1818 3756 1832 3805 ;
1857 3756 1886 3795 a
1918 3740 2168 3796 Salomo-

576 3838 645 3880 ne
669 3833 845 3879 autem
872 3836 928 3881 et
956 3828 1129 3896 prima
1169 3829 1527 3885 aedificatione
1561 3834 1768 3899 templi,
1795 3836 1918 3887 anni
1943 3850 2165 3904 compu-

576 3921 671 3974 tati
697 3929 820 3974 sunt
849 3937 987 3987 ILX;
1021 3937 1048 3975 a
1074 3923 1255 3995 Moyse
1283 3935 1336 3979 ct
1377 3940 1596 3994 egressu
1628 3926 1841 3979 Israelis
1891 3943 1956 3982 ex
1996 3929 2164 4001 IEgy-

578 4018 672 4079 pto
697 4053 712 4077 ,
744 4015 868 4066 anni
901 4024 923 4051 ε
952 4028 1114 4068 unm
1144 4014 1162 4086 [
1196 4014 1337 4069 Alias
1367 4013 1603 4084 xxxvrtt]
1631 4031 1645 4079 ;
1680 4017 1747 4069 ab
1788 4033 1933 4073 anno
1976 4034 2167 4087 repro-

577 4102 853 4158 missionis
881 4106 1075 4175 primo,
1109 4106 1234 4159 anni
1271 4122 1495 4165 unum
1524 4124 1539 4171 ;
1572 4108 1641 4162 ab
1684 4125 1829 4164 anno
1857 4126 1965 4179 quo
2008 4122 2164 4168 natus

575 4202 660 4250 est
695 4194 987 4261 Abraham,
1032 4196 1159 4249 anni
1190 4194 1216 4232 ά
1246 4212 1499 4264 unum;
1550 4216 1581 4253 a
1610 4199 1814 4255 diluvio
1844 4212 2021 4258 autem
2074 4218 2163 4259 us-

575 4302 683 4357 que
704 4287 768 4340 ad
802 4287 1029 4355 primum
1058 4302 1257 4342 annum
1290 4289 1525 4345 Abraha:
1546 4333 1558 4355 ,
1586 4294 1709 4346 anni
1744 4297 1998 4363 nongenti
2054 4310 2161 4351 χιιι

572 4378 840 4435 Eusebius
867 4382 953 4435 vir
993 4380 1384 4438 disertissimus
1422 4385 1816 4440 annumeravit.
1863 4387 1947 4440 Ab
1987 4388 2157 4443 Adam

577 4487 709 4528 vero
732 4489 901 4542 usque
928 4474 994 4528 ad
1018 4474 1299 4541 diluvium,
1322 4478 1447 4531 anni
1475 4478 1584 4531 duo
1608 4479 1770 4532 millia
1794 4494 1991 4534 ccxut.
2020 4481 2159 4537 Sunt

572 4578 701 4633 ergo
730 4578 921 4620 omnes
948 4565 1076 4620 anni
1106 4566 1174 4621 ab
1202 4567 1395 4628 Adam.
1426 4584 1596 4637 usque
1623 4570 1674 4623 in
1707 4586 1905 4624 annum
1954 4588 2021 4627 xv
2068 4572 2159 4627 Ti-

573 4658 712 4714 berii
744 4659 972 4716 Caesaris
992 4705 1007 4731 ,
1039 4663 1164 4716 anni
1206 4678 1569 4719 nuuuucccu
1599 4675 1687 4718 aut
1715 4681 1967 4721 ccxxvnt.
2015 4668 2156 4723 Anni

568 4765 698 4806 vero
741 4754 1035 4809 secundum
1086 4754 1357 4810 Ceneseos
1417 4758 1735 4825 scripturam
1806 4768 1861 4815 et
1910 4760 2155 4815 Africani

567 4842 810 4899 historici
838 4847 1273 4915 supputationem
1320 4850 1552 4919 amplius
1582 4851 1935 4907 inveniuntur
1962 4868 2152 4907 cxxtx.

554 4956 557 4959 -
639 4942 663 4970 ο
701 4934 924 5000 Quidam
958 4938 1451 5005 putantDominunt
1494 4952 1736 4996 nostrum
1762 4944 1942 4998 Iesum
1988 4944 2149 4998 Chri-

562 5030 705 5079 stum
734 5040 806 5079 xv
835 5041 977 5081 anno
1007 5030 1159 5098 regni
1194 5027 1397 5083 Tiberii
1430 5029 1683 5098 Caesaris,
1711 5033 1761 5086 id
1796 5044 1899 5101 est,
1934 5034 2145 5090 duobus

635 5187 661 5255 ξι
690 5178 975 5255 MsaColb.
1000 5182 1211 5248 unicus,
1242 5192 1286 5235 et
1312 5183 1379 5237 60
1408 5182 1593 5238 millia.
1621 5185 1743 5239 llaac
1779 5186 2067 5255 descriptio
2088 5188 2141 5243 in

562 5248 681 5303 aliis
710 5250 985 5324 codicibus
1013 5254 1316 5322 assignatur
1354 5269 1495 5308 anno
1529 5256 1597 5309 55
1624 5258 1879 5324 Augusti,
1941 5248 1993 5311 in
2024 5260 2144 5313 aliis

562 5333 703 5373 anno
730 5319 820 5375 56.
1129 5319 1150 5322 ⁷
1711 5319 1734 5324 ⁷
1866 5319 1873 5322 ⁷

626 5388 662 5471 ,ιτ
692 5390 959 5471 Articulum
991 5395 1076 5449 hic
1101 5410 1237 5471 cum
1260 5397 1598 5471 scqttenti__in
1624 5398 1890 5454 Chronico
1924 5400 2144 5456 Eusebii

560 5458 798 5587 Eijicitlur
848 5455 905 5522 TE
965 5482 1160 5522 annum
1220 5469 1285 5522 I8
1339 5455 1582 5536 Tiberii,
1657 5480 1777 5539 post
1838 5474 2145 5540 passionem

624 5547 780 5586 IHSI.

635 5572 986 5663 :TnuEusebii
1013 5607 1280 5665 Chr0uic0
1318 5609 1478 5669 1559.

632 5672 659 5712 ιλ
686 5675 841 5744 Apud
873 5679 1185 5745 Eusebium,
1217 5681 1379 5738 ἢθη.

636 5758 658 5784 ⁸
699 5748 871 5823 A_Iinm
912 5749 1074 5819 hujus
1105 5752 1204 5823 loci
1243 5756 1522 5810 IeCtionem
1564 5756 1616 5810 in
1648 5755 1968 5823 quibusdam
2000 5756 2150 5812 codi-

559 5820 710 5874 cibus
737 5820 917 5876 haberi
949 5823 1106 5877 docet
1143 5821 1240 5876 Ph.
1275 5826 1516 5881 Labbeus
1559 5829 1609 5880 in
1641 5820 1929 5883 Auctnario
1972 5828 2150 5884 tom.I

562 5890 812 5947 Biblioth.
840 5909 994 5951 novae
1030 5908 1161 5951 mss.
1189 5910 1311 5966 pag.
1341 5897 1412 5950 22
1440 5899 1686 5957 scilicet:
1722 5902 1945 5967 Ωιιάάαπι
1975 5905 2151 5972 [παίει
2178 5940 2194 5983 ρ

2346 3361 2634 3419 JULIANO
2677 3361 2764 3417 ET
2793 3357 3225 3417 ASPRENATE.

2345 3454 2730 3510 PUBLICOI.A
2761 3454 2849 3509 ΕΤ
2879 3452 3139 3509 NERVA.

2349 3548 2522 3604 Pilato
2577 3548 2645 3603 de
2689 3546 3119 3601 Christianorum
3178 3545 3432 3613 dogmate
3472 3540 3539 3596 ad
3586 3536 3819 3597 Tiberium

2278 3645 2573 3709 referente,
2634 3644 2885 3699 Tiberius
2932 3643 3137 3721 retulit.
3166 3641 3231 3695 ad
3275 3647 3523 3695 senatum
3548 3679 3565 3705 ,
3604 3645 3659 3692 ut
3699 3636 3814 3689 inter

2271 3748 2466 3794 cmtera
2506 3752 2657 3793 sacra
2685 3736 3038 3805 reciperetur.
3088 3733 3293 3789 Verum
3330 3747 3453 3788 cum
3503 3746 3571 3787 ex
3604 3724 3814 3783 consulto

2270 3833 2511 3897 Patrum,
2538 3829 2873 3886 Christianos
2908 3826 3171 3881 eliminari
3224 3826 3367 3881 Urbe
3404 3821 3710 3895 placuisset,
3735 3816 3812 3872 Τί·

2270 3924 2451 3978 berius
2488 3938 2584 3993 per
2622 3922 2861 3976 edictum
2908 3918 3314 3975 accusatoribus
3360 3916 3704 3972 comminatus
3746 3913 3817 3964 est

2270 4028 2520 4074 martem.

2338 4108 2633 4164 CAESARE
2682 4108 2767 4163 ET
2800 4105 3103 4163 IULIANO.

2340 4200 2585 4255 Tiberius
2615 4200 2666 4254 in
2697 4199 2989 4270 Campania
3013 4197 3258 4253 moritur.

2337 4290 2501 4347 Carus
2525 4292 2717 4347 CESAR
2743 4291 3036 4359 Caunum,
3071 4288 3162 4355 IV,
3195 4288 3447 4360 regnavit
3470 4285 3620 4342 annis
3639 4282 3817 4345 tribus,

2265 4383 2541 4439 mensibus
2582 4384 2788 4438 decem.

2334 4477 2636 4534 CES\RE
2673 4478 2715 4532 ll
2764 4478 2853 4534 ET
2878 4476 3298 4535 SATURNINO.

2336 4570 2731 4627 SATURNINO
2762 4570 2804 4623 II
2866 4570 2955 4625 ET
2986 4567 3325 4625 VENUSTO.

2183 4668 2253 4759 θ’
2334 4662 2610 4720 TIBERIO
2639 4663 2727 4718 ET
2758 4662 3008 4759 (ξΑιμο.

2336 4757 2454 4811 iIoc
2501 4767 2743 4827 tempore
2775 4756 2998 4812 Pontius
3040 4756 3241 4811 Pilatus
3280 4756 3333 4809 in
3375 4753 3570 4809 multas
3607 4746 3831 4806 incidens

2264 4848 2619 4916 calamitates,
2648 4841 2866 4919 propria
2893 4864 2954 4904 se
2978 4863 3138 4903 manu
3173 4845 3468 4903 interfecit.

2333 4939 2575 5010 Caligula
2602 4957 2724 4996 cum
2744 4956 2807 4997 se
2834 4941 2887 4995 in
2937 4940 3067 4997 deos
3095 4939 3399 5008 retulisset,
3431 4935 3671 4995 Petronio
3695 4944 3836 5001 pra:—

2253 5036 2397 5091 fecto
2433 5032 2604 5105 Syria:
2638 5032 2917 5104 praecepit,
2949 5042 3008 5089 ut
3032 5030 3384 5101 Jerosolymis
3412 5038 3634 5087 statuam
3661 5036 3835 5087 suam,

2248 5206 2397 5265 anno,
2418 5188 2483 5265 I8
2511 5188 2703 5243 Tiberii
2727 5187 2905 5265 {esum
2931 5188 3192 5265 Christum
3217 5204 3447 5265 possunt.
3488 5186 3554 5265 Et
3574 5190 3893 5265 argttmcrt-Ii

2249 5272 2357 5315 tum
2380 5263 2499 5315 huic
2527 5265 2600 5315 rei
2631 5278 2691 5314 ea:
2712 5260 3003 5333 Evangeiio
3032 5258 3297 5333 assumunt
3343 5258 3563 5333 Joannis
3602 5274 3621 5310 :
3654 5258 3698 5307 iu
3724 5258 3866 5317 qum

2252 5346 2363 5400 post
2394 5333 2461 5386 15
2484 5349 2676 5385 annum
2705 5328 2899 5386 Tiberii
2926 5331 3142 5387 (laseris
3165 5332 3385 5384 triennio
3408 5328 3677 5382 Dominum
3697 5338 3849 5400 ρτςτη

2252 5392 2452 5472 dicasse
2492 5406 2811 5470 intelligitur.
2868 5404 2974 5459 Sed
3017 5404 3137 5472 quia
3156 5402 3429 5472 “usitatior
3454 5400 3653 5453 traditio
3689 5392 3850 5472 habet

2253 5471 2529 5545 Dominum
2578 5465 2809 5528 nostrum
2857 5473 2925 5529 15
2970 5465 3106 5527 anno
3150 5470 3346 5526 Tiberii
3392 5470 3607 5545 Cesaris
3649 5465 3854 5545 (1&9!!!le

2253 5540 2479 5597 Gntms
2518 5545 2812 5599 consulibus
2858 5545 3163 5615 cruciﬁxum
3190 5586 3205 5609 ,
3248 5559 3339 5597 nos
3391 5544 3499 5596 sine
3542 5532 3855 5615 prwjttdicio

2254 5616 2466 5685 alterius
2497 5616 2776 5685 opinionis,
2810 5608 3150 5671 successiones
3179 5608 3493 5683 Sequentium
3524 5608 3789 5685 consulum
3816 5620 3859 5660 α

2252 5684 2361 5739 suis
2391 5684 2736 5740 consulatibus
2768 5689 3026 5742 ordiemur
3051 5703 3069 5741 :
3094 5697 3330 5741 manente
3360 5684 3676 5740 annotatione
3698 5685 3859 5730 tem-

2252 5772 2434 5834 porum
2462 5773 2574 5826 quit
2598 5762 2846 5830 cujusque
2868 5761 3141 5834 imperium
3166 5758 3362 5834 Ιιᾳὺυὶι.
3689 5833 3698 5834 ί
3739 5819 3761 5834 ,
3787 5819 3833 5834 ,,

2327 5825 2347 5865 ί
2390 5819 2962 5885 ΑιιέιιιθτιῖιιῐιίυιηᾸ
3003 5828 3258 5886 Biblioth.
3325 5843 3478 5885 nove
3512 5839 3634 5885 mss.
3680 5819 3864 5879 lddi!

2250 5917 2284 5952 α
2315 5903 2550 5973 passione
2575 5901 2643 5957 D.
2676 5900 2751 5956 N.
2782 5900 2837 5957 Ι.
2873 5900 2933 5957 C.
