4006 6356
162 384 275 449 stis
684 327 691 329 I
1414 327 2231 441 ciinoutcoii'ixrcdnuu‘.
3342 366 3449 430 55!.

161 505 266 563 sub
318 500 541 562 nomine
594 499 747 560 Jovis
804 498 1005 573 Optimi
1062 499 1276 557 Maximi
1333 511 1603 573 poneret:
1662 500 1757 557 sed
1786 509 1834 569 Α
1864 501 2033 556 rimos
2055 500 2162 555 sibi
2192 497 2491 572 associans,
2516 494 2573 554 in
2623 493 2743 567 ipso
2775 506 3093 565 magnarum
3140 505 3322 549 rerum
3354 506 3453 549 co-
3524 544 3530 560 ,

162 597 331 654 etiam
364 608 465 669 per
504 604 674 651 totum
701 593 892 650 orbem
920 593 1153 649 Romani
1182 594 1426 665 imperii,
1455 597 1509 651 in
1539 594 1755 651 Judaeo-
1863 604 1991 651 natu
2019 609 2114 664 per
2158 593 2458 651 exercitum
2501 591 2698 648 Felicis
2745 589 3101 661 opprimitur,
3147 586 3453 645 secundum
3526 577 3532 583 ’

162 707 288 751 mm
318 691 620 765 Synagogis
650 698 864 758 statuae,
892 697 947 745 et
983 688 1244 760 imagines
1264 731 1280 758 ,
1308 700 1363 748 et
1406 704 1515 748 arae
1545 688 1609 746 Ο.
1636 686 1759 746 Cm-
1861 686 2008 760 quod
2042 686 2095 741 in
2128 686 2351 743 Actibus
2379 686 2765 759 Apostolorum
2796 682 2964 738 Paulo
2994 679 3226 737 dicitur:
3263 677 3455 735 Nonne

162 789 310 846 saris
343 785 828 843 consecrabantur.
1862 790 1918 835 tu
1948 796 2000 836 es
2031 778 2335 851 ngyptt'us,
2354 781 2439 850 qui
2466 789 2584 834 ante
2612 776 2704 832 hos
2732 776 2842 831 dies
2864 774 3135 832 concitasti
3156 781 3203 829 et
3229 770 3460 829 eduxisti

230 879 555 939 CRISPINO
581 878 671 935 ET
698 876 953 935 TAURO.
1863 874 1917 928 in
1941 873 2201 927 desertum
2224 880 2445 944 quatuor
2463 871 2632 927 millia
2658 870 2886 926 uirorum
2910 870 2935 923 ?

234 974 464 1031 Plurimi
487 972 745 1029 nobilium
776 986 808 1027 a
847 972 975 1027 Caio
1006 971 1296 1028 interfecti.
1934 968 2213 1026 NERONE
2242 968 2333 1025 ΕΤ
2360 968 2662 1025 VETERE.

231 1066 402 1122 Caius
426 1080 456 1120 a
486 1062 879 1136 protectoribus
908 1064 1021 1120 suis
1050 1065 1104 1121 in
1135 1064 1337 1135 palatio
1367 1063 1652 1120 occiditur.
1934 1051 2215 1120 NERONE
2245 1062 2291 1119 II
2340 1062 2429 1119 ET
2471 1060 2741 1119 PlSONE.

234 1160 527 1226 CLAUDIUS,
562 1158 628 1227 ν,
678 1160 924 1230 regnavit
962 1160 1118 1215 annis
1166 1174 1281 1226 xm,
1326 1158 1606 1215 mensibus
1644 1173 1759 1227 vnt,
1932 1158 2188 1216 Claudius
2235 1160 2465 1215 moritur
2515 1159 2569 1213 in
2624 1157 2871 1228 Palatio,
2918 1171 3063 1214 anno
3119 1153 3294 1214 inlatis
3339 1167 3460 1215 sua:

162 1253 361 1313 diebus
392 1268 579 1310 xxvni.
630 1250 751 1321 Ipse
780 1261 864 1309 est
901 1252 1154 1309 Claudius
1182 1260 1404 1322 patruus
1433 1252 1623 1319 Drusi,
1664 1251 1758 1323 qui
1866 1269 2010 1311 thv.
3469 1266 3483 1315 ι

163 1350 311 1423 apud
355 1348 751 1420 MOguntiacum
781 1346 1173 1403 monimentum
1197 1345 1383 1403 habet.
1936 1348 2111 1417 Nsno,
2130 1349 2221 1419 Vl,
2252 1358 2441 1421 regnat
2460 1349 2617 1406 annis
2652 1364 2770 1417 xnt,
2800 1347 3077 1404 mensibus
3107 1362 3214 1414 vn,
3260 1356 3317 1403 et
3345 1346 3461 1404 die-

234 1441 497 1499 VINICIO
547 1440 637 1496 ET
683 1438 1052 1497 CORNELIO.
1866 1445 1968 1503 bus
1998 1460 2169 1501 xxvni
2205 1457 2298 1502 aut
2340 1462 2471 1502 xxx.
2517 1444 2687 1516 Hujus
2728 1442 3034 1501 avunculus
3068 1442 3171 1499 fuit
3206 1442 3263 1500 C.
3315 1440 3461 1497 Cali-

231 1532 561 1593 ASIATICO
602 1533 694 1590 ET
747 1533 1018 1592 SILANO.
1865 1538 2010 1609 gula.

234 1627 461 1685 Penus
492 1628 791 1720 apostolus.
814 1642 937 1683 cum
970 1625 1201 1698 primum
1234 1626 1631 1686 Antiochenam
1656 1623 1764 1682 Ec-
1939 1630 2223 1687 NERONE
2277 1632 2347 1687 Ill
2393 1632 2483 1687 ET
2510 1630 2846 1688 MESSALA.

165 1718 390 1778 clesiam
420 1718 981 1787 fundasset,'Romam
1030 1720 1386 1791 proficiscitur
1408 1762 1423 1788 ,
1452 1719 1543 1775 ubi
1583 1718 1763 1774 Evan-
1937 1723 2220 1780 NERONE
2245 1724 2308 1780 IV
2343 1724 2433 1781 ET
2454 1722 2827 1781 CORNELIO.

164 1814 367 1887 gelium
393 1813 700 1886 praedicans
728 1830 833 1871 xxv
874 1814 1030 1872 annis
1064 1814 1309 1886 ejusdem
1355 1814 1507 1873 urbis
1546 1814 1759 1888 episco-
1939 1819 2129 1876 Festus
2178 1819 2420 1876 succedit
2474 1820 2690 1889 Felici,
2729 1819 2872 1892 apud
2927 1835 3087 1892 quem
3121 1861 3138 1890 ,
3192 1826 3468 1891 praesente

166 1925 270 1983 pus
300 1920 635 1983 perseverat.
1792 1904 1840 1965 B
1870 1912 2105 1985 Agrippa
2127 1928 2275 1985 rege,
2306 1914 2503 1971 Paulus
2532 1914 2812 1985 apostolus
2850 1914 3132 1986 religionis
3157 1928 3271 1971 sua:
3290 1912 3469 1970 ratio-

233 1988 521 2062 ἰιιιιῗιιιο
570 2005 615 2062 ιι
645 2004 734 2062 ET
760 2004 1105 2063 VITELLIO.
1868 2021 1993 2063 nem
2025 2006 2352 2075 redditurus,
2397 2009 2611 2064 vinctus
2640 2007 2869 2063 Romam
2898 2007 3150 2064 mittitur.

236 2100 453 2157 Marcus
501 2099 831 2172 evangelista
890 2101 1159 2171 interpres
1214 2100 1364 2158 Petri
1420 2098 1654 2173 )Egypto
1705 2106 1762 2156 et
1936 2099 2082 2157 Nero
2110 2100 2513 2158 tantzeluxurlaa
2536 2101 2654 2167 fuit,
2688 2099 2978 2172 utfrigidis
3006 2109 3061 2158 et
3085 2100 3273 2157 calidis
3299 2101 3467 2157 lava-

168 2192 515 2252 Alexandria:
541 2191 817 2250 Christum
842 2196 1148 2251 annuntiat.
1867 2204 1953 2253 ret
1988 2196 2275 2267 unguentis
2297 2238 2315 2264 ,
2355 2196 2671 2268 retibusque
2720 2195 2900 2252 aureis
2944 2194 3278 2268 piscaretur,
3338 2208 3466 2266 qua

236 2289 456 2346 .nitium
487 2288 625 2361 cycli
654 2288 834 2360 primi.
1866 2290 2152 2359 purpureis
2182 2288 2402 2346 funibus
2434 2288 2890 2346 extrahebantur.

242 2380 570 2440 VITELLIO
596 2379 644 2436 II
674 2378 763 2437 ET
794 2368 1201 2437 PUBLICOLA.
1937 2380 2048 2437 PIO
2080 2381 2167 2438 ET
2198 2380 2640 2440 TURPILIANO.

238 2474 456 2532 Primus
473 2473 775 2530 Antiochiae
804 2473 1085 2532 ordinatus
1114 2474 1403 2547 episcopus
1432 2474 1691 2533 Evodius.
1937 2460 2243 2530 MARBINO
2274 2474 2362 2531 ET
2389 2474 2640 2531 GALLO.

240 2565 505 2623 VERINO
526 2564 615 2621 ET
639 2564 892 2623 GALLO.
1938 2566 2206 2623 CRASSO
2236 2567 2326 2623 ET
2370 2566 2614 2624 BASSO.

241 2658 531 2716 VETERE
563 2657 653 2715 ET
680 2658 1132 2719 NERVILIANO.
1938 2658 2231 2717 SILVANO
2262 2659 2353 2716 ET
2386 2658 2709 2717 PAULINO.

241 2754 428 2811 Censu
453 2752 642 2809 Roma:
667 2762 812 2823 acto,
837 2753 1052 2811 inventa
1073 2763 1200 2812 sunt
1228 2756 1429 2813 civium
1448 2770 1615 2813 mm
1639 2768 1769 2813 cen-
1939 2752 2083 2811 Nero
2107 2753 2459 2827 Agrippinam
2486 2760 2716 2813 matrem
2748 2765 2900 2810 suam
2943 2759 3001 2810 et
3026 2765 3272 2812 sororem
3296 2752 3469 2824 patris

178 2855 312 2906 tona
337 2855 396 2903 et
432 2856 457 2883 ι
489 2861 611 2902 ιιιν
642 2860 737 2903 seu
772 2862 895 2903 xuv
933 2847 1123 2904 millia.
1870 2846 2167 2904 interfecit.

248 2938 421 3012 705
442 2938 715 2996 Paschalis
753 2941 887 3011 cycli
930 2944 1069 2999 ratio
1095 2942 1165 2999 ab
1207 2942 1290 2999 his
1324 2946 1645 3003 consulibus
1680 2943 1770 3002 in-
1942 2940 2177 2998 Iacobus
2206 2940 2376 2999 frater
2399 2942 2635 3011 Domini,
2654 2954 2815 3012 quem
2836 2954 3028 2997 omnes
3052 2940 3264 2997 Iustum
3285 2938 3469 3017 appel-

176 3038 369 3109 cmpit,
414 3052 510 3108 per
564 3050 738 3094 annos
783 3052 961 3107 xxcrv,
997 3049 1053 3095 et
1090 3037 1160 3095 ad
1185 3038 1433 3098 eamdem
1468 3041 1645 3113 legem
1684 3053 1773 3098 re-
1876 3035 2093 3105 labant,
2138 3052 2171 3093 a
2220 3036 2424 3094 ludatis
2473 3036 2748 3108 lapidibus
2804 3035 3163 3107 opprimitur:
3211 3034 3264 3090 in
3313 3032 3472 3105 cuius

178 3138 421 3188 vertens.
1877 3130 2138 3189 thronum
2166 3130 2389 3190 Simeon
2420 3131 2691 3189 secundus
2731 3131 3045 3187 assumitur.

245 3222 552 3281 CLAUDIO
579 3222 667 3281 ET
695 3224 1018 3282 ORPHITO.
1946 3223 2092 3281 Nero
2118 3239 2307 3281 omnes
2337 3223 2547 3281 cithara
2590 3222 2928 3281 contendens
2949 3230 3191 3293 superat.
3492 3232 3499 3274 i

248 3318 363 3375 Sub
389 3327 750 3391 procuratore
767 3318 968 3375 Iudaeis
982 3318 1292 3377 Cumanoin
1320 3320 1513 3379 diebus
1543 3321 1774 3394 Alymo-
1800 3299 1848 3367 C
1952 3317 2243 3375 CELSINO
2274 3317 2365 3373 ET
2392 3315 2712 3375 APULEIO.

178 3426 317 3479 rum,
352 3420 508 3469 tanta
534 3419 620 3469 est
644 3411 998 3484 Jerosolymis
1025 3422 1143 3469 orta
1182 3414 1401 3483 seditio,
1427 3424 1486 3471 ut
1514 3415 1566 3470 in
1598 3423 1780 3487 porta—
1950 3416 2089 3471 Ante
2114 3428 2355 3471 mensam
2379 3413 2613 3471 Neronis
2641 3412 2844 3470 fulmen
2871 3412 3089 3469 cecidit.

178 3516 296 3562 rum
318 3505 474 3562 exitu
494 3506 695 3578 populo
716 3516 1028 3577 corruente,
1065 3506 1095 3547 ι)
1128 3524 1294 3565 xxxiv
1341 3508 1512 3565 millia
1557 3507 1777 3565 Judaeo-
1950 3507 2083 3563 Post
2108 3508 2350 3563 Marcum
2390 3505 2810 3577 evangelistam,
2848 3506 3055 3576 primus
3089 3504 3471 3563 Alexandrina

180 3612 296 3655 rum
329 3598 622 3672 perierint.
1298 3634 1303 3639 ι
1878 3598 2135 3655 Ecclesia:
2179 3598 2461 3653 ordinatur
2520 3597 2809 3677 episcopus
2848 3596 3108 3653 Anianus.
3488 3592 3493 3596 ’

251 3693 549 3765 Prophetia
574 3694 767 3767 Agabi,
792 3697 884 3767 qui
912 3696 966 3751 in
991 3696 1144 3754 Actis
1169 3695 1554 3768 Apostolorum
1581 3694 1775 3754 famem
1952 3689 2115 3763 705
2143 3687 2491 3744 CAPITONE
2526 3687 2612 3742 ET
2641 3686 2846 3743 RUFO.

181 3784 238 3844 in
265 3795 382 3844 toto
412 3788 550 3845 orbe
592 3786 830 3844 futuram
856 3788 1092 3857 dixerat,
1126 3790 1225 3847 sub
1252 3790 1479 3846 Claudio
1507 3789 1777 3859 expletur.
1953 3781 2133 3839 SILIO
2162 3779 2439 3837 ITALICO
2468 3780 2559 3835 ET
2583 3778 3023 3836 TURPILIANO.

250 3878 489 3936 Thracia
515 3878 621 3936 huc
668 3896 841 3952 usque
897 3893 1118 3955 regnata
1138 3883 1256 3956 ,|in
1303 3883 1637 3954 provinciam
1693 3896 1781 3939 re-
1954 3874 2248 3936 SILVANO
2272 3876 2361 3932 ET
2390 3874 2690 3932 OTHONE.

179 3973 410 4046 digitur.
1954 3971 1997 4026 Υ
2010 3966 2391 4026 ESPASIANO
2423 3967 2511 4023 ET
2540 3966 2723 4023 TITO.

251 4067 511 4126 διωΝο
533 4068 622 4124 ΕΤ
648 4069 848 4127 SILIO.
1956 4060 2388 4120 VESPASIANO
2414 4060 2460 4116 II
2490 4059 2580 4115 ET
2606 4057 2766 4114 TITO
2792 4058 2854 4113 ll.

251 4160 543 4218 TIBERIO
577 4161 645 4218 III
678 4163 765 4219 ΕΤ
798 4141 1165 4221 ANTONINO.
1956 4154 2384 4215 VESPASIANO
2414 4152 2484 4209 III
2513 4152 2603 4208 ET
2624 4150 2882 4208 NERVA.

250 4253 507 4312 SILANO
540 4255 628 4311 ET
668 4255 964 4313 OTllONE.
1956 4250 2097 4307 Nero
2153 4250 2209 4305 in
2254 4246 2572 4321 Olympiaco
2619 4258 2792 4315 agone
2857 4252 3167 4313 coronatur,
3231 4260 3477 4319 cerycas,

251 4346 461 4403 Paulus
486 4347 765 4419 apostolus
795 4348 937 4419 apud
973 4349 1211 4408 Felicem
1244 4358 1654 4423 procuratorem
1682 4342 1783 4409 ιιῖ.
1806 4331 1839 4391 θ
1868 4332 2226 4414 δίιὶιτιιίειιιε,
2259 4339 2557 4414 tragmdos,
2589 4338 2825 4409 aurigas,
2857 4338 3008 4395 vario
3047 4338 3345 4397 certamine
3386 4355 3477 4397 su-

180 4438 320 4497 dem
354 4440 412 4496 in
436 4440 809 4499 defensionem
833 4442 917 4497 sui
945 4452 1182 4512 perorat.
1885 4455 2106 4513 perans.
3501 4462 3513 4492 .-

255 4515 517 4587 SILANO
546 4529 591 4586 Il
622 4530 711 4588 ET
740 4532 1112 4591 ANTONINO.
1957 4538 2123 4606 Nero,
2154 4545 2215 4593 ut
2257 4536 2672 4595 similitudinem
2732 4530 2911 4598 Trojre
2952 4530 3196 4586 ardentis
3246 4527 3477 4596 videret,

254 4621 711 4681 MARCELLINO
750 4625 837 4682 ET
867 4626 1145 4684 AVIOLA.
1809 4692 1857 4704 _
1886 4632 2175 4704 plurimam
2207 4637 2418 4702 partem
2448 4629 2707 4686 Romanas
2733 4627 2884 4682 urbis
2914 4622 3174 4681 incendit.

252 4717 376 4773 Sub
402 4716 588 4774 Felice
628 4727 985 4789 procuratore
1020 4720 1225 4779 Judaaae
1277 4726 1601 4783 exstiterunt
1624 4725 1783 4783 multi
1809 4692 1906 4756 Β.
1960 4692 2239 4781 Musonius
2271 4732 2326 4779 et
2376 4719 2703 4778 Plutarchus
2748 4716 3055 4789 philosolihi
3104 4713 3346 4787 insignes
3386 4712 3477 4768 has

176 4812 275 4883 qui
301 4812 562 4884 populum
596 4827 693 4869 sua
740 4815 1093 4885 persuasione
1114 4816 1445 4889 deciperent.
1476 4820 1622 4879 Inter
1648 4833 1784 4893 quos
1891 4822 2107 4879 bentur.

176 4916 236 4966 et
267 4907 566 4982 Egyptius
594 4908 815 4981 quidam
861 4909 1339 4984 pseudopropheta
1379 4915 1497 4984 fuit;
1542 4917 1635 4989 qui
1663 4916 1782 4990 plu—
1962 4915 2135 4973 Ριιιιυι
2174 4927 2516 4972 unusnon-no.
2554 4922 2577 4952 α
2615 4909 2825 4969 Primus
2857 4908 3035 4978 Nero,
3086 4918 3249 4977 super
3297 4902 3476 4967 omnia

854 5110 873 5143 \

251 5179 283 5211 ι
312 5170 375 5228 In
394 5167 667 5227 Chronico
688 5167 908 5228 Eusebii
950 5176 1076 5227 sunt
1100 5179 1223 5241 post
1250 5168 1322 5227 68
1350 5176 1582 5236 centena,
1613 5174 1663 5223 et
1707 5165 1778 5223 44
1880 5166 2047 5225 solum
2095 5166 2724 5241 auctore‘Suetoniogcd
2757 5163 2910 5218 etiam
2937 5162 3051 5231 ipso
3087 5161 3229 5241 L'uca
3266 5156 3383 5241 Act:
3407 5174 3478 5241 xv

171 5226 380 5299 millia:
411 5226 419 5227 ί
520 5226 527 5227 ί
746 5226 749 5227 ν
966 5226 969 5227 ν
1100 5226 1147 5253 ’⁷
1184 5226 1190 5227 ί
1264 5226 1269 5227 ν
1569 5226 1582 5236 ’
1882 5249 1933 5295 et
1964 5254 2091 5294 xviii
2125 5238 2413 5293 :Claudius
2434 5226 2756 5293 Christianos
2784 5243 2935 5288 antea
2960 5226 3077 5286 cum
3100 5229 3303 5284 luditis
3338 5229 3477 5285 Urbe
3513 5226 3533 5257 Γ

247 5313 282 5353 ι’
315 5313 475 5385 Apud
508 5314 803 5371 Eusebium
831 5321 1185 5370 numerantur
1210 5310 1417 5369 tantum
1436 5312 1659 5385 5000οκ
1885 5310 2170 5385 expulerat.
2201 5310 2458 5385 Alterum,
2489 5326 2604 5364 eum
2635 5313 2817 5385 forsan
2844 5304 3078 5385 loquittte
3128 5303 3479 5385 persecutione

254 5397 279 5423 ε
314 5378 435 5441 Duo
464 5386 906 5442 animaduersione
931 5385 1090 5451 digna
1124 5386 1212 5441 hic
1246 5394 1399 5441 notat
1432 5384 1602 5439 Illust.
1632 5383 1779 5441 Pon-
1888 5378 1983 5437 hoc
2020 5398 2157 5437 anno
2187 5382 2344 5451 facta,
2375 5397 2477 5436 non
2520 5392 2624 5435 tant
2663 5387 2717 5431 ut
2768 5378 2879 5447 ejus
2921 5378 3124 5451 initium
3162 5388 3249 5427 seu
3281 5382 3479 5451 motum

171 5468 346 5513 lacus
394 5457 463 5513 ad
514 5457 659 5514 hunc
711 5458 933 5513 locum:
976 5446 1216 5512 Primum
1253 5456 1395 5529 quod,
1432 5466 1611 5510 auctor
1651 5456 1783 5529 Itane
1890 5454 2077 5524 prodat
2098 5462 2154 5529 _et
2187 5446 2421 5529 indicet,
2454 5467 2624 5529 quitur
2649 5458 2724 5529 ut,
2746 5446 2859 5519 ejus
2908 5446 3177 5529 occasione
3220 5446 3480 5529 αἰνίγματι

170 5530 599 5602 persecutionem
627 5530 682 5584 in
713 5529 1030 5602 Christianos
1065 5514 1290 5602 nomine}
1318 5528 1560 5602 prirnum,
1592 5528 1781 5602 veldi—
1892 5514 2195 5602 martyrium
2223 5514 2437 5602 Petriet
2464 5514 2645 5602 Pauli.
2672 5514 2810 5599 Nam
2836 5526 3030 5602 certum
3074 5526 3147 5571 est
3176 5514 3473 5602 ercil'acito,

167 5587 266 5656 cat
301 5598 567 5681 Neronem
619 5587 1511 5681 primum_illamnea:citasse'._Nant
1538 5587 1783 5681 intelligit
1888 5596 1978 5679 lib.
2004 5587 2097 5681 xiv,
2131 5597 2535 5677 persecutionem
2562 5590 3033 5681 Neronis-ereptam
3054 5587 3476 5681 annali).

166 5688 291 5727 non
314 5671 485 5726 solum
510 5673 575 5727 de
786 5673 1081 5739 universali,
1105 5690 1196 5729 seu
1220 5673 1449 5745 gentium
1466 5671 1619 5795 jqute
1646 5659 1782 5725 enim
1888 5668 1956 5722 rii
1985 5659 2412 5740 ejus,'occasione
2438 5663 2662 5717 incendii
2685 5660 2826 5714 urbis
2851 5659 3051 5727 Romae,
3084 5670 3131 5714 et
3158 5668 3213 5712 ut
3245 5667 3471 5739 territen-

170 5752 441 5795 narratur
470 5743 585 5795 Act.
615 5759 746 5795 xvm
792 5745 891 5795 fuit
923 5744 1249 5795 particulam
1295 5744 1349 5795 in
1391 5741 1461 5795 Ju
1503 5759 1580 5795 tea
1608 5752 1655 5795 et
1682 5741 1784 5795 Sa-
1889 5741 1952 5793 tis
1974 5750 2021 5793 et
2043 5739 2311 5795 suppliciis
2334 5736 2745 5790 Christianorum
2779 5730 3006 5786 aboleret
3047 5744 3301 5785 rumorem
3332 5729 3471 5781 illius

170 5752 441 5820 narratur
470 5729 755 5820 Act_.'x_v1_u_
791 5745 902 5820 fuit
923 5729 1265 5820 particularii
1295 5744 1349 5797 in
1391 5729 1580 5799 Judt'ea
1608 5741 1784 5820 et_Sa-
1889 5741 1952 5820 εἰς
1974 5729 2024 5793 εἷ
2043 5729 2311 5820 suppliciis
2334 5736 2745 5820 Christianorum
2772 5730 3006 5820 aboleret
3047 5729 3475 5820 raptarent-illius

167 5815 388 5882 maria,
408 5826 454 5869 et
482 5834 517 5886 a
539 5803 902 5886 Judteis),'sed
919 5803 1073 5869 'etiam
1102 5814 1162 5869 de
1186 5815 1353 5884 prima
1376 5824 1606 5868 cruenta.
1635 5813 1785 5869 Unde
1888 5803 2209 5886 incertdii,'et
2239 5809 2576 5877 exstingueret
2607 5804 2781 5859 odium
2809 5803 2948 5874 quod
2974 5810 3241 5874 propterea
3296 5814 3473 5852 omnes

165 5888 453 5957 eleganter
474 5884 828 5942 Tertullianus
855 5888 909 5940 in
932 5886 1212 5957 Scorpiaco
1242 5886 1455 5957 cap._IL
1480 5903 1491 5937 :
1522 5886 1783 5939 Orientem
1888 5884 1943 5938 in
1971 5898 2087 5938 eum
2111 5888 2469 5951 conceperant.

166 5955 362 6031 ﬁdem
398 5957 543 6014 Nero
575 5958 769 6028 primus
809 5956 990 6013 Roma:
1017 5955 1319 6013 cruentavit.
1352 5955 1414 6015 Si
1442 5957 1655 6028 quidem
1682 5973 1784 6012 non

484 6054 763 6114 Pnnon.
812 6049 892 6112 LI
900 6094 912 6110 .
2002 6120 2007 6127 Δ

2254 6064 2259 6073 ς
2940 6037 3020 6100 18

3486 6006 3517 6026 ‘v

3512 6033 3537 6050 κ
