4006 6356
521 325 632 386 583
1770 313 1825 373 S.
1869 315 2207 374 PROSPERI
2250 312 2577 387 AQUITANI
3684 314 3769 383 556

521 444 732 502 scelera
760 454 876 506 sua,
910 438 1071 495 etiam
1106 435 1537 507 persecutionem
1571 434 1624 491 in
1654 432 1988 489 Christianos
2028 434 2102 487 fa-
2131 435 2187 497 Α
2280 433 2502 499 Achaia,
2534 431 2723 505 Lycia,
2758 430 3004 498 Rhodus,
3054 430 3393 505 Byzantium,
3424 422 3632 507 sentos,
3660 429 3770 488 Cili-

642 490 697 591 in
726 546 831 604 qua
858 490 1050 587 I’etrus
1071 490 1125 586 et
1158 527 1357 585 Paulus
1389 526 1626 600 apostoli
1657 524 1897 597 gloriose
1928 524 2117 580 Romae
2220 526 2325 594 cia,
2349 490 2679 599 Comage'ne,
2712 541 2834 598 quae
2861 533 2984 581 ante
3008 490 3193 583 libera:
3221 522 3321 580 sub
3351 490 3564 595 regibbs
3587 490 3637 579 et
3659 525 3771 585 ami-

522 627 911 685 occubuerunt.
2052 618 2055 621 ’
2220 618 2303 675 cis
2330 628 2508 686 erant,
2540 620 2594 676 in
2623 617 2935 690 provincias
2962 615 3221 674 redactae.

592 717 725 773 Post
770 717 986 773 Petrum
1021 714 1225 786 primus
1275 714 1574 772 Romanam
1617 714 1918 773 Ecclesiam
1948 711 2122 770 tenuit
2292 713 2729 773 VESPASIANO
2760 711 2876 769 VIII
2904 712 2990 768 ET
3022 710 3182 767 ΤΙΤο
3212 709 3325 768 VII.

520 811 685 867 LINUS
717 819 743 848 ι
773 809 929 866 annis
959 823 1032 863 xu
1062 808 1179 864 sive
1207 822 1324 864 xm.
2292 808 2725 867 VESPASIANO
2752 808 2825 864 IX
2854 807 2945 863 ET
2970 804 3129 867 ΤΙΤο
3157 803 3296 867 VIII.

592 906 959 977 Vespasianus
990 903 1248 974 magister
1278 902 1487 959 militiae
1526 901 1593 960 ad
1631 902 1989 962 debellandos
2028 901 2122 959 Ju-
2294 902 2591 960 SILVANO
2620 902 2709 958 ET
2740 900 2949 957 VERO.

524 1002 672 1056 daaos
700 1014 728 1053 a
760 997 973 1053 Nerone
1003 997 1256 1053 mittitur.
2298 995 2679 1052 DOMITIANO
2709 992 2798 1050 ET
2828 989 3245 1051 MESSALINO.

596 1090 1024 1148 VESPASIANO
1050 1090 1120 1147 IV
1147 1091 1234 1146 ET
1263 1088 1425 1147 ΤΙΤο
1456 1089 1547 1147 ΙΙΙ.
2298 1088 2671 1147 DOMITIANO
2708 1086 2753 1143 II
2780 1086 2869 1144 ET
2896 1086 3082 1144 RUFO
3106 1085 3171 1145 Il.

592 1183 957 1254 Vespasianus
978 1183 1191 1239 duobus
1220 1183 1425 1254 praeliis
1464 1191 1751 1256 superatos
1792 1184 2013 1241 Iudaeos
2052 1183 2121 1240 ad
2299 1184 2663 1255 Vespasianus
2700 1182 2845 1239 circa
2875 1180 3108 1240 Sabinos
3146 1180 3201 1239 in
3235 1178 3366 1241 villa
3401 1180 3614 1255 propria
3641 1181 3775 1243 mori-

524 1293 709 1335 muros
735 1277 1038 1347 compellit.
2229 1287 2338 1347 tur,
2362 1293 2506 1334 anno
2528 1276 2703 1333 mtatis
2734 1272 2755 1315 ί
2781 1291 2929 1334 uix.

595 1372 897 1429 Antiochiae
928 1371 1203 1428 secundus
1224 1372 1513 1443 episcOpus
1542 1371 1831 1429 ordinatur
1857 1373 2121 1445 Iguatius.
2302 1376 2494 1445 Tt-rus,
2523 1371 2663 1441 VIII,
2714 1370 2967 1444 regnavit
3014 1381 3041 1423 ε
3081 1367 3241 1431 annis
3293 1368 3489 1437 tribus,
3543 1369 3776 1433 mensibus

594 1468 736 1524 Nero
779 1482 903 1523 cum
956 1482 985 1521 a
1034 1466 1241 1523 Senatu
1282 1478 1623 1538 qutureretur
1673 1468 1740 1523 ad
1785 1482 2029 1539 poenam,
2060 1465 2126 1522 de
2230 1469 2461 1525 duobus.

521 1564 732 1621 Palatio
762 1563 989 1633 fugiens,
1018 1562 1087 1619 ad
1116 1570 1370 1634 quartum
1404 1561 1568 1619 Urbis
1602 1563 1918 1618 milliarium
1952 1569 2129 1618 semet
2303 1564 2454 1620 Titus
2483 1560 2801 1634 Vespasiani
2831 1558 2973 1616 ﬁlius
3013 1557 3065 1614 in
3096 1565 3329 1630 utraque
3362 1554 3541 1631 lingua
3567 1552 3777 1615 disertis-

525 1656 817 1713 interfecit.
2234 1658 2402 1714 simus
2433 1655 2553 1724 fuit,
2577 1662 2821 1711 ettanta:
2861 1650 3141 1721 bonitatis,
3174 1660 3235 1709 ut
3280 1665 3402 1706 eum
3451 1648 3666 1723 quadam
3710 1647 3779 1707 die

594 1751 980 1817 Vssrssuuus,
1015 1750 1127 1817 VII,
1158 1750 1412 1821 regnavit
1441 1750 1601 1805 annis
1626 1766 1701 1817 ix,
1739 1746 2020 1805 mensibus
2050 1762 2125 1815 Ix,

2235 1750 2552 1809 recordatus
2594 1747 2786 1803 fuisset
2812 1745 2866 1801 in
2896 1761 3073 1816 caena,
3101 1761 3161 1802 se
3190 1743 3323 1801 nihil
3352 1743 3406 1799 in
3451 1742 3541 1803 illa
3586 1742 3664 1800 die
3689 1743 3780 1803 cui-

533 1851 589 1901 et
618 1843 813 1899 diebus
841 1858 953 1897 xm
983 1855 1078 1898 seu
1102 1857 1253 1897 χχιχ.
2161 1837 2209 1899 Β
2234 1861 2391 1917 quam
2415 1841 2755 1913 praestitisse,
2785 1838 3005 1906 dixerit,
3024 1839 3222 1906 Amici,
3242 1836 3403 1894 hodie
3428 1835 3568 1893 diem
3586 1835 3778 1911 perdidi.

604 1934 1039 1993 VESPASIANO
1066 1935 1107 1991 V
1140 1934 1229 1991 ET
1260 1933 1423 1992 ΤΙΤο
1454 1936 1544 1991 IV.
2313 1935 2687 1995 DOMITIANO
2712 1936 2781 1992 III
2802 1935 2890 1991 ET
2919 1933 3189 1993 SABINO.

600 2028 730 2084 Post
762 2027 1059 2097 Neronem,
1085 2026 1257 2083 Galba
1297 2028 1351 2083 in
1394 2028 1590 2096 Iberia,
1629 2027 1877 2083 Vitellius
1904 2025 1956 2080 in
1998 2025 2133 2080 Ger—
2310 2030 2688 2089 DOMITIANO
2717 2030 2787 2087 IV
2814 2028 2901 2085 ET
2929 2026 3117 2086 RUFO
3146 2026 3214 2082 III

528 2119 735 2188 mania,
753 2118 897 2176 Otho
916 2120 1104 2175 Romae
1124 2119 1411 2191 imperium
1436 2121 1802 2191 arripuerunt.
1836 2118 1941 2175 Sed
1964 2116 2132 2174 Galba
2308 2126 2460 2182 Τίιυς
2484 2123 2958 2196 Amphitheatrum
2979 2122 3167 2178 Roma
3194 2118 3504 2185 aedificavit,
3529 2120 3639 2178 etin
3661 2116 3787 2177 dedi-

522 2216 757 2288 septimo
804 2230 995 2272 mense
1042 2215 1230 2272 Romae
1258 2218 1438 2288 capite
1471 2226 1787 2283 truncatur;
1818 2215 1960 2272 Otho
1990 2215 2133 2287 apud
2235 2221 2448 2277 catione
2478 2219 2594 2289 ejus
2621 2218 2861 2288 quinque
2889 2215 3058 2270 millia
3091 2214 3323 2270 ferarum
3352 2212 3571 2271 occidit.

522 2306 552 2347 δ
581 2309 899 2365 Bebriacum
918 2310 1140 2381 prepria
1167 2324 1331 2365 manu
1355 2311 1642 2377 occubuit;
1676 2308 1928 2365 Vitellius
1951 2322 1980 2363 a
2001 2308 2133 2364 Ves-
2308 2309 2682 2368 DOMITIANO
2716 2311 2756 2365 V
2783 2309 2871 2365 ET
2892 2306 3324 2366 DOLABELLA.

520 2404 734 2475 pasiani
764 2404 1000 2461 ducibus
1025 2405 1259 2472 occisus,
1294 2405 1350 2460 in
1382 2404 1627 2461 Tiberim
1662 2406 1966 2477 projicitur.
2308 2407 2563 2462 Romanae
2596 2404 2855 2461 Ecclesia:
2882 2400 2928 2458 II
2956 2403 3302 2459 constituitur
3331 2396 3788 2477 episcopns‘Cu-

598 2498 965 2571 Vespasianus
995 2500 1139 2571 apud
1169 2500 1413 2556 Iudaeam
1446 2499 1515 2555 ab
1544 2501 1788 2556 exercitu
1834 2499 2130 2569 imperator
2232 2515 2333 2557 της
2362 2498 2514 2555 annis
2548 2513 2645 2559 xu.

521 2593 828 2663 appellatur
862 2611 874 2647 :
904 2593 1104 2649 bellum
1137 2592 1262 2649 Tito
1310 2594 1425 2650 ﬁlio
1457 2594 1873 2660 commendans,
1901 2591 2128 2650 Romam
2307 2593 2459 2648 Titus
2490 2592 2678 2647 morbo
2706 2589 2866 2662 periit
2892 2591 2947 2647 in
2978 2604 3041 2649 ea
3073 2588 3201 2649 villa
3237 2588 3292 2649 in
3330 2604 3440 2661 qua
3482 2596 3647 2662 pater.
3672 2598 3789 2647 anno

524 2697 623 2753 per
663 2682 1044 2739 Alexandriam
1076 2684 1473 2753 proﬁciscitur.
2235 2686 2411 2742 aetatis
2434 2699 2562 2741 XLII.

603 2773 1029 2830 VESPASIANO
1058 2775 1124 2829 VI
1153 2774 1243 2829 ET
1268 2773 1429 2830 TITO
1461 2774 1527 2831 V.
2306 2776 2660 2841 DOIITIANUS,
2692 2772 2788 2843 IX,
2817 2775 2983 2834 frater
3011 2774 3117 2834 Titi
3142 2774 3347 2851 junior,
3377 2775 3623 2851 regnavit
3664 2772 3795 2834 annis

599 2867 773 2935 Titus,
798 2867 981 2923 Iudaea
1004 2877 1160 2936 capta
1186 2876 1241 2921 et
1281 2868 1637 2941 Jerosolymis
1682 2869 1982 2937 subversis,
2009 2882 2133 2925 scx-
2236 2886 2328 2938 xv,
2352 2871 2629 2926 mensibus
2652 2886 2705 2925 v.

524 2968 757 3016 centena
803 2958 979 3014 millia
1009 2958 1249 3013 virorum
1290 2960 1574 3015 interﬁcit.
1604 2956 1876 3031 Iosephus
1921 2958 2132 3027 scribit,
2308 2960 2685 3020 DOMlTIANO
2715 2960 2781 3018 VI
2818 2960 2910 3020 ET
2943 2962 3131 3021 RUFO
3161 2962 3246 3019 IV.

526 3050 785 3106 undecies
830 3056 1059 3105 centena
1104 3050 1273 3105 millia
1304 3049 1451 3107 fame
1478 3062 1535 3108 et
1562 3051 1747 3123 gladio
1795 3051 2049 3122 periisse,
2080 3059 2135 3107 et
2306 3055 2597 3113 Domitiani
2627 3071 2761 3112 uxor
2790 3056 3031 3129 Augusta
3062 3056 3353 3127 appellata.

528 3148 634 3202 alia
676 3154 892 3202 centum
925 3145 1092 3203 millia
1137 3148 1477 3217 captivorum
1529 3148 1748 3219 publice
1786 3147 2131 3204 venumdata.
2310 3150 2647 3207 Domitianus
2684 3150 2962 3207 eunuchos
3003 3151 3118 3209 ﬁeri
3156 3150 3408 3225 prohibet
3440 3167 3455 3205 :
3490 3144 3797 3210 Mathemati-

528 3239 605 3296 Ut
628 3248 805 3296 autem
856 3247 1007 3294 tanta
1050 3240 1347 3297 multitudo
1390 3241 1753 3315 Jerosolymis
1780 3241 2134 3312 reperiretur,
2164 3238 2213 3304 C
2243 3258 2338 3299 cos
2364 3243 2714 3314 philosophos
2739 3244 2982 3300 Romana
3013 3244 3151 3299 urbe
3178 3242 3350 3315 pellit.

529 3348 746 3389 causam
770 3336 1093 3406 Azymorum
1128 3337 1327 3391 festum
1359 3335 1530 3392 fuisse
1562 3356 1575 3389 :
1606 3338 1679 3391 ob
1715 3334 1861 3405 quod
1886 3350 1953 3392 ex
1986 3336 2136 3391 omni
2309 3336 2470 3408 707
2512 3334 2764 3392 FLAVIO
2792 3334 2881 3390 ET
2919 3333 3257 3392 TRAIANO.

530 3426 695 3497 706
730 3434 892 3496 gente
941 3426 1113 3481 Judaei
1171 3428 1238 3481 ad
1293 3428 1559 3496 templum
1610 3428 1968 3495 confluentes,
2003 3428 2136 3484 urbe
2312 3430 2649 3487 Domitianus
2673 3428 2933 3501 plurimos
2956 3438 3267 3487 senatorum
3294 3428 3348 3483 in
3374 3422 3799 3495 exsiliummittit,

531 3522 688 3592 quasi
712 3535 936 3578 carcere
964 3533 1089 3578 sunt
1117 3524 1340 3578 reclusi.
1372 3524 1630 3592 Oportuit
1655 3524 1799 3580 enim
1830 3524 1883 3579 in
1907 3524 1993 3580 his
2024 3523 2138 3578 die-
2241 3525 2309 3581 de
2338 3523 2499 3579 Dacis
2528 3531 2583 3580 et
2606 3522 2889 3579 Germanis
2918 3521 3293 3592 triumphavit.

530 3616 633 3671 bus
658 3630 753 3672 eos
777 3617 1008 3673 interﬁci
1058 3618 1113 3671 in
1138 3616 1338 3687 quibus
1362 3617 1704 3673 Salvatorem
1730 3618 2133 3675 cruciﬁxerant.
2316 3616 2691 3673 DOMITIANO
2722 3614 2816 3671 VII
2836 3615 2926 3671 ET
2956 3615 3211 3672 NERVA.

603 3710 891 3781 Colligitur
923 3712 1107 3781 itaque
1141 3725 1305 3766 omne
1334 3720 1553 3783 tempus
1585 3715 1643 3768 in
1687 3713 1987 3770 secundum
2038 3728 2140 3767 au-
2316 3711 2432 3767 Duo
2472 3724 2685 3768 menses
2711 3708 2873 3768 aliter
2909 3710 3163 3784 appellati
3190 3729 3203 3765 :
3236 3710 3581 3785 September,
3612 3693 3827 3769 Gernial

530 3820 660 3861 num
690 3804 1011 3875 Vespasiani
1040 3813 1094 3860 et
1120 3805 1475 3860 novissimam
1499 3806 1963 3879 Jerosolymorum
1988 3821 2140 3861 ever—
2243 3811 2432 3877 nicus;
2458 3818 2515 3867 et
2542 3808 2800 3875 October,
2830 3808 3191 3865 Domitianus.

531 3898 763 3953 sionem.
824 3899 869 3952 A
909 3898 1099 3968 quinto
1156 3898 1368 3953 decimo
1406 3914 1552 3954 anno
1609 3898 1816 3956 Tiberii
1872 3899 2135 3966 Caesaris,
2312 3903 2526 3959 Primus
2567 3902 2907 3959 Domitianus
2934 3901 3223 3958 Dominum
3257 3916 3315 3957 se
3348 3912 3401 3957 ct
3442 3902 3609 3958 Deum
3637 3897 3802 3971 appel—

533 4000 590 4046 οι
622 3992 689 4046 ab
727 3990 954 4046 exordio
995 3993 1328 4061 evangelicae
1384 3994 1817 4064 praedicationis,
1850 3995 1974 4049 anni
2005 4009 2134 4049 xui.
2243 3996 2346 4052 lari
2381 3995 2563 4066 jussit.

532 4083 582 4140 Δ
631 4084 940 4153 captivitate
996 4092 1175 4138 autem
1217 4100 1379 4155 quam
1428 4087 1497 4141 ab
1572 4085 1839 4141 Antiocho
1892 4088 2141 4158 perpessi
2315 4090 2600 4147 Secundus
2620 4089 2964 4146 Alexandriae
2990 4088 3272 4146 ordinatur
3291 4086 3579 4158 episcOpus
3600 4081 3805 4143 Abilius.

534 4183 684 4243 sunt,
718 4176 845 4230 anni
877 4186 897 4213 ο
933 4191 1146 4231 ςοχχιχ.
1190 4176 1358 4233 Porro
1403 4194 1431 4232 a
1488 4178 1635 4233 Darii
1685 4180 1924 4234 secundo
1968 4195 2134 4249 anno,
2312 4181 2626 4238 TRAIANO
2674 4181 2719 4235 II
2771 4180 2861 4236 ET
2905 4179 3323 4239 GLABRIONE.

534 4270 639 4323 sub
692 4282 800 4337 quo
861 4284 1077 4323 rursum
1134 4269 1399 4337 templum
1457 4270 1781 4326 mdiﬁcatum
1853 4281 1957 4339 est,
2009 4274 2137 4327 anni
2312 4274 2675 4344 Quintilianus
2697 4272 3302 4346 rhetorCalaguritanus
3329 4269 3707 4329 Rommclarus
3731 4265 3811 4322 ba-

536 4353 565 4394 δ
594 4370 772 4414 eum
798 4367 889 4414 aut
929 4374 1022 4415 xc.
1055 4361 1100 4415 A
1132 4361 1304 4428 prima
1334 4369 1513 4415 autem
1561 4362 1921 4419 aediﬁcatione
1954 4362 2139 4434 templi
2241 4367 2417 4423 betur.

537 4452 640 4507 sub
678 4452 988 4520 Salomone,
1019 4469 1186 4523 usque
1226 4454 1292 4509 ad
1338 4454 1683 4511 novissimam
1732 4456 1848 4526 ejus
1898 4456 2135 4525 utinam,
2314 4458 2688 4515 DOMITIANO
2721 4460 2835 4515 VIII
2866 4457 2955 4515 ET
2983 4455 3403 4519 SATURNINO.

539 4554 658 4615 quae
684 4547 787 4601 sub
814 4547 1146 4617 Vespasiano
1168 4548 1309 4603 facta
1342 4557 1445 4613 est,
1478 4551 1606 4606 anni
1637 4560 1663 4587 θ
1694 4565 1851 4608 lCIfl.
2312 4547 2607 4605 SILVANO
2636 4549 2724 4604 ET
2744 4548 3013 4606 PRISCO.

482 4704 487 4727 δ
611 4638 1040 4696 VESPASIANO
1070 4640 1161 4697 VII
1192 4642 1280 4696 ET
1300 4642 1465 4699 ΤΙτο
1507 4641 1593 4698 VI.
2152 4625 2209 4688 D
2308 4641 2645 4697 Domitianus
2673 4642 2947 4713 prohibuit
2977 4640 2993 4679 ί
3023 4642 3160 4698 vites
3190 4643 3245 4697 in
3273 4641 3503 4699 urbibus
3528 4641 3660 4699 seri.

486 4742 493 4749 ’
605 4732 940 4792 COMMODO
973 4736 1060 4793 ET
1089 4736 1297 4793 RUFO.
2305 4732 2720 4790 ASPRENATE
2753 4732 2845 4790 ΕΤ
2871 4731 3269 4791 CLEMENTE.

611 4943 636 4977 ι
664 4936 952 5021 Eusebjani
985 4940 1232 5021 chronici
1259 4956 1387 5021 nise.
1421 4952 1550 5007 trcs,
1571 4945 1718 4997 annis
1774 4942 1858 4997 1‘2.
1884 4943 1988 4999 Alii
2020 4944 2126 5002 duo
2240 4947 2668 5021 antiquissimus.
2694 4948 2775 5021 De
2807 4964 2915 5019 quo
2946 4948 3068 5005 vide
3100 4955 3286 5003 notam
3320 4948 3538 5021 Pontaci
3570 4960 3693 5021 pag.
3724 4943 3817 4998 58ι

536 5010 805 5091 “9'3"”-
821 5011 1186 5091 ΙΪΟΡΙονΡηηίέ,
1214 5013 1298 5091 “,-
1511 5087 1519 5091 A
1798 5086 1845 5091 __
2238 5028 2293 5075 et
2314 5010 2439 5076 58'5.
2473 5020 2613 5091 Lege
2633 5020 2794 5075 etiam
2822 5010 2959 5075 alios
2981 5022 3071 5091 qui
3095 5028 3281 5075 contra
3304 5020 3520 5076 unicum
3542 5010 3666 5091 stili
3681 5025 3820 5091 utro-

607 5081 636 5121 δ
659 5080 964 5163 μεελβοιιξ.
993 5082 1122 5163 duo,
1150 5083 1457 5163 Vetriacuin.
1495 5086 1597 5163 Alii
1629 5095 1775 5163 tres1
1789 5086 2119 5163 Melriacum.
2236 5106 2340 5160 que
2364 5080 2578 5163 nomine
2604 5091 2876 5159 designari
2909 5080 3366 5163 probant:Vales.
3390 5101 3501 5163 not.
3530 5089 3597 5143 ad
3623 5086 3814 5163 Euseb.

520 5174 527 5205 ί
612 5164 635 5232 f
666 5154 724 5208 In
751 5152 1287 5232 Chronico‘gusebii
1335 5155 1467 5212 edit.
1500 5157 1681 5222 Pout.,
1712 5158 1819 5213 259
1843 5174 1858 5225 ;
1884 5171 1953 5232 et
2238 5152 2293 5229 ῤ.
2325 5163 2395 5216 49
2412 5163 2516 5218 col.
2550 5162 2602 5226 I,
2628 5152 2867 5217 Gather.
2907 5152 3021 5217 not.
3064 5162 3133 5216 ad
3175 5172 3351 5217 cenat.
3384 5161 3575 5232 Apost.
3612 5174 3668 5229 p.
3698 5154 3819 5219 300.

537 5224 774 5351 quinge
801 5222 954 5280 Colb.
1003 5225 1131 5293 259,
1159 5240 1395 5296 quorum
1423 5242 1560 5284 unus
1608 5244 1766 5299 supra
1801 5222 1897 5300 pro
1933 5230 2001 5284 se
2029 5230 2125 5285 ha-
2236 5222 2355 5310 Nat.
2393 5222 2661 5289 Alexand.
2690 5242 2763 5288 to.
2798 5234 2819 5289 I
2856 5252 2905 5303 p.
2938 5234 3066 5300 5l5,
3100 5242 3154 5289 et
3193 5233 3352 5287 alios.
3437 5222 3451 5232 ’
3616 5222 3631 5229 ’

536 5296 633 5352 bet
731 5336 744 5349 -
2314 5312 2329 5339 ι
2368 5303 2660 5361 Suetonius
2685 5306 2952 5360 lationem
2990 5304 3169 5359 reddit
3199 5303 3361 5361 huius
3398 5300 3556 5360 edidi
3590 5314 3693 5361 per
3718 5297 3792 5358 Ila

731 5336 744 5349 '
2314 5318 2329 5339 ¹
2368 5318 2660 5359 Suetonius
2685 5318 2952 5359 mtmem
2990 5318 3169 5359 reum
3199 5318 3361 5359 nutus
3398 5318 3555 5359 euscu
3590 5318 3693 5359 ιπι·
3718 5318 3822 5358 ιιει-

610 5303 986 5447 gg._Eusebii
1011 5366 1473 5447 “Chroniconedit.
1509 5371 1849 5447 P0011591.
1880 5372 2023 5427 Idem
2072 5374 2121 5427 in
2235 5303 3822 5447 Ιίθλεθῖᾳρπῖῗξσὲἓοὲῗᾳίὲω

536 5452 644 5494 ms.
669 5436 975 5519 golbnuno.
1006 5440 1363 5519 Quatuor‘alii
1387 5442 1586 5498 habent
1616 5442 1744 5499 £590.
2233 5448 2424 5518 negligi
2462 5436 2585 5501 (srva
2624 5436 2944 5503 existimaret
2964 5436 2992 5501 ’τ
3018 5447 3162 5501 unde
3199 5446 3433 5519 conﬁcit,
3464 5446 3741 5519 Ponticus
3773 5440 3821 5492 ίη

615 5508 798 5590 ἳμδι
828 5508 1343 5590 Cojb;_tre6._t10?._
2235 5508 2460 5585 ηθῑδέρ.
2496 5520 2600 5575 504
2624 5522 2807 5590 proin
2828 5520 3055 5584 ms,
3088 5508 3377 5590 Ιθεθηάῦηὶ
3406 5518 3619 5590 forsan,
3648 5514 3821 5590 imor-

621 5577 719 5659 κιρ
750 5594 852 5659 ius.
882 5577 1037 5659 Golb.
1068 5584 1250 5659 ιειιξορ,
1280 5584 1381 5659 et.
1461 5657 1470 5659 _
1806 5658 1839 5659 η
2236 5590 2331 5655 bc;
2364 5577 2463 5644 nisi
2486 5577 2751 5658 tnw'iga.
2780 5592 2975 5644 dictum
3006 5577 3186 5659 ινδ-ο,ίὶ
3216 5591 3353 5643 mis
3380 5588 3557 5644 vicinis
3581 5577 3821 5659 uirum.

614 5661 637 5699 ε
669 5650 897 5706 Codices
916 5650 1474 5728 chronici_Eusebiaui
1500 5658 1778 5728 assignant
1803 5658 1924 5713 Tito
1952 5672 2123 5715 annos
2242 5650 2428 5716 vam
2447 5664 2581 5717 enim
2610 5650 2814 5715 ηἰηίεί
2836 5650 3045 5716 urbibus
3068 5650 3113 5715 et
3142 5661 3271 5715 focis
3322 5659 3557 5715 habitatis
3589 5658 3825 5728 plm-

541 5722 710 5805 duos-,-
727 5736 943 5777 menses
969 5723 1117 5805 duos.
1158 5726 1312 5805 Pauli.
1344 5742 1556 5784 menses
1585 5722 1737 5805 octo.
2234 5749 2331 5803 que
2348 5736 2607 5805 adjacent.
2628 5729 2976 5805 Philostratus
2992 5734 3049 5787 in
3072 5732 3192 5786 Vita
3204 5722 3825 5805 Λροηοιύόῃέᾱὶεαῆατη

615 5794 642 5831 b
673 5793 1165 5877 lluucpontilf‘icem
1216 5797 1515 5877 Romanum
1570 5802 1875 5877 Anactetum
1926 5812 2120 5877 vocant
2236 5793 2510 5874 rationein,
2540 5804 2679 5877 quod
2722 5804 2876 5876 vim,
2908 5818 3117 5877 pugna,
3146 5793 3313 5859 celes
3338 5819 3405 5859 ea:
3430 5803 3677 5861 ebrietate
3708 5797 3819 5853 σνί·

559 5881 671 5923 Jiss.
725 5875 953 5935 quatuor
996 5865 1309 5923 Colbertini.
1360 5869 1813 5944 Cletunnunicus
1880 5876 2119 5933 omnium
2230 5886 2424 5934 rentur.
