4006 6356
542 336 653 413 559

615 459 920 525 ADRIANO
949 458 994 517 II
1023 457 1110 516 ET
1140 456 1451 518 RUSTICO.

615 555 1029 616 SERVILIANO
1062 555 1149 611 ET
1180 554 1452 613 FULVIO.

617 651 732 707 Hoc
761 660 1000 721 tempore
1024 648 1196 705 Judaei
1227 652 1314 720 qui
1348 650 1399 704 in
1430 648 1595 721 Libya
1627 656 1802 717 erant,
1852 658 1907 705 et
1954 650 2041 721 qui
2074 650 2128 705 in

546 743 801 818 Egypto,
843 743 1041 815 quique
1069 742 1207 814 apud
1248 740 1515 813 Cyrenem
1549 752 1604 797 et
1632 742 1981 807 Thebaidem,
2027 741 2126 796 ad-

545 852 735 895 versus
756 836 1152 894 cohabitatores
1172 849 1300 891 suos
1323 851 1542 906 magnas
1570 836 1862 891 seditiones
1886 844 2123 891 movent.

556 934 560 939 ’
615 931 814 988 Ιυᾶωίε
843 939 867 967 α
899 927 1236 985 Alexandria:
1279 928 1683 993 rebellantibus,
1720 928 1979 997 Trajanus
2030 928 2129 981 im-

544 1034 761 1096 perator
792 1024 964 1095 Lysiae
1003 1022 1197 1088 Quieto
1243 1024 1517 1092 prtecepit,
1552 1032 1613 1075 ut
1657 1036 1751 1076 eos
1795 1038 1823 1075 ο
1856 1019 2128 1090 provincia

543 1119 929 1177 exterminaret
978 1135 991 1170 :
1041 1116 1301 1171 adversus
1353 1131 1490 1185 quos
1539 1115 1764 1183 Quietus
1817 1114 1985 1169 aciem
2041 1115 2128 1168 in—

541 1210 777 1276 struens,
812 1209 1015 1263 inlinita
1059 1222 1243 1263 eorum
1292 1206 1456 1261 millia
1503 1206 1795 1270 interfecit,
1828 1216 1881 1262 et
1912 1205 1980 1263 ob
2027 1206 2129 1261 hoc

539 1312 857 1375 procurator
881 1302 1084 1358 Judaeae
1113 1302 1180 1356 ab
1206 1303 1534 1372 imperatore
1561 1302 1886 1357 decernitur.

610 1397 941 1452 Salaminam
972 1397 1160 1451 urbem
1189 1394 1352 1468 Cypri
1387 1396 1698 1452 subvertere
1723 1396 1912 1451 Judaei.

609 1490 881 1561 Trajanus
920 1490 973 1545 in
1006 1490 1309 1553 Selinunte,
1362 1491 1494 1556 sive,
1530 1499 1587 1544 ut
1626 1490 1715 1544 alii
1754 1489 1952 1556 ferunt,
1987 1488 2126 1559 apud

536 1586 839 1644 Seleuciam
888 1585 1105 1641 Isauria:
1154 1584 1425 1641 civitatem
1477 1585 1724 1650 moritur,
1777 1600 1919 1641 anno
1957 1585 2129 1640 mtatis

538 1675 563 1721 δ
595 1696 736 1736 thv.
767 1678 899 1735 Ossa
943 1678 1059 1749 ejus
1110 1679 1161 1733 in
1209 1694 1395 1733 urnam
1429 1692 1645 1733 auream
1693 1678 1926 1743 conlata,
1973 1684 2027 1731 et
2074 1676 2126 1731 in

540 1770 656 1827 Ioro
686 1772 787 1827 sub
834 1771 1083 1828 columna
1142 1772 1337 1842 posita,
1392 1771 1647 1841 solusque
1693 1770 1929 1825 omnium
1987 1768 2125 1823 intra

540 1866 740 1923 Urbem
768 1868 1005 1937 sepultus
1027 1876 1129 1923 est.

608 1961 902 2029 ADIIANUS,
938 1960 1051 2028 XII,
1086 1962 1330 2031 regnavit
1372 1960 1527 2016 annis
1568 1976 1677 2014 χχι.
1715 1959 1809 2014 llic
1840 1958 2038 2014 Italicae
2069 1957 2121 2013 in

545 2053 799 2124 Hispania
830 2062 1008 2121 natus,
1043 2054 1381 2109 consobrina:
1410 2052 1628 2124 Trajani
1661 2053 1803 2108 Iilius
1826 2052 1943 2108 fuit.

610 2145 794 2201 VERO
824 2145 914 2200 ET
954 2143 1327 2203 AUCURINO.

606 2238 862 2296 AVIOLA
895 2238 981 2294 ET
1011 2238 1253 2296 PANSA.

606 2334 836 2390 Senatus
866 2332 1156 2403 Trajanum
1188 2334 1241 2388 in
1273 2335 1401 2389 deos
1432 2334 1617 2401 refert,
1650 2343 1705 2390 et
1738 2335 2003 2391 Adrianus
2030 2350 2121 2391 re-

536 2427 685 2499 liqua
714 2429 1036 2484 tributorum
1063 2429 1282 2484 urbibus
1306 2430 1540 2496 relaxat,
1569 2430 1769 2486 chartis
1802 2431 2014 2502 publice
2035 2430 2121 2487 in-

537 2522 738 2588 censis,
769 2520 1137 2591 plurimosque
1168 2519 1298 2591 ipsis
1330 2520 1541 2577 tributis
1571 2521 1769 2577 liberos
1797 2522 1940 2579 facit.

605 2613 875 2673 Adrianus
904 2613 1121 2669 Judaeos
1150 2614 1314 2684 capit,
1354 2615 1595 2673 secundo
1622 2615 1880 2674 adversus
1926 2617 2125 2672 Roma-

537 2718 635 2763 nos
663 2707 1011 2763 rebellantes.

605 2798 925 2855 PATERNO
956 2800 1043 2855 ET
1088 2799 1481 2867 TORQUATO.

606 2892 1001 2950 GLABRIONE
1036 2893 1121 2947 ET
1151 2891 1566 2951 APRONIANO.

607 2986 817 3042 Bellum
839 2994 1046 3054 gestum
1074 2992 1259 3038 contra
1287 2983 1583 3041 Sarmatas.

605 3075 863 3131 Romanae
895 3076 1152 3132 Ecclesiae.
1171 3075 1243 3132 VI
1270 3077 1639 3149 episc0patum
1670 3079 1895 3151 suscipit
1921 3079 2121 3137 thres

542 3178 562 3209 ε
595 3170 749 3224 annis
772 3184 846 3225 ιχ.

607 3264 951 3319 Alexandria:
977 3262 1021 3317 ν
1049 3263 1333 3334 episcopus
1359 3266 1639 3322 ordinatur
1661 3267 1864 3325 Justus.

612 3354 923 3412 ASIATICO
955 3355 1040 3410 ET
1069 3355 1458 3424 QUINTILLO.

608 3446 898 3516 Cephissus
950 3446 1146 3503 ﬂuvius
1199 3448 1508 3507 Eleusinem
1571 3453 1848 3510 inundavit
1896 3474 1907 3508 :
1959 3472 2120 3527 quem

538 3540 804 3598 Adrianus
831 3548 994 3610 ponte
1029 3541 1382 3611 conjungens,
1406 3544 1632 3602 Athenis
1656 3547 1892 3605 hiemem
1918 3549 2120 3619 exegit.

607 3634 771 3706 πο
800 3633 984 3689 vano
1010 3632 1099 3688 ET
1129 3634 1461 3691 AMBIGUO.

606 3724 998 3781 GALLICANO
1030 3725 1120 3780 ET
1150 3726 1443 3783 TITIANO.

605 3818 958 3888 Jerosolymis
987 3828 1106 3887 post
1138 3818 1441 3889 Philippum
1469 3824 1816 3881 constituitur
1843 3825 1889 3881 Χ
1913 3828 2124 3898 episco-

536 3926 633 3981 pus
663 3910 900 3975 Seneca;
934 3919 1054 3978 post
1092 3925 1251 3978 quem
1294 3911 1366 3966 XI
1396 3913 1610 3979 Justus;
1645 3918 1727 3971 cui
1757 3922 1997 3975 succedit
2026 3919 2121 3976 XII

536 4000 698 4065 Levi;
732 4010 853 4071 post
880 4015 1036 4070 quem
1067 4000 1185 4055 XIII
1222 4003 1456 4070 Epltres;
1486 4005 1604 4060 XIV
1635 4007 1868 4078 Joseph;
1903 4012 1995 4067 XV
2024 4013 2119 4067 Ju-

537 4092 654 4148 das.
676 4091 739 4146 Hi
763 4107 952 4146 omnes
970 4106 1137 4161 usque
1159 4093 1225 4146 ad
1247 4096 1605 4164 eversionem,
1633 4114 1790 4167 quam
1815 4117 1912 4170 per
1935 4104 2126 4157 Adria-

536 4198 665 4240 num
698 4183 993 4238 Jerusalem
1020 4198 1177 4253 passa
1210 4197 1312 4255 est,
1343 4202 1408 4241 ex
1441 4188 1850 4249 circumcisione
1881 4197 2122 4268 episcopi

541 4276 887 4347 praefuerant.

516 4368 525 4450 ᾗ
609 4367 942 4425 Terraemotu
995 4369 1303 4427 Nicomedia
1337 4374 1463 4441 ruit,
1506 4384 1561 4431 et
1597 4377 1792 4433 Nicmze
1824 4382 1969 4438 urbis
2000 4384 2126 4454 plu-

538 4462 675 4518 rima
709 4478 723 4515 :
753 4462 818 4518 ad
849 4478 1072 4533 quarum
1120 4464 1561 4525 instaurationem
1602 4470 1871 4529 Adrianus
1911 4475 1979 4532 de
2020 4493 2123 4549 pu-

535 4555 678 4613 blico
703 4564 787 4611 est
812 4557 1032 4627 largitus
1056 4558 1349 4629 impensas.

606 4646 977 4720 TORQUATO
1004 4651 1092 4707 ET
1123 4652 1388 4710 LIBONE.

606 4740 829 4799 CELSO
860 4742 946 4797 ET
974 4742 1428 4802 MARCELLINO.

607 4833 951 4890 CATULINO
978 4835 1068 4890 ET
1097 4836 1301 4894 APRO.

604 4924 945 4984 PONTIANO
972 4928 1061 4984 ET
1090 4929 1369 4989 RUFINO.

600 5023 749 5083 Finis
771 5029 907 5099 cycli
937 5030 1118 5100 primi,
1148 5041 1201 5086 et
1230 5034 1505 5104 sequentis
1533 5037 1837 5094 exordium.

600 5120 904 5190 Quadratus
954 5123 1247 5195 discipulus
1301 5128 1691 5200 apostolorum,
1743 5140 1799 5186 et
1847 5132 2114 5189 Aristides

509 5224 715 5291 noster
756 5214 1125 5289 philosophus,
1176 5218 1341 5276 libros
1372 5236 1470 5291 pro
1498 5222 1803 5279 Christiana
1852 5226 2114 5297 religione

513 5310 855 5385 compositos
882 5310 1120 5367 edidere.

599 5397 837 5457 Serenus
865 5401 1097 5461 Granius
1127 5404 1210 5460 vir
1250 5406 1492 5477 apprime
1525 5410 1742 5479 nobilis,
1791 5412 1997 5470 litteras
2043 5416 2111 5471 ad

1774 341 1830 397 s.
1872 326 2208 400 rnospem
2244 334 2576 413 AQUITANI

2152 464 2203 527 Α
2230 461 2373 533 vulgi
2405 461 2771 519 innocentium
2816 456 3093 518 hominum
3136 453 3448 532 sanguinem
3485 460 3719 529 concedi,
3742 472 3792 525 et

2148 4638 2204 4702 D

3697 332 3794 410 380

2229 557 2345 614 sine
2371 558 2483 613 ullo
2505 557 2754 625 crimine,
2780 557 3013 613 nominis
3038 564 3242 613 tantum
3266 565 3320 611 et
3343 564 3501 612 sectae
3525 572 3645 613 reos
3667 558 3793 617 ﬁeri;

2229 650 2433 719 Quibus
2463 661 2769 708 commotus
2796 652 3087 721 Adrianus,
3120 651 3354 707 Minucio
3401 648 3657 707 Fundano
3682 668 3791 723 pro-

2230 746 2437 800 consuli
2467 746 2608 800 Asize
2654 745 2875 811 scribit,
2917 744 3036 800 sine
3076 743 3291 813 objecta
3322 742 3605 799 criminum
3650 745 3787 801 Chri-

2230 840 2434 895 stianos
2463 856 2570 895 non
2599 839 3060 896 condemnandos.
3092 837 3256 908 Cujus
3287 837 3529 908 epistolae
3554 851 3711 910 usque
3730 838 3787 899 ad

2230 943 2471 990 nostram
2499 935 2812 991 memoriam
2840 935 2995 990 durat
3017 933 3347 1006 exemplum.

2306 1026 2656 1086 AUGURINO
2687 1030 2775 1085 ET
2802 1028 3163 1085 SERGIANO.

2301 1122 2577 1179 TIBERIO
2612 1123 2699 1178 ET
2730 1122 2998 1179 SILANO.

2309 1218 2491 1273 Roma:
2523 1218 2612 1273 νη
2660 1219 2946 1289 episcopus
2993 1216 3275 1274 ordinatur
3323 1217 3677 1288 Telesphorus
3709 1229 3784 1273 an~

2237 1324 2318 1364 IIIS
2352 1327 2423 1366 XI.

2304 1404 2663 1459 Antiocheam
2694 1402 2955 1461 Ecclesia:
2985 1401 3053 1459 IV
3083 1404 3379 1474 praeﬁcitur
3407 1400 3697 1460 Cornelius.

2305 1494 2653 1553 SERGIANO
2685 1496 2727 1551 II
2758 1498 2848 1553 ET
2874 1498 3080 1553 VERO.

2302 1589 2699 1647 POMPEIANO
2734 1590 2821 1646 ET
2849 1591 3197 1648 ATILIANO.

2303 1682 2683 1740 Alexandrina:
2713 1684 2966 1739 Ecclesia:
2993 1684 3060 1739 VI
3092 1692 3289 1754 prmest
3315 1684 3604 1743 Eumenes.

2303 1774 2692 1831 POMPEIANO
2723 1776 2763 1830 II
2796 1777 2881 1832 ET
2910 1776 3262 1834 COMMODO.

2156 1863 2204 1924 B
2301 1865 2531 1921 LIELIO
2571 1867 2657 1922 ΕΤ
2690 1867 2956 1925 ALBINO.

2299 1958 2470 2015 Judzei
2500 1960 2553 2015 in
2584 1976 2732 2015 arma
2765 1963 2927 2029 versi,
2962 1963 3301 2020 Palzestinam
3328 1963 3638 2035 depopulati
3665 1973 3783 2031 sunt,

2229 2058 2443 2106 tenente
2474 2052 2805 2122 provinciam
2844 2055 3032 2110 Tranio
3078 2054 3216 2111 Rufo
3246 2073 3259 2110 :
3295 2056 3380 2112 cui
3411 2057 3478 2112 ad
3510 2055 3785 2128 opprimen~

2228 2142 2326 2199 dos
2352 2145 2585 2201 rebelles
2612 2146 2878 2201 Adrianus
2905 2147 3048 2203 misit
3079 2150 3401 2205 exercitum.

2298 2236 2655 2295 CAMERINO
2686 2241 2773 2295 ET
2802 2240 3034 2298 NIGRO.

2300 2333 2561 2390 Basilides
2586 2334 2978 2392 haeresiarchas
3004 2335 3057 2391 in
3080 2336 3405 2394 Alexandria
3428 2346 3789 2407 cirmmoralur,

2224 2441 2255 2481 a
2282 2441 2387 2496 quo
2419 2427 2681 2483 Gnostici.
2708 2427 2821 2484 Hoc
2841 2439 3019 2484 autem
3049 2430 3308 2487 Basilides
3331 2431 3559 2488 distabat
3579 2448 3617 2489 ει
3638 2433 3789 2491 Simo-

2226 2518 2310 2574 nis
2341 2519 2609 2589 dogmate,
2638 2521 2781 2590 quod
2810 2536 3013 2577 ccccxv
3039 2523 3207 2578 ccelos
3246 2538 3367 2581 esse
3390 2525 3666 2590 credebat,
3702 2540 3789 2597 quo

2226 2628 2451 2668 numero
2480 2613 2689 2670 dierum
2719 2629 2892 2670 annus
2928 2615 3240 2672 includitur.
3270 2616 3426 2673 Unde
3453 2619 3616 2674 etiam
3661 2619 3788 2688 quasi

2222 2712 2465 2759 sanctum
2515 2720 2711 2761 nomen
2757 2707 3191 2774 commendabat,
3224 2708 3368 2779 quod
3417 2719 3501 2765 est
3553 2724 3788 2777 sanans,

2224 2796 2344 2866 quia
2374 2796 2531 2866 hujus
2564 2798 2794 2853 nominis
2818 2799 3032 2867 litterae,
3064 2800 3357 2856 secundum
3385 2804 3789 2871 supputationem

2225 2888 2486 2957 Graecam,
2522 2892 2768 2947 eumdem
2806 2910 3087 2949 numerum
3117 2895 3409 2965 complent.
3451 2895 3686 2952 Gnostici
3712 2909 3789 2951 au-

2225 2991 2331 3038 tem
2353 3000 2381 3039 a
2415 2988 2834 3056 prtesumptione
2864 2988 3266 3045 excellentioris
3288 2989 3529 3047 scientiae
3557 2988 3788 3047 nominati

2221 3082 2367 3143 sunt,
2404 3091 2538 3146 quos
2580 3078 2799 3147 quidam
2833 3079 3144 3135 Borboritas
3190 3090 3407 3150 vocant,
3449 3082 3599 3152 quasi
3626 3096 3790 3139 οωηο-

2223 3181 2335 3235 sos,
2378 3177 2597 3239 prOpter
2642 3170 2861 3226 nimiam
2925 3173 3312 3243 turpitudinem
3384 3189 3541 3245 quam
3600 3176 3649 3231 in
3698 3174 3789 3230 suis

2148 3251 2194 3316 C
2226 3263 2498 3332 mysteriis
2529 3279 2784 3320 exercere
2812 3264 3080 3321 dicuntur.
3113 3266 3356 3321 Tradunt
3383 3279 3558 3324 autem
3604 3269 3791 3325 fabulo-

2226 3352 2454 3407 sissimis
2508 3354 2756 3425 dogmata
2811 3356 2966 3427 plena
3015 3360 3301 3428 ﬁgmentis.
3335 3361 3646 3417 Animarum
3685 3360 3791 3416 sub-

2224 3446 2476 3500 stantiam
2515 3447 2699 3503 dicunt
2750 3448 2842 3503 Dei
2889 3465 3010 3506 esse
3042 3463 3290 3506 naturam
3335 3470 3349 3507 :
3396 3452 3564 3509 Deum
3604 3466 3791 3524 quoque

2231 3538 2430 3595 bonum
2462 3552 2514 3597 et
2563 3544 2728 3599 Deum
2762 3544 2958 3599 malum
3006 3547 3163 3619 711
3212 3546 3269 3603 in
3321 3562 3419 3604 sua
3465 3549 3790 3619 perhibentur

2225 3633 2430 3690 habere
2460 3636 2726 3693 doctrina.

2297 3730 2696 3795 Bareochebas,
2725 3732 2836 3787 dux
2872 3733 3207 3802 Iudaeorum,
3232 3736 3478 3792 nolentes
3504 3736 3603 3792 sibi
3626 3735 3790 3789 adver-

2225 3839 2314 3880 sus
2344 3826 2643 3880 Romanum
2676 3828 2900 3884 militem
2943 3830 3086 3885 ferre
3130 3830 3457 3900 subsidium,
3492 3829 3789 3886 omnimodis

2224 3919 2555 3975 cruciatibus
2584 3930 2760 3976 necat.
2813 3922 3017 3977 Bellum
3047 3923 3351 3990 Judaicum,
3378 3925 3520 3996 quod
3552 3926 3601 3979 in
3643 3923 3790 3979 Palae-

2225 4014 2362 4068 stina
2387 4017 2694 4085 gerebatur,
2746 4016 2905 4071 tinem
2935 4017 3096 4073 rebus
3122 4018 3433 4073 Judceornm
3462 4018 3635 4090 posuit
3659 4014 3789 4087 peni-

2227 4117 2313 4163 tus
2342 4110 2636 4179 Oppressis.
2690 4109 2771 4165 Ex
2802 4126 2907 4181 quo
2937 4120 3179 4181 tempore
3208 4113 3372 4168 etiam
3402 4110 3693 4167 introeundi
3718 4109 3787 4163 eis

2225 4201 2619 4274 .Ierosolymam
2652 4204 2868 4259 licentia
2910 4204 3085 4261 ablata
3116 4214 3228 4272 est;
3271 4206 3503 4275 primum
3534 4205 3627 4260 Dei
3655 4210 3784 4265 nutu,

2227 4295 2369 4351 sicut
2396 4296 2671 4366 prophetae
2712 4297 2986 4353 vaticinati
3018 4308 3162 4366 sunt,
3212 4298 3406 4357 deinde
3449 4300 3784 4356 Romanorum

2227 4386 2713 4445 interdictionibus.

2298 4481 2649 4538 ANTONINO
2684 4483 2769 4539 ET
2800 4483 3210 4543 PRAESENTE.

2298 4576 2653 4649 Jerosolymis
2684 4578 2891 4649 primus
2936 4595 3001 4635 ex
3038 4579 3287 4650 gentibus
3329 4580 3667 4636 constituitur
3691 4575 3786 4646 epi-

2226 4686 2422 4743 scopus
2445 4672 2673 4740 Marcus,
2691 4675 3028 4730 cessantibus
3052 4675 3133 4730 his
3155 4676 3244 4745 qui
3266 4675 3482 4732 fuerant
3504 4690 3567 4732 ex
3589 4672 3782 4732 ludatis.

2297 4766 2643 4823 ANTONINO
2673 4768 2715 4822 II
2748 4768 2837 4823 ET
2869 4767 3257 4826 PRESENTE
3288 4768 3349 4824 II.

2297 4859 2574 4916 SEVERO
2600 4859 2689 4915 ET
2720 4860 3035 4919 SILVANO.

2296 4956 2439 5012 Elia
2485 4958 2553 5014 ab
2597 4957 2745 5016 .‘Elio
2784 4961 3023 5017 Adriano
3056 4962 3269 5019 condita
3317 4971 3422 5030 est,
3469 4969 3526 5018 et
3555 4960 3607 5017 in
3638 4959 3781 5014 fronte

2224 5050 2343 5121 ejus
2385 5060 2573 5122 portae,
2618 5069 2723 5123 qua
2754 5055 3032 5112 Bethleem
3079 5058 3407 5130 egredimur,
3452 5070 3545 5112 sus
3573 5053 3783 5122 sculptus

2221 5144 2277 5199 in
2309 5159 2599 5213 marmore,
2631 5146 2939 5217 signiﬁcans
2964 5149 3220 5207 Romana:
3252 5149 3501 5220 potestati
3533 5145 3783 5215 subjacere

2221 5234 2461 5292 Iudaeos.

2292 5329 2561 5387 Adrianus
2592 5336 2731 5403 apud
2766 5334 2920 5389 Baias
2964 5335 3191 5392 moritur
3221 5334 3395 5405 major
3434 5350 3497 5389 ev
3524 5340 3783 5388 annorum.

2288 5420 2597 5480 Ana-omnes
2612 5423 2781 5482 TITUS
2799 5435 3159 5498 cognomento
3192 5424 3341 5493 Pius,
3364 5423 3503 5491 XIII,
3526 5437 3638 5479 cum
3673 5414 3784 5472 ﬁliis

526 5489 906 5551 imneratorem
936 5498 1101 5566 misit,
1134 5499 1375 5571 iniquum
1406 5516 1526 5559 esse
1553 5504 1737 5561 dicens
1776 5505 2109 5564 clamoribus
2217 5489 2941 5589 AurelioetLucioregnavit
2960 5519 3118 5573 annis
3140 5516 3167 5555 ά
3194 5533 3305 5574 χχιι
3326 5489 3390 5573 et
3414 5489 3681 5573 mensibus
3710 5518 3781 5571 III,-

502 5634 1308 5741 -'vm:}pudjEus‘ebium,_tam
1357 5662 1409 5717 in
1446 5679 1591 5741 _mss.
1637 5662 1792 5741 Colb.
1843 5669 2102 5741 quinque,
2157 5634 2161 5638 '

518 5732 679 5805 quam
695 5722 895 5805 incdit.
919 5722 1523 5805 Ront._,esopotamiw,
1543 5744 1637 5791 aut
1654 5736 1707 5791 Μ
1713 5722 2107 5805 εεορόιᾶιῆἷα-ἦιί

591 5790 619 5832 δ
636 5793 693 5871 In
707 5792 911 5855 Chron.
926 5790 1144 5871 Eusebii
1169 5790 1296 5857 edit'.
1316 5805 1469 5861 Pont.
1486 5790 1539 5864 et
1552 5790 1678 5866 mss.
1701 5790 2082 5871 dttobusColb.

518 5858 611 5923 ‘3-
638 5864 764 5924 Μῦς.
790 5876 929 5953 tres,
956 5870 1045 5925 73,
1317 5857 1336 5859 -
1704 5857 1908 5869 "vn-
1933 5857 2106 5883 νην,

2300 5690 2323 5751 εξ
2353 5680 2409 5751 In
2442 5683 2663 5739 Eusebii
2693 5683 2926 5751 Cliron.,
2955 5684 3108 5738 annis
3133 5684 3222 5739 IO.

2296 5748 2321 5786 ἀ
2350 5750 2803 5826 In_edi_t._7Pont.,
2830 5748 2922 5826 ‘25,
2958 5772 3120 5811 mens.
3151 5757 3206 5811 5.
3258 5752 3318 5811 In
3347 5768 3451 5813 ms.
3491 5749 3639 5809 Colb.
3666 5754 3785 5814 uno.

2222 5828 2373 5878 armis
2400 5824 2489 5880 25.
2514 5824 2617 5881 Alii
2649 5834 2706 5883 ut
2741 5828 2795 5882 in
2826 5824 2977 5885 textu
3005 5835 3206 5885 nostro.
