4006 6356
227 447 323 509 861

291 563 552 624 RUFINO
583 564 669 622 ET
696 565 1072 636 TORQUATO

289 658 479 715 Romae
508 656 619 714 VIII
646 659 928 730 episcopus
954 657 1237 714 ordinatur
1264 657 1499 715 litemus
1537 656 1692 714 annis
1717 672 1790 712 tv.

288 749 664 819 TORQUATO
693 750 734 805 II
764 749 854 805 ET
886 748 1182 806 HERODE.

286 841 546 900 AVIOLA
576 841 666 898 ET
695 840 988 898 MAXIMO.

285 937 596 993 Antoninus
623 943 774 1007 pater
800 935 987 1006 patrias
1014 934 1340 1007 appellatur.

284 1037 315 1068 ⁸
348 1029 663 1086 Valentinus
718 1028 1109 1086 haeresiarches
1131 1069 1146 1092 .
1201 1037 1258 1084 et
1309 1026 1484 1085 Cerdo
1536 1027 1793 1098 magister

213 1121 499 1179 Marcionis
540 1121 766 1178 Romam
811 1130 1098 1177 venerunt.
1131 1120 1448 1177 Valentinus
1485 1119 1556 1176 de
1600 1127 1790 1174 natura

212 1229 394 1270 rerum
422 1213 589 1269 multa
607 1212 852 1270 fabulosa
877 1214 1158 1281 conﬁnxit,
1184 1226 1434 1268 asserens
1451 1228 1557 1266 xxx
1581 1224 1786 1280 aeonas,

211 1305 257 1361 id
284 1315 374 1362 est
400 1306 620 1371 saecula,
642 1306 939 1373 exstitisse,
964 1321 1193 1377 quorum
1221 1305 1291 1360 sit
1316 1304 1631 1375 principium
1654 1301 1788 1358 Pro-

209 1399 426 1456 fundum
447 1411 504 1456 et
523 1400 831 1468 Silentium,
855 1399 999 1471 quod
1022 1399 1352 1455 Profundum
1381 1399 1540 1454 etiam
1572 1398 1784 1452 Patrem

207 1492 459 1562 appellat.
488 1491 855 1548 Cerdonianus
881 1505 1011 1547 vero
1031 1490 1139 1545 duo
1165 1490 1422 1559 principia
1450 1489 1552 1544 sibi
1590 1488 1783 1545 adver-

205 1588 377 1642 santia
401 1585 748 1657 dogmatizat,
765 1586 1147 1655 dominumque
1167 1586 1301 1655 legis
1320 1598 1384 1638 ac
1401 1583 1782 1653 prophetarum

205 1692 310 1732 non
335 1691 460 1733 esse
489 1676 702 1732 Patrem
732 1676 955 1743 Christi,
978 1691 1079 1731 nec
1102 1661 1301 1730 bonuin
1325 1689 1445 1730 esse
1470 1675 1660 1740 Deum,
1685 1673 1782 1730 sed

204 1769 433 1838 iustum;
487 1777 693 1838 patrem
744 1783 872 1824 vero
920 1767 1121 1823 Christi
1163 1767 1385 1821 bonum.
1437 1765 1515 1820 Ex
1560 1766 1777 1836 quibus,

203 1859 428 1916 duorum
456 1859 604 1915 velut
633 1875 700 1915 ex
745 1859 1016 1929 conjugio,
1053 1857 1380 1927 processisse
1415 1857 1663 1928 perhibet
1689 1856 1777 1912 in-

1449 444 1845 506 CHRONICUM
1884 447 2084 508 INTEG
2094 451 2257 510 RUM.

1819 567 1876 628 Α

1970 567 2200 626 LARGO
2231 569 2321 625 ET
2352 568 2762 628 MESSALINO.

1967 661 2342 729 TORQUATO
2367 664 2436 718 III
2464 665 2551 720 ET
2577 660 2884 721 JULIANO.

1966 753 2305 809 Alexandria:
2329 755 2421 810 VII
2447 757 2814 826 episcopatum
2838 751 3063 825 suscipit
3084 751 3314 812 Marcus.

1964 847 2266 904 ORPHITO
2295 849 2380 904 ET
2409 848 2671 906 PRISCO.

1963 939 2354 996 GLABRIONE
2385 941 2472 995 ΕΤ
2501 941 2804 998 VETERE.

1963 1031 2315 1088 GORDIANO
2345 1031 2433 1086 ET
2458 1031 2748 1088 MAXIMO.

1961 1122 2350 1180 GLABRIONE
2383 1123 2425 1177 II
2454 1122 2543 1178 ET
2572 1121 2876 1179 ROIIULO.

1961 1214 2341 1270 ΡΒΔΕδΕΝΤΕ
2373 1213 2462 1268 ET
2494 1211 2768 1268 RUFINO.

1957 1306 2289 1362 COMMODO
2318 1306 2404 1360 ET
2437 1303 2827 1359 LATERANO.

1961 1399 2146 1454 VERO
2175 1399 2264 1453 ET
2297 1397 2565 1454 SABINO.

1956 1491 2252 1548 SILVANO
2285 1491 2370 1545 ΕΤ
2397 1489 2775 1547 AUGURINO.

1955 1585 2281 1641 BARBARO
2311 1584 2399 1639 ET
2427 1584 2726 1641 REGULO.

1955 1676 2332 1733 Alexandrina:
2360 1677 2618 1732 Ecclesia:
2644 1675 2754 1731 VIII
2783 1674 2997 1745 prmluit
3025 1672 3301 1730 Celadion.

1953 1767 2320 1825 TERTULLO
2352 1769 2439 1824 ET
2479 1767 2913 1825 SACERDOTE.

1952 1859 2215 1917 Crescens
2244 1859 2477 1933 Cynicus
2505 1863 2557 1914 in
2587 1861 2754 1915 nostri
2781 1859 3046 1930 dogmatis
3068 1854 3450 1928 philosophum

203 1953 478 2008 tellectum
508 1962 561 2008 et
587 1928 885 2019 veritatem,
914 1928 970 2008 et
996 1951 1282 2021 protulisse
1311 1966 1492 2007 zonas
1520 1959 1662 2006 octo.
1701 1951 1776 2006 De
1804 1928 1854 1989 Β
1880 1953 2170 2020 Iustinum,
2199 1969 2226 2005 a
2253 1928 2358 2022 quo
2387 1952 2457 2006 ob
2487 1951 2702 2006 nimiam
2727 1928 2904 2020 gulam
2933 1946 3318 2019 praevaricator
3341 1944 3461 2016 phi-

201 2044 478 2099 intellectu
505 2055 560 2099 et
599 2044 872 2100 voluntate
905 2044 1233 2114 processisse
1266 2043 1524 2110 Verbum,
1565 2052 1621 2100 et
1650 2057 1777 2115 pro-

202 2135 386 2190 tulisse
411 2149 594 2189 aeonas
621 2134 825 2191 decem.
859 2135 1028 2190 Porro
1054 2135 1121 2190 de
1141 2134 1318 2190 Verbo
1342 2143 1399 2191 et
1420 2135 1526 2190 vita
1559 2150 1776 2206 proces-

201 2228 328 2284 sisse
361 2229 658 2297 hominem,
689 2237 744 2284 et
771 2229 1063 2285 Ecclesiam
1095 2229 1382 2300 protulisse
1411 2244 1591 2286 aeonas
1635 2230 1773 2286 duo-

85 2341 96 2345 -
200 2319 391 2375 decim.
447 2319 633 2391 Itaque
672 2335 764 2376 vut
806 2330 860 2376 et
900 2337 933 2376 x
973 2329 1028 2377 et
1066 2336 1141 2376 xu
1180 2321 1296 2376 ﬁeri
1339 2322 1522 2378 tricies
1567 2335 1771 2388 aeonas,

197 2410 451 2468 habentes
502 2413 815 2483 principium
861 2412 929 2468 de
976 2412 1245 2469 Prolundo
1289 2422 1346 2468 et
1396 2413 1463 2468 de
1521 2413 1770 2470 Silentio.

198 2502 465 2560 Christum
496 2513 674 2560 autem
699 2521 729 2560 a
759 2504 918 2561 Patre
943 2505 1189 2571 missum,
1220 2505 1273 2561 id
1306 2513 1391 2561 est
1416 2521 1447 2560 a
1473 2504 1770 2572 Profundo,

197 2597 436 2668 spiritale
468 2598 556 2653 vel
599 2598 819 2656 cmieste
847 2613 1044 2669 corpus
1082 2614 1263 2656 secum
1307 2599 1551 2655 attulisse
1595 2597 1772 2654 :nihil

196 2691 553 2763 assumpsisse
580 2691 649 2747 de
679 2691 895 2762 Virgine
934 2691 1134 2759 Maria;
1180 2693 1274 2750 sed
1301 2708 1397 2764 per
1426 2693 1596 2760 illam,
1629 2701 1769 2748 tam-

195 2798 350 2854 quam
391 2798 490 2854 per
529 2782 701 2838 rivum
743 2791 836 2839 aut
877 2783 1132 2851 ﬁstulam,
1161 2785 1280 2841 sine
1320 2785 1428 2842 ulla
1458 2786 1527 2842 de
1581 2785 1770 2842 eadem

194 2883 401 2946 sumpta
442 2890 603 2931 carne
629 2875 904 2933 transisse.
932 2876 1101 2948 Negat
1130 2877 1294 2933 etiam
1333 2879 1493 2950 712
1523 2891 1770 2934 resurre-

193 2967 429 3023 ctionem
471 2966 665 3037 carnis,
717 2967 889 3023 solum
937 2983 1033 3039 per
1066 2968 1337 3025 Christum
1388 2971 1632 3040 Spiritum
1681 2971 1770 3028 vel

193 3057 423 3113 animam
454 3057 680 3114 salutem
722 3060 968 3130 accipere
1010 3059 1306 3118 afﬁrmans.
1331 3060 1359 3101 δ
1388 3061 1768 3134 Christumque

192 3151 362 3223 ipsum
392 3166 569 3224 neque
593 3161 772 3208 natum
801 3167 866 3209 ex
896 3152 1118 3220 femina,
1163 3169 1336 3226 neque
1363 3155 1615 3212 habuisse
1639 3172 1764 3212 car-

191 3257 328 3309 nem,
363 3257 469 3300 nec
496 3258 625 3300 vero
651 3253 937 3310 mortuum,
967 3245 1051 3300 vel
1078 3245 1366 3317 quidquam
1397 3262 1637 3315 passum,
1666 3248 1763 3304 sed

189 3334 474 3392 simulasse
493 3337 816 3406 passionem.
836 3335 1059 3404 Quidam
1080 3351 1174 3392 eos
1192 3337 1244 3392 in
1260 3337 1469 3395 duobus
1489 3338 1765 3410 principiis

191 3427 292 3483 suis
317 3428 396 3484 ita
427 3427 564 3483 duos
593 3428 876 3499 perhibent
901 3426 1031 3484 deos
1067 3428 1269 3496 dicere,
1297 3439 1357 3484 ut
1397 3444 1532 3484 unus
1575 3445 1765 3486 eorum

187 3519 254 3573 sit
276 3518 480 3584 bonus,
511 3517 650 3575 alter
672 3527 848 3575 autem
882 3519 1073 3574 malus.
1123 3519 1593 3576 Resurrecuonem
1620 3536 1767 3580 mor-

190 3620 402 3668 tuorum
433 3619 650 3682 negant,
669 3621 986 3683 spernentes
1007 3627 1202 3667 novum
1225 3612 1677 3686 Testamentum._
1729 3669 1735 3674 .

252 3703 496 3760 Ilarcion
523 3718 752 3776 quoque,
783 3719 811 3758 a
843 3719 947 3774 quo
972 3703 1298 3760 Marcionitre
1332 3705 1606 3776 appellati,
1634 3704 1767 3762 Cer-

187 3797 338 3856 donis
370 3797 564 3870 dogma
595 3806 830 3855 sectatus
852 3811 954 3864 est,
981 3798 1082 3854 hoc
1119 3799 1401 3869 adjiciens,
1432 3810 1488 3854 ut
1520 3816 1626 3857 non
1654 3800 1765 3858 duo

187 3897 419 3957 tantum,
448 3889 541 3945 sed
571 3888 672 3945 tria
702 3898 972 3946 assereret
999 3904 1120 3945 esse
1145 3891 1430 3961 principia,
1462 3907 1627 3946 unum
1655 3892 1764 3948 sci-

185 3977 306 4042 licet
357 3980 592 4048 bonum,
657 3980 884 4036 alterum
934 3981 1170 4051 justum,
1228 3982 1442 4037 tertium
1514 3999 1759 4053 pravum.

185 4070 442 4141 Quamvis
495 4073 638 4128 tertii
667 4073 914 4144 principii
937 4081 1207 4130 auctorem
1251 4073 1466 4142 quidam
1512 4073 1763 4131 Sirenum

184 4164 494 4234 quemdam,
517 4164 696 4234 potius
715 4179 875 4236 quam
901 4164 1222 4221 Marcionem
1245 4164 1414 4222 fuisse
1433 4166 1761 4225 existiment.

248 4254 603 4312 ANTONINO
633 4256 701 4312 III
727 4255 816 4312 ET
845 4255 1169 4314 AURELIO.

249 4349 494 4406 GRATO
525 4349 612 4406 ET
637 4348 974 4409 SELEUCO.

247 4442 443 4500 Romae
471 4443 540 4497 IX
569 4445 851 4515 episcopus
875 4446 1157 4502 ordinatur
1183 4447 1306 4504 PIUS
1331 4459 1354 4488 °
1388 4450 1541 4506 annis
1569 4467 1656 4506 xv.

247 4535 370 4593 Hoc
429 4545 672 4608 tempore
716 4538 1365 4612 Justinusjphilosophus
1417 4544 1613 4600 librum
1664 4562 1766 4618 pro

178 4638 364 4685 nostra
414 4629 674 4701 religione
722 4634 1084 4702 conscriptum
1123 4635 1398 4692 Antonino
1448 4639 1761 4709 imperatori

177 4720 424 4778 tradidit.

240 4814 558 4870 Antiochia:
587 4815 630 4871 V
655 4815 936 4889 episcopus
964 4820 1310 4878 constituitur
1340 4822 1534 4882 Heros.

240 4909 600 4968 ANTONINO
626 4911 691 4968 IV
725 4912 813 4968 ET
840 4913 1142 4970 AURELIO
1165 4915 1229 4973 Il.

242 5098 269 5126 ι
294 5089 361 5144 In
385 5088 507 5144 aliis
524 5089 816 5163 codicibus,
843 5109 977 5163 quos
1001 5109 1059 5149 se
1084 5109 1196 5163 prae
1228 5096 1477 5152 manibus
1501 5098 1754 5156 habuisse

170 5169 407 5233 testatus
431 5170 515 5233 est
536 5161 642 5233 Ph.
679 5161 941 5229 Labbeus,
972 5166 1050 5220 sic
1079 5161 1393 5233 exprimitur
1443 5170 1526 5223 hic
1556 5171 1757 5226 articu-

166 5232 249 5308 lus
276 5250 307 5308 :_
333 5229 642 5308 valentium
663 5233 1040 5308 Ineresiareltes,
1063 5245 1109 5290 et
1133 5229 1315 5300 Cerdo,
1343 5241 1583 5308 magister
1610 5239 1753 5295 Mar-

165 5303 362 5367 cionis,
392 5301 608 5355 Romam
625 5317 881 5358 venerunt.
917 5305 1220 5361 Valentinus
1244 5325 1411 5361 rerum
1427 5301 1632 5365 “natura
1648 5313 1752 5367 duo

163 5373 464 5452 dixit_esse
487 5373 762 5444 principia,
797 5373 1120 5452 Profundum
1149 5386 1213 5452 et
1231 5378 1526 5433 Silentium.
1558 5381 1614 5452 7A
1635 5385 1753 5452 qui-

162 5444 259 5496 bus
424 5442 550 5517 arta
576 5442 696 5517 sunt
723 5442 929 5500 alecula.
976 5445 1301 5517 Profundum
1345 5459 1514 5503 autent
1547 5442 1754 5507 Patrem

159 5512 529 5590 “sep/tristi,
553 5515 639 5584 qui
664 5512 1238 5590 spiritalervelgcmleste
1275 5537 1454 5590 corpus
1486 5523 1746 5590 habuerit,
1781 5579 1788 5584 ,

157 5583 408 5666 nihilque
437 5584 502 5637 de
525 5583 716 5666 natura
762 5589 940 5666 matris
988 5588 1213 5666 Virginis
1261 5583 1610 5666 assumpserit,
1659 5583 1749 5650 sed

154 5672 252 5727 per
283 5659 485 5727 ipsum,
517 5663 775 5727 tamquam
802 5659 961 5725 rivus,
1000 5659 1107 5712 sine
1133 5663 1304 5714 carnis
1335 5659 1571 5717 humanm
1617 5667 1745 5719 veri-

155 5726 582 5804 tate-transierit.
623 5727 1060 5804 Resurrectionem
1101 5747 1304 5802 quoque
1330 5736 1497 5788 carnis
1538 5744 1746 5804 negant,

151 5795 383 5862 spiritui
422 5804 620 5868 tantum
647 5798 725 5852 vel
753 5801 936 5852 anima:
985 5795 1281 5868 promittunt
1308 5803 1544 5858 salutem.
1582 5795 1746 5861 Cerdo

151 5880 375 5939 quoque
418 5866 636 5939 duorum
681 5866 1081 5939 principiorum,
1124 5874 1177 5926 id
1208 5882 1315 5937 est,
1366 5875 1517 5927 unius
1552 5878 1669 5930 boni
1698 5888 1748 5931 et

147 5935 390 6004 ulterius
433 5938 558 6007 mali
603 5935 819 6012 assertor
851 5935 994 6027 fuit:
1039 5953 1084 6004 et
1116 5935 1322 6028 Patrem
1366 5945 1550 6016 Christi
1583 5948 1742 6022 Deum

1879 2045 2140 2116 losOphia:
2169 2044 2519 2116 arguebatur.
2561 2042 2995 2116 persecutionem
3043 2039 3353 2106 suscitavit,
3400 2036 3458 2094 in

1877 2155 1981 2211 qua
2010 2141 2098 2195 ille
2123 2139 2355 2210 gloriose
2381 2157 2483 2208 pro
2506 2138 2726 2194 Christo
2749 2135 3060 2209 sanguinem
3089 2133 3244 2192 fudit.

1950 2230 2319 2300 QUINTILLO
2349 2231 2438 2286 ET
2467 2229 2722 2286 PRISCO.

1949 2323 2138 2380 VERO
2165 2325 2208 2381 I‘I
2236 2325 2320 2380 ET
2352 2323 2656 2381 BRADUA.

1948 2417 2206 2474 Romana:
2227 2419 2488 2475 Ecclesiae
2509 2420 2877 2488 episcopatum
2893 2413 2938 2471 X
2953 2414 3177 2486 suscipit
3190 2415 3457 2472 ANICI'I'US

1875 2511 2033 2567 annis
2064 2527 2120 2577 ι,
2152 2511 2250 2566 sub
2271 2525 2375 2580 quo
2398 2511 2728 2583 Polycarpus
2755 2507 2985 2565 Romam
3009 2508 3233 2565 veniens
3258 2505 3454 2562 multos

1874 2606 1944 2662 ab
1970 2604 2225 2661 haeretico
2249 2619 2433 2660 errore
2453 2604 2705 2660 correxit.

1945 2696 2288 2756 ANTONINO
2319 2697 2388 2753 III
2416 2696 2504 2751 ET
2533 2693 2832 2753 AURELIO
2859 2693 2948 2750 lII.

1948 2791 2010 2847 P.
2039 2787 2102 2846 C.
2131 2787 2456 2845 ANTONINI
2484 2787 2550 2844 III
2579 2787 2664 2843 ET
2692 2783 2971 2842 AUBELII
2997 2783 3089 2840 III.

1946 2883 2296 2957 Jerosolymte
2318 2883 2682 2954 episcopatum
2709 2888 2830 2950 post
2850 2878 3082 2934 Marcum
3103 2875 3247 2932 XVII
3269 2889 3456 2932 suscec

1873 2978 1954 3050 pit
1978 2978 2298 3044 Cassianus,
2326 2975 2493 3032 XVIII
2520 2973 2738 3030 Publius
2757 3013 2772 3041 ,
2806 2971 3070 3028 Maximus
3101 2969 3258 3036 XIX,
3290 2968 3451 3042 713

1871 3072 2066 3130 deinde
2091 3071 2191 3127 XX
2213 3070 2459 3128 Julianus
2476 3113 2490 3137 ,
2517 3069 2593 3125 sic
2608 3067 2728 3124 XXI
2750 3069 2778 3108 τι
2800 3065 3066 3136 Grajanus
3087 3108 3102 3134 ,
3126 3061 3272 3118 XXII
3297 3063 3454 3134 Sym-

1870 3168 2129 3236 machus,
2169 3176 2282 3223 tum
2311 3162 2478 3222 XXIII
2507 3163 2700 3229 Caius,
2753 3160 2922 3217 XXIV
2960 3158 3242 3224 Julianus,
3289 3166 3450 3229 atque

1870 3260 1997 3316 inde
2022 3259 2166 3315 XXV
2189 3257 2400 3329 Capito.

1941 3351 2244 3408 Antoninus
2286 3351 2410 3406 Pius
2437 3349 2576 3421 apud
2609 3347 2831 3405 Lorium
2859 3347 2913 3403 in
2958 3344 3087 3401 villa
3117 3357 3213 3400 sua
3234 3385 3248 3410 ,
3276 3357 3352 3399 xu
3384 3340 3453 3397 ab

1870 3444 2016 3502 Urbe
2041 3443 2291 3499 milliario
2321 3442 2571 3510 moritur,
2603 3455 2744 3497 anno
2769 3440 2891 3496 vitae
2918 3453 3030 3494 suae
3059 3451 3202 3493 LXXII
3231 3444 3254 3472 ο
3285 3434 3454 3508 [Alias

1872 3553 2102 3594 LXXVIII.

1945 3553 2053 3592 xvu
2087 3577 2102 3590 .

1943 3627 2013 3682 Μ.
2041 3536 2368 3696 ἐκτοκικυε,
2399 3626 2490 3697 qui
2528 3635 2582 3682 et
2609 3625 2811 3690 Venus,
2843 3630 2900 3678 et
2921 3622 2985 3677 L.
3018 3621 3285 3676 Antistius
3309 3616 3451 3675 Cou-

1870 3735 2059 3787 nonus,
2093 3721 2234 3787 XIV,
2265 3720 2516 3791 regnavit
2540 3718 2694 3775 annis
2722 3732 2810 3774 xix
2847 3724 2902 3772 et
2929 3728 3116 3772 mense
3141 3727 3267 3770 uno.

1939 3813 2209 3871 DUOBUS
2236 3813 2594 3871 AUGUSTIS.

1939 3906 2006 3962 lli
2034 3907 2277 3978 primitus
2303 3920 2457 3977 atquo
2480 3905 2603 3975 jure
2626 3902 2907 3975 imperium
2931 3899 3091 3957 simul
3109 3897 3448 3964 administrae

1868 4009 2079 4068 verunt,
2123 4013 2242 4056 cum
2276 4011 2444 4069 usque
2483 3997 2548 4053 ad
2594 3997 2697 4053 hoc
2741 4005 2950 4067 tempus
2980 3991 3175 4064 singuli
3223 3991 3449 4062 Augusti

1869 4090 2088 4148 fuerint.

1940 4181 2230 4238 RUSTICO
2269 4180 2357 4237 ET
2396 4179 2675 4250 AQUILO.

1941 4272 2264 4330 L/ELIANO
2305 4273 2388 4328 ET
2429 4270 2764 4329 PASTORE.

1940 4363 2243 4422 MACRINO
2281 4365 2369 4421 ET
2409 4365 2448 4422 C
2461 4366 2650 4422 ELSO.

1941 4458 2240 4514 ORPIIITO
2279 4458 2368 4513 ET
2407 4457 2493 4514 PU
2507 4457 2753 4514 DENTE.

1943 4555 2258 4613 PUDENTE
2294 4556 2335 4611 Il
2377 4555 2466 4610 ET
2506 4553 2865 4611 POLLIONE.

1943 4647 2276 4703 Alexandria:
2301 4646 2374 4701 IX
2405 4649 2611 4716 praefuit
2648 4648 2992 4719 Agrippinus.

1790 4712 1845 4772 D
1940 4740 2162 4806 Qunam
2210 4754 2549 4795 PERSECUTIO.
2599 4739 2984 4797 Persecutione
3032 4749 3151 4798 orta
3193 4738 3249 4795 in
3289 4741 3446 4806 Asia,

1863 4832 2193 4904 Pclycarpus
2221 4841 2274 4888 et
2297 4829 2318 4870 ί
2349 4832 2601 4888 Paeonius
2628 4833 2807 4891 fecere
2837 4834 3186 4904 martyrium:
3216 4847 3447 4904 quorum

1863 4925 2076 4994 scripta:
2099 4938 2311 4994 quoque
2338 4922 2586 4979 feruntur
2609 4924 2914 4994 passiones.

1855 5117 1964 5156 esse
1989 5101 2115 5174 legis
2137 5117 2195 5155 ac
2218 5101 2580 5175 prapltetarum
2613 5100 3120 5175 negavit.ACItristum
3154 5099 3326 5170 ipsum
3351 5117 3444 5154 ne-

1857 5189 1955 5241 que
1976 5182 2152 5226 natum
2177 5187 2240 5226 ea:
2261 5173 2468 5240 femina,
2511 5173 2938 5243 neque‘habuisse
2959 5187 3186 5243 carnem,
3209 5185 3302 5222 nec
3330 5187 3447 5243 uere

1859 5259 2086 5311 passum,
2121 5259 2211 5296 nec
2233 5259 2345 5297 vere
2370 5241 2625 5298 mortuum
2648 5244 2799 5297 dixit.
2827 5241 3272 5311 Resurrectionem
3295 5242 3446 5295 etiam

1836 5310 2030 5367 Tearnis
2068 5314 2319 5382 refutans,
2344 5324 2391 5368 et
2420 5314 2793 5369 Testamentum
2817 5321 2954 5366 vetus
2976 5310 3318 5382 spernendum
3339 5327 3447 5368 esse

1859 5386 2134 5439 decernens
2145 5426 2156 5438 .

1930 5454 1958 5492 ιι
1991 5455 2125 5522 Vox,
2161 5455 2371 5525 bonum,
2404 5455 2618 5512 additur
2646 5469 2709 5511 ex
2751 5452 3047 5524 Augustino
3077 5453 3172 5509 lib.
3207 5454 3282 5510 de
3325 5454 3444 5512 Ilie-

1860 5540 1966 5580 res.
2002 5525 2133 5580 ltter.
2167 5526 2259 5580 22.

1932 5607 1953 5634 ε
1985 5596 2081 5651 Ms.
2114 5611 2251 5651 unus
2273 5611 2342 5651 ex
2369 5595 2554 5667 Colb.,
2576 5598 2727 5651 annis
2751 5597 2836 5651 l0.
2863 5595 2990 5652 Mss.
3016 5604 3146 5660 tres,
3171 5597 3320 5652 annis
3348 5595 3438 5650 {2.

1853 5665 2082 5736 Quintus
2111 5683 2210 5722 ms.
2245 5667 2514 5736 antiquior
2540 5665 2596 5722 et
2617 5667 2747 5722 edit.
2777 5667 2961 5736 Pont.,
2993 5669 3141 5722 annis
3173 5668 3262 5727 I5.

1926 5735 1952 5775 ά
1986 5739 2039 5792 In
2077 5736 2293 5792 Eusebii
2326 5737 2613 5806 Chronico,
2648 5735 2903 5792 Gaianas.

1913 5818 1952 5882 L°
1982 5808 2406 5882 EditioPontac.
2451 5823 2570 5882 cum
2616 5824 2744 5882 mss.
2780 5820 3007 5882 quatuor
3037 5807 3190 5865 Colb.
3234 5805 3444 5878 habent
3533 5823 3536 5826 ’

1852 5877 1960 5962 ‘7';
1979 5895 2080 5962 ms.
2113 5879 2271 5962 alius,
2295 5876 2423 5962 item
2453 5880 2632 5962 quin,
2667 5880 2756 5936 72.

1929 5950 1947 6002 t
1976 5949 2123 6040 Apud
2154 5947 2440 6019 Eusebium
2475 5949 2714 6038 Pioniua,
2742 5961 2832 6026 aut
2859 5951 3115 6043 Pyoniut.
