4006 6356
552 451 648 512 ξοδ

1778 435 1832 490 S.
1878 432 2210 490 PROSI‘ERI
2255 432 2583 502 AQUITANI
3703 441 3790 500 Mi

621 568 673 620 Iu
701 560 871 619 Gallia
900 569 1109 630 quoque
1138 552 1351 627 plurimi
1383 552 1450 607 ob
1477 563 1671 605 nomen
1705 549 1799 604 Del
1827 547 2126 602 interfecti:
2157 548 2210 609 Α
2306 545 2580 603 SEVERO
2610 546 2696 602 ET
2728 543 3193 602 IIERENNIANO.

503 643 506 646 I
556 673 776 730 quorum
829 668 996 724 usque
1045 653 1097 706 in
1151 655 1469 720 praesentem
1519 643 1662 698 diem
1713 640 1924 697 condita
1987 640 2136 694 libris

553 749 841 805 rertamlna
878 754 1248 818 perseverant.

624 840 806 898 VERO
839 840 905 896 ιν
933 840 1020 895 ΕΤ
1046 833 1443 906 QUADRATO.

625 931 1019 989 APRONIANO
1049 930 1135 985 ET
1175 925 1424 983 PAULO.

627 1026 884 1080 Romana:-
925 1021 1182 1077 Ecclesia:
1215 1019 1583 1088 episcopatum
1612 1012 1685 1068 XI
1715 1011 1938 1083 suscipit
1963 1011 2138 1068 Somn

560 1129 584 1158 ι
615 1121 768 1175 annis
794 1133 908 1173 vln.

629 1210 1018 1268 APRONIANO
1046 1209 1135 1264 ET
1167 1204 1412 1263 PAULO.

632 1304 930 1360 Antiochiae
959 1302 1029 1357 VI
1055 1302 1336 1372 episcopus
1366 1294 1646 1352 ordinatur
1671 1291 2022 1364 Theophilus,
2051 1305 2142 1348 cu-

555 1401 639 1470 jus
670 1399 900 1469 plurima
929 1396 1129 1465 ingenii
1155 1409 1317 1462 opera
1347 1397 1588 1446 exstant.

630 1488 867 1545 PRISCO
895 1487 984 1542 ET
1013 1477 1514 1540 APPOLLINARE.

627 1581 953 1637 CETIIEGO
994 1579 1080 1633 ET
1107 1576 1352 1632 CLARO.

630 1673 828 1727 Lucius
858 1669 1151 1741 imperator
1177 1682 1318 1725 anno
1356 1666 1506 1737 regni
1535 1667 1616 1720 sui
1647 1681 1725 1733 ix,
1769 1665 1902 1732 sive,
1936 1671 1995 1719 ut
2022 1664 2144 1735 qui-

560 1766 683 1822 dam
715 1773 922 1836 putant,
952 1763 979 1802 b
1008 1780 1064 1828 ι,
1100 1765 1240 1818 inter
1268 1759 1622 1815 Concordiam
1654 1767 1708 1814 et
1749 1758 1987 1813 Altinum
2012 1771 2145 1828 apo-

559 1859 738 1930 plexia
776 1858 1075 1914 exstinctus
1107 1866 1207 1912 est.

2309 639 2334 676 ἀ
2364 640 2622 696 Tatianns
2663 639 2966 704 haereticus,
3001 655 3029 693 τι
3058 655 3166 710 quo
3213 640 3463 711 appellati
3503 640 3787 711 Encratitaz,

2239 745 2465 802 quorum
2497 731 2689 802 dogma
2719 740 2802 786 est
2834 745 2940 786 non
2983 729 3267 787 admittere
3294 732 3360 786 ad
3390 735 3792 792 communionem

2239 836 2390 876 suam
2437 821 2542 877 nisi
2573 822 2937 888 continentes,
2969 833 3021 878 et
3050 834 3144 878 eos
3171 823 3262 892 qui
3293 823 3490 880 saeculo
3516 825 3588 881 ita
3613 839 3796 885 renun-

2242 915 2521 980 tiaverint,
2543 925 2601 970 ut
2624 915 2840 986 propria
2868 914 3016 970 nulla
3041 915 3369 985 possideant.

2316 1016 2340 1046 ο
2363 1007 2698 1063 Bardesanes
2713 1021 2928 1078 quoque
2947 1006 3168 1062 alterius
3189 1015 3380 1063 auctor
3394 1009 3615 1079 erroris,
3635 1013 3798 1070 eodem

2243 1111 2489 1172 tempore
2509 1101 2760 1168 innotuit,
2785 1101 2838 1156 in
2863 1099 3133 1156 Valentini
3156 1099 3410 1157 heresim
3436 1115 3501 1158 os
3527 1114 3668 1174 parte
3693 1120 3799 1177 pro-

2243 1195 2446 1266 lapsus.

2315 1288 2622 1345 ORPHITO
2652 1289 2743 1344 ET
2773 1287 3068 1344 MAXIMO.

2313 1380 2588 1437 SEVERO
2617 1380 2703 1435 ET
2732 1377 3125 1435 POMPEIANO

2318 1474 2375 1528 In
2402 1474 2621 1544 regione
2643 1472 2956 1542 Quadorum
2980 1471 3222 1528 exercitu
3251 1470 3510 1528 Antonini
3543 1471 3802 1543 imperato.

2248 1569 2325 1624 ris
2351 1569 2438 1623 siti
2464 1581 2747 1638 oppresso,
2781 1563 2802 1604 ί
2833 1564 3011 1636 pluvia
3058 1565 3315 1621 divinitus
3361 1566 3528 1621 missa
3559 1575 3674 1621 est:
3699 1581 3802 1624 cum

2249 1675 2280 1717 e
2304 1661 2575 1718 contrario
2594 1659 2893 1717 Germanos
2918 1667 2971 1714 et
2990 1657 3270 1714 Sarmatas
3298 1659 3520 1714 Iulmina
3553 1673 3805 1731 persequo-

2251 1765 2458 1824 rentur,
2518 1763 2574 1812 et
2626 1755 2886 1826 plurimos
2937 1767 3124 1810 eorum
3182 1753 3572 1810 interﬁcerent.
3610 1755 3804 1810 Exstant

2251 1854 2445 1909 litterae
2486 1852 2649 1908 Marci
2681 1850 2882 1907 Aurelii
2918 1847 3218 1920 gravissimi
3250 1847 3611 1918 imperatoris,
3642 1848 3804 1918 quibus

632 1949 904 2006 Antonino
953 1947 1262 2014 imperatori
1316 1945 1499 2000 Melito
1565 1943 1795 1998 Asianus
1859 1943 2144 2014 episcopus

2252 1948 2393 2005 illam
2443 1946 2816 2003 Germanicam
2871 1943 3057 2009 sitim,
3115 1941 3554 1997 Cbristinorum
3609 1941 3803 1995 militum

563 2044 970 2116 Apologeticum
1005 2056 1102 2112 pro
1126 2037 1446 2096 Christianis
1474 2036 1709 2092 tradidit.

631 2136 958 2210 Apollinaris
987 2136 1218 2192 Asianus
1263 2131 1698 2204 Hierapolitanus
1729 2131 2015 2202 episcopus
2055 2132 2140 2186 In.

561 2236 730 2307 signis
762 2234 1008 2289 habetur.

633 2329 836 2384 Eodem
887 2335 1127 2395 tempore
1179 2322 1462 2392 Dionysius
1503 2319 1788 2389 episcopus
1829 2314 2140 2372 Corinthio-

559 2439 678 2480 rum
703 2423 877 2478 clarus
907 2418 1022 2489 fuit,
1065 2427 1118 2474 et
1151 2417 1369 2488 Pinytus
1393 2413 1667 2470 Cretensis
1697 2412 1777 2466 vir
1815 2405 2143 2481 eloquentis-

559 2516 746 2572 simus.

632 2612 740 2664 Hac
763 2611 1084 2676 tempestate
1107 2598 1618 2674 pseudoprophetia,
1641 2609 1761 2666 quae
1777 2595 2145 2668 Cataphrygas

560 2702 897 2766 nominatur,
956 2696 1162 2766 accepit
1216 2691 1525 2756 exordium,
1589 2692 1842 2746 Montano
1888 2701 2140 2755 auctore,

565 2805 586 2832 ο
619 2793 803 2848 Prisca
828 2787 1223 2855 Maximillaque
1247 2785 1450 2840 Insanis
1472 2781 1706 2838 vatibus.
1739 2781 1947 2838 Nomen
1972 2784 2144 2839 errori

561 2883 836 2955 provincia
866 2879 1092 2952 Phrygia
1130 2877 1292 2950 714.
1315 2877 1464 2933 dedit
1493 2918 1508 2942 ,
1538 2877 1658 2947 quia
1688 2877 1999 2933 inventores
2027 2875 2146 2949 ejus

562 2977 668 3032 illic
697 2974 946 3045 primitus
975 2972 1324 3035 exstiterunt,
1374 2969 1555 3038 ibique
1598 2967 1876 3032 vixerunt,
1909 2978 1965 3024 et
2003 2984 2148 3026 nunc

562 3069 722 3124 etiam
758 3067 808 3120 in
831 3063 1034 3119 eisdem
1070 3060 1308 3132 partibus
1335 3060 1565 3130 pupulos
1591 3059 1810 3115 habent.
1843 3059 2147 3116 Adventum

561 3160 792 3230 Spiritus
847 3155 1016 3211 sancti
1047 3169 1075 3208 a
1117 3153 1344 3208 Domino
1373 3154 1730 3222 promissum,
1776 3153 1829 3206 in
1872 3168 1929 3208 se
1971 3155 2148 3222 potius

563 3267 722 3322 quam
760 3249 813 3304 in
835 3249 1108 3319 apostolos
1135 3246 1298 3300 fuisse
1325 3253 1612 3299 asserunt:
1642 3242 1907 3298 secundas
1934 3245 2147 3315 nuptias

2247 2041 2544 2113 precationi
2566 2040 2739 2095 imbre
2767 2049 3046 2105 concesso,
3075 2035 3374 2092 discussam
3402 2041 3744 2090 contesttuur.

2317 2131 2545 2190 GALLO
2575 2131 2664 2188 ET
2690 2128 2980 2187 FLACCO.

2319 2224 2563 2281 PISONE
2593 2224 2683 2279 ET
2713 2220 3028 2280 JULIANO.

2318 2317 2655 2374 POLLIONE
2686 2317 2776 2373 ET
2805 2316 3008 2372 APRO.

2315 2411 2647 2469 COMMODO
2679 2410 2766 2466 ET
2803 2406 3194 2479 QUINTILLO.

2321 2505 2619 2562 Antoninus
2673 2504 3028 2561 Commodum
3082 2501 3252 2557 ﬁlium
3306 2513 3463 2557 suum
3525 2508 3800 2557 consortem

2247 2598 2398 2671 regni
2429 2598 2573 2654 iacit.
2723 2650 2734 2653 _

2319 2693 2621 2752 ORPHITO
2657 2693 2746 2750 ET
2777 2692 2982 2751 RUFO.

2320 2789 2624 2844 Antoninus
2650 2801 2771 2843 cum
2797 2785 2911 2841 ﬁlio
2938 2785 3006 2842 de
3028 2783 3274 2840 hostibus
3304 2781 3672 2852 triumphavit,
3693 2792 3808 2851 quos

2251 2896 2346 2954 per
2368 2881 2654 2938 triennium
2676 2878 2817 2951 apud
2840 2888 2866 2929 8
2889 2878 3218 2936 Carnuntum
3237 2876 3399 2950 715
3425 2875 3627 2932 habens
3643 2873 3808 2930 stativa

2251 2987 2426 3034 castra
2451 2983 2777 3032 vastaverat.

2321 3067 2656 3126 COMMODO
2684 3067 2727 3124 II
2758 3067 2850 3124 ET
2877 3065 3062 3123 VERO
3091 3065 3156 3123 Il.

2324 3162 2671 3219 Alexandriae
2703 3159 2752 3216 Χ
2780 3160 3062 3216 ordinatur
3089 3159 3373 3230 episcopus
3398 3154 3658 3213 Julianus.

2325 3258 2624 3313 Antoninus
2655 3258 2706 3310 in
2730 3253 3008 3311 Pannonia
3033 3251 3222 3310 morbo
3263 3251 3441 3323 periit.

566 3359 661 3412 pro
699 3341 1135 3397 fornicationibus
1165 3338 1393 3402 habent;
1423 3344 1480 3391 et
1521 3335 1645 3392 ideo
1686 3337 1871 3391 dicunt
1899 3352 1992 3392 eas
2019 3351 2140 3408 per-
2170 3325 2216 3389 C
2324 3353 2633 3418 ροηουυε,
2661 3349 2779 3415 xv,
2820 3349 3063 3422 regnavit
3091 3360 3260 3404 annos
3291 3361 3406 3402 xm.

565 3437 774 3492 misisse
803 3436 1102 3506 apostolum
1133 3433 1382 3496 Paulum,
1414 3431 1538 3501 quia
1567 3444 1633 3486 ex
1676 3440 1826 3501 parte
1866 3432 2069 3488 sciebat
2095 3445 2149 3491 et

563 3549 629 3587 ex
660 3540 810 3602 parte
840 3528 1223 3600 prophetabat;
1274 3525 1511 3580 nondum
1557 3527 1700 3580 enim
1745 3535 1968 3582 venerat
2005 3529 2147 3598 quod

566 3624 859 3696 perfectum
900 3631 1004 3679 est.
1041 3622 1152 3676 Hoc
1197 3628 1374 3674 autem
1407 3621 1701 3688 perfectum
1731 3621 1784 3675 in
1816 3621 2147 3691 Montanum,

563 3720 700 3774 etin
745 3719 862 3788 ejus
907 3714 1278 3786 prophetissas
1328 3714 1540 3770 venisse
1588 3713 1838 3769 delirant.
1872 3714 2150 3774 Sacriﬁcia

563 3813 912 3882 perhibentur
935 3811 1133 3866 habere
1162 3810 1390 3865 funesta.
1419 3807 1551 3863 Nam
1581 3807 1650 3864 de
1671 3807 1892 3864 infantis
1914 3811 2149 3868 anniculi

562 3908 843 3977 sanguine,
868 3920 1024 3977 quem
1049 3903 1116 3960 de
1141 3913 1252 3959 toto
1274 3903 1391 3974 ejus
1415 3917 1642 3974 corpore
1664 3904 1883 3959 minutis
1907 3906 2153 3974 punctio-

562 4016 692 4056 num
737 3997 1052 4054 vulneribus
1123 4004 1485 4066 extorquent,
1543 3998 1697 4066 quasi
1755 3995 2150 4054 Eucharistiam

562 4109 713 4149 suam
760 4092 1025 4148 conﬁcere
1051 4089 1425 4161 perhibentur,
1473 4090 1764 4144 miscentes
1788 4105 1909 4146 eum
1942 4077 2148 4162 farina),

562 4201 864 4259 panemque
886 4186 1009 4240 inde
1031 4184 1308 4239 facientes.
1333 4181 1433 4250 Qui
1456 4197 1608 4254 puer,
1631 4183 1678 4237 si
1701 4193 1943 4240 mortuus
1965 4185 2146 4256 fuerit,

563 4296 662 4350 pro
692 4288 928 4352 martyre
959 4278 1216 4343 habetur;
1250 4280 1294 4333 si
1323 4284 1506 4333 autem
1541 4277 1754 4347 vixerit,
1781 4284 1881 4351 pro
1913 4283 2150 4339 maximo

562 4375 867 4431 sacerdote.

636 4559 661 4590 ε
691 4550 793 4605 Ms.
833 4547 986 4604 Colb.
1016 4563 1154 4603 unus
1195 4545 1368 4601 aetatis
1396 4559 1504 4601 non
1536 4547 1968 4618 contemnendae,
1998 4551 2146 4606 annis

563 4620 652 4688 M,
675 4636 797 4676 cum
822 4619 911 4674 alii
932 4628 985 4675 et
1008 4621 1135 4674 edit.
1162 4618 1415 4682 habeant,
1450 4620 1597 4672 annis
1624 4619 1678 4674 8.

633 4692 660 4732 δ
690 4691 915 4747 Codices
952 4690 1235 4746 Eusebiani
1263 4689 1517 4745 Chronici
1547 4689 1745 4746 habent
1774 4692 1860 4746 Ii.

637 4775 659 4803 ο
687 4763 745 4818 In
776 4763 927 4818 libris
955 4759 1245 4817 Eusebiani
1275 4757 1547 4826 Chronici,
1593 4757 1859 4817 Priscilla.

631 4832 658 4873 (ι
692 4836 915 4890 Auctior
944 4834 1142 4904 legitur
1163 4832 1422 4886 articulus
1446 4833 1548 4886 iste
1577 4833 1629 4886 in
1656 4834 1934 4890 codicibus
1972 4834 2089 4891 aliis
2118 4849 2145 4887 τι

563 4907 660 4960 Ph.
688 4906 903 4978 Labbeo
922 4902 1073 4978 visis.
1101 4902 1634 4978 Tatiquushmrrticus
1656 4908 1972 4973 agnoscitur,
1995 4924 2027 4961 a
2045 4923 2148 4978 quo

559 4977 809 5048 appellati
857 4975 1161 5048 Encratitw.
1197 4973 1737 5048 Nuptiasndomnaut,
1780 4995 2025 5048 paresque
2058 4973 2149 5032 cas

561 5047 892 5119 fornicationi
937 5059 983 5101 et
1027 5047 1164 5101 omni
1218 5046 1526 5116 turpitudini
1582 5062 1688 5119 esse
1730 5046 2022 5119 deﬁniunt:
2058 5066 2148 5102 nec

560 5116 814 5188 rccipiunt
842 5119 896 5192 in
923 5119 1239 5192 consortium
1266 5132 1462 5192 marem
1505 5119 1581 5169 vel
1626 5116 1871 5192 feminum
1904 5120 2147 5192 conjugio

563 5199 804 5261 utentem.
834 5189 1160 5244 Proiatioues
1205 5188 1457 5261 quasdam
1502 5189 1803 5261 stimulorum
1848 5192 1910 5245 de
1960 5188 2148 5261 fabrilis

561 5258 828 5382 galeritiui
879 5270 1173 5331 sequuntur.
1216 5257 1400 5316 Saluti
1451 5257 1603 5330 primi
1662 5261 1882 5315 hominis
1939 5257 2138 5316 contra-

599 5342 756 5382 ιειιηι.

599 5342 733 5384 ιοιιηι
744 5373 756 5385 .

635 5411 658 5438 θ
691 5402 931 5474 Articulo
961 5405 1203 5474 sequenti
1233 5401 1433 5458 ibidem
1457 5400 1720 5457 diﬁ‘usiori
1744 5414 1995 5457 sermone
2016 5402 2148 5472 legi-

560 5481 649 5545 tur
675 5471 1278 5545 :_Bardesanes'alterius
1311 5474 1559 5529 haereseos
1589 5474 1822 5544 princeps
1851 5471 2142 5545 inualescit,

559 5543 648 5613 qui
675 5542 1139 5616 Bardesones,cum
1164 5545 1487 5614 aliquamdiu
1511 5545 1563 5596 in
1583 5545 1685 5612 ﬁde
1707 5542 1882 5616 fuisse!
1908 5542 2142 5616 insignis,

558 5611 737 5684 postea
761 5618 813 5668 in
841 5611 1097 5668 Valentini
1119 5611 1348 5670 transivit
1370 5611 1829 5686 crrores,qua}nris
1853 5632 1951 5671 non
1976 5611 2144 5672 onmio

558 5689 674 5738 eius
705 5693 907 5738 secutus
935 5685 1018 5738 sit.

589 5693 674 5755 ius
705 5693 907 5740 secutus
935 5693 1018 5738 sit.

636 5756 654 5794 τ
690 5757 846 5812 Plura
878 5757 945 5810 de
977 5758 1074 5811 hac
1102 5755 1282 5825 pluvia
1321 5757 1577 5814 divinitus
1613 5759 1774 5813 missa
1807 5758 2142 5813 orationibus

557 5828 1006 5907 Christianorum,
1033 5827 1170 5907 apud
1195 5828 1441 5907 Orosium
1464 5828 1556 5884 lib.
1587 5845 1658 5907 vn
1690 5845 1806 5907 cap.
1842 5831 1940 5895 15;
1969 5829 2139 5907 Euse-

552 5899 708 5971 pium
740 5900 834 5971 libi.
867 5915 896 5952 ν
922 5912 1038 5971 cap.
1070 5899 1123 5965 5,
1147 5901 1242 5971 qui
1276 5899 1364 5971 illa
1393 5901 1729 5971 transcripsit
1759 5899 1893 5969 pene
1919 5901 1986 5956 ad
2016 5915 2141 5957 ver-

557 5967 686 6022 bum
709 5984 771 6024 ex
793 5967 1122 6026 Tertulliano
1143 5967 1196 6024 in
1223 5969 1446 6040 Apolog.
1464 5985 1584 6043 cap.
1603 5967 1640 6028 5
1657 5983 1710 6030 et
1732 5967 1795 6027 ad
1811 5973 2133 6044 Scapulam;

2323 3443 2710 3504 PRIESENTE
2741 3441 2827 3499 ET
2868 3439 3122 3500 BURRO.
3449 3498 3452 3502 .

2326 3540 2560 3597 lrenaeus
2587 3535 2964 3612 Lugdunensis
2985 3535 3267 3607 episcopus
3301 3531 3528 3606 insignis
3555 3529 3777 3588 habetur.

2324 3633 2652 3693 Commodus
2683 3630 3055 3704 Septembrem
3093 3641 3332 3686 mensem
3372 3623 3588 3685 nomine
3617 3637 3707 3684 suo
3731 3633 3813 3694 ap-

2257 3730 2502 3801 pellavit.

2329 3817 2740 3876 MAMERTINO
2769 3813 2858 3872 ET
2886 3815 3097 3874 RUFO.

2327 3910 2578 3968 Thermas
2602 3909 2998 3967 Commodiana:
3023 3907 3210 3967 Romae
3236 3905 3410 3964 Iactze.

2327 4003 2660 4061 COMMODO
2690 4000 2759 4057 IV
2786 4001 2876 4058 ET
2903 3998 3291 4058 VICTORINO.

2329 4097 2682 4172 Jerosolymis
2698 4091 2871 4152 XXVI
2909 4093 3186 4150 ordinatur
3209 4093 3491 4164 episcopus
3515 4091 3540 4128 ι’
3563 4087 3814 4152 Mormius;

2258 4202 2554 4263 postquem
2581 4187 2780 4245 XXVII
2811 4189 3136 4255 Antoninus,
3166 4183 3387 4243 XXVIII
3410 4183 3631 4254 Valens,
3653 4176 3806 4240 XXIX

2260 4286 2585 4350 Dachianus,
2605 4283 2751 4340 XXX
2775 4282 3080 4347 Narcissus,
3106 4278 3282 4337 XXXI
3309 4279 3461 4348 Dius,
3485 4275 3677 4336 XXXII
3701 4275 3815 4330 Ger-

2259 4381 2462 4444 manio,
2486 4377 2705 4434 XXXIII
2734 4376 2985 4442 Gordius,
3003 4369 3220 4431 XXXIV
3241 4373 3378 4428 alius
3404 4369 3698 4430 Narcissus.

2254 4550 2635 4623 Nicephorum,
2665 4549 2760 4607 Iih.
2791 4557 2847 4607 iv
2875 4563 2992 4620 cap.
3029 4551 3123 4618 IS;
3155 4549 3447 4619 Justinum,
3482 4549 3548 4623 in,
3575 4547 3819 4623 Apol_og._;

2174 4625 2226 4686 D
2254 4619 2572 4686 Diaconum,
2596 4623 2670 4679 lib
2698 4637 2763 4689 ις
2797 4619 3042 4685 Dionem,
3074 4625 3164 4694 qui
3189 4623 3392 4677 artibus
3413 4622 3634 4692 magicis
3657 4619 3820 4694 tribuit

2257 4694 2394 4750 hanc
2427 4696 2694 4762 pluviam;
2738 4689 3113 4762 Capitolinum}
3149 4695 3238 4764 qui
3291 4689 3539 4761 precibus
3585 4689 3818 4764 Antonini

2253 4781 2377 4836 erga
2412 4767 2577 4820 Deum
2623 4775 2884 4822 extortam
2918 4767 3009 4821 ait.
3046 4763 3355 4836 Xinliilinus
3397 4764 3558 4818 tradit
3592 4763 3820 4836 legionem

2253 4781 2377 4836 erga
2414 4781 2577 4820 neum
2623 4781 2884 4822 cxrortam
2918 4781 3009 4821 ait.
3049 4781 3355 4826 ninniunus
3397 4781 3558 4818 tradit
3592 4781 3640 4818 tt’
3675 4781 3819 4816 zoncm

2253 4835 2735 4910 (Christianorum)
2766 4836 2880 4910 ideo
2903 4846 3130 4910 vocatum
3172 4781 3744 4910 {itissrnspauvgﬁogov,
3774 4829 3819 4883 id

2252 4903 2350 4972 est,
2379 4903 2801 4980 fulminntrirém.
2827 4909 2982 4962 Auno
3011 4905 3076 4962 M
3099 4903 3353 4980 Antonini
3382 4903 3671 4980 contigisse
3696 4910 3820 4969 patet

2251 4995 2316 5034 ex
2351 4978 2544 5034 litteris
2577 4980 2743 5048 ipsius
2787 4979 3126 5048 imperatoris
3169 4979 3232 5032 ad
3278 4987 3543 5039 senatum,
3588 4978 3656 5032 de
3695 4982 3821 5028 tanta

2253 5052 2476 5107 victoria
2525 5047 2774 5119 precibus
2821 5047 3248 5105 Christianorum
3300 5052 3548 5113 obtenta,
3599 5063 3719 5118 qum
3763 5058 3820 5119 ex

2253 5116 2579 5178 bibliotheca
2604 5119 2860 5175 Vaticana
2892 5120 3232 5188 reperiuntur
3253 5120 3390 5189 apud
3420 5116 3746 5187 Onuphrium
3775 5116 3820 5168 in

2252 5193 2428 5248 Fastis
2461 5209 2580 5262 pag.
2614 5191 2739 5262 550,
2791 5191 2841 5245 in
2887 5190 3082 5257 quibus
3134 5192 3460 5256 inscribitur,
3509 5190 3822 5262 Antoninum

2252 5264 2422 5319 fuisse
2461 5261 2752 5318 tribunitiae
2799 5263 3082 5332 potestatis
3126 5263 3224 5326 28,
3264 5271 3374 5316 tum
3419 5277 3484 5316 ex
3523 5261 3747 5332 nummis
3774 5264 3822 5310 et

2250 5335 2524 5390 veteribus
2549 5328 3005 5403 inscriptionibus,
3025 5349 3089 5388 ex
3111 5334 3305 5401 quibus
3325 5331 3653 5402 dignoscitur
3675 5328 3824 5403 fuisse

2253 5407 2320 5461 15
2352 5405 2686 5461 tribunitiam
2715 5399 3039 5474 potestatem
3070 5399 3140 5458 eo
3157 5418 3299 5458 anno
3329 5399 3437 5474 qu'o
3470 5403 3580 5472 ipse
3613 5399 3827 5456 Antoni-

2249 5492 2350 5532 nus
2377 5478 2611 5544 suscepit
2639 5473 2942 5546 imperium.
2980 5477 3100 5529 ilmc
3132 5473 3418 5530 I’ontactn'.

2324 5557 2347 5594 Β
2377 5547 2474 5604 Ms.
2525 5540 2735 5604 unicus.
2768 5548 3072 5602 Carnutum.
3118 5547 3455 5601 Carnuntum
3489 5543 3610 5599 urbs
3657 5550 3737 5597 est
3779 5540 3826 5593 in

2248 5618 2547 5686 Pannonia,
2579 5633 2645 5673 ex
2677 5618 2874 5673 Plinio.
2912 5618 3006 5671 lib.
3056 5633 3106 5670 Iv
3135 5631 3254 5686 cap.
3295 5619 3389 5680 I2,
3433 5627 3486 5673 et
3529 5616 3620 5668 lib.
3657 5623 3826 5668 xxxvii

2247 5705 2368 5760 Cap.
2401 5691 2453 5752 5.
2485 5685 2539 5745 et
2562 5691 2761 5744 Anton.
2797 5691 2847 5744 in
2881 5689 3123 5760 itinerar.
3155 5685 3293 5760 Sunt
3322 5688 3420 5760 viri
3449 5685 3586 5760 docti
3615 5686 3706 5760 qui
3737 5697 3825 5760 pth

2247 5751 2364 5816 tant
2418 5751 2560 5815 idem
2611 5775 2730 5816 esse
2783 5757 2925 5831 quod
2984 5757 3146 5814 hodie
3201 5757 3494 5815 Petroniua
3535 5755 3732 5811 dicitur
3775 5751 3824 5805 in

2246 5833 2492 5956 IADustria,
2554 5833 2641 5886 ubi
2699 5832 2946 5887 visuntur
3005 5832 3174 5886 moles
3221 5841 3278 5887 et
3325 5832 3462 5887 situs
3507 5836 3821 5884 castrorum.

2298 5914 2468 5956 ontac.

2298 5914 2468 5959 ontac.

2319 5972 2345 6011 ιι
2373 5973 2430 6028 In
2459 5973 2667 6031 Eusebii
2689 5973 2914 6043 Chron.,
2938 5970 3220 6041 Maximus,
3248 5972 3466 6029 XXXIX
3491 5967 3826 6025 Dulchiauus.
