4006 6356
279 491 571 553 ιΑιιυιο
597 491 688 549 E'I'
719 487 1042 548 IIELIANO.

282 584 620 644 MATERNO
658 585 750 641 ET
779 581 1098 660 annuus,

280 679 614 738 COMMODO
638 678 680 735 V
714 677 801 734 ET
829 671 1247 733 GLABRIONE.

276 773 597 833 CRISBINO
623 770 713 829 ET
744 766 1068 827 HELIANO.

195 915 200 922 .
280 864 629 924 FULCIANO
661 863 749 919 ET
778 859 1050 920 SILANO.

281 958 628 1017 Alexandriae
646 955 722 1014 XI
745 953 1092 1013 constituitur
1110 951 1398 1026 episcopus
1420 947 1804 1012 Demetrianus

214 1053 370 1110 annis
403 1067 562 1110 thtt.

190 1208 197 1218 ,
281 1144 625 1204 Cemmodus
653 1139 866 1200 Colossi
912 1137 1089 1211 capite
1128 1135 1367 1205 sublato,
1407 1149 1519 1193 suae
1567 1135 1812 1211 imaginis

223 1249 383 1310 caput
405 1238 570 1309 jussit
595 1235 818 1307 imponi.

283 1331 556 1402 Serapion
587 1325 890 1386 Antiochia:
927 1325 1216 1397 episcopus
1256 1320 1372 1378 VIII
1397 1321 1702 1382 ordinatur.

284 1422 567 1482 DUOBUS
591 1419 878 1479 SILANIS.

280 1517 630 1576 COMMODO
653 1514 720 1572 VI
749 1513 838 1570 ET
867 1510 1307 1570 SEPTIMIANO.

280 1605 688 1670 APRONIANO
719 1605 811 1664 ET
849 1604 1154 1662 BRADUA.

280 1703 626 1763 Commodes
661 1702 861 1758 multos
890 1699 1146 1757 nobiilum
1179 1697 1450 1758 interficit.

281 1795 634 1856 COMMODO
662 1795 753 1852 VII
779 1795 866 1851 ET
899 1790 1315 1849 PERTINACE.

281 1891 621 1950 Commodus
653 1890 1019 1962 strangulatur
1046 1889 1100 1944 in
1132 1887 1296 1947 domo
1324 1883 1630 1948 Vestiliani.

286 1987 536 2044 HBLVIUS
563 1985 855 2050 PERTINAX,
885 1980 1029 2051 XVI,
1057 1981 1302 2054 regnavit
1326 1995 1541 2038 menses
1569 1995 1664 2040 sex
1688 1997 1704 2035 :
1726 1979 1817 2050 qui

219 2096 337 2138 cum
372 2079 553 2150 major
575 2076 990 2148 septuagenario
1021 2075 1398 2147 przeiecmram
1424 2073 1589 2136 Urbis
1610 2084 1816 2150 ageret,

221 2191 287 2233 ex
313 2182 549 2232 senatus
576 2173 826 2229 consulto
854 2171 1122 2245 imperare
1145 2171 1325 2244 jussus
1358 2181 1461 2229 est.

287 2268 487 2323 Romae
530 2265 905 2336 episcopatum
956 2264 1199 2333 suscepit
1247 2262 1369 2322 XIII
1415 2263 1624 2324 VIC'I'OR
1669 2268 1824 2328 annis

222 2376 332 2426 xit;
387 2359 550 2430 cujus
613 2365 641 2396 ι
689 2371 797 2414 non
843 2355 1137 2413 mediocria
1184 2355 1254 2414 de
1301 2355 1558 2432 religione
1612 2367 1825 2419 exstant

223 2453 534 2511 volumina.

290 2547 581 2617 Pertinax,
635 2544 956 2602 obsecrante
1012 2553 1204 2604 senatu
1273 2552 1333 2604 ut
1386 2559 1611 2606 uxorem
1671 2561 1827 2606 suam

221 2643 550 2714 Augustam,
579 2648 633 2695 et
663 2638 830 2694 lilium
859 2653 1016 2695 suum
1039 2637 1314 2694 Caesarem
1351 2638 1575 2707 iaceret,
1603 2647 1826 2698 contra-

222 2733 402 2792 dixit:
431 2729 684 2790 sufﬁcere
713 2739 966 2800 testatus,
1007 2729 1150 2804 quod
1178 2730 1294 2802 ipse
1319 2740 1570 2802 regnaret
1604 2731 1826 2790 invitus.

295 2828 564 2886 Pertinax
591 2823 857 2882 occiditur
887 2828 938 2882 in
970 2823 1191 2894 palatio,
1217 2821 1420 2879 scelere
1450 2821 1649 2880 Juliani
1666 2823 1832 2896 juris-

227 2922 425 2995 periti,
473 2935 631 2992 quem
683 2930 870 2990 postea
917 2917 1152 2978 Severus
1200 2915 1267 2974 ad
1312 2915 1539 2974 Pontetn
1589 2915 1830 2974 nlilvium

226 3015 531 3076 interfecit.

295 3113 573 3176 Szvnnos,
599 3107 761 3175 XVII,
785 3106 1035 3179 regnavit
1059 3105 1214 3164 annis
1238 3121 1387 3166 xvnt.
1411 3103 1512 3176 Qui
1533 3113 1682 3164 ortus
1709 3119 1834 3176 pro-

225 3206 428 3264 vincire
484 3203 834 3275 Tripolitanis
879 3201 1078 3274 oppido
1105 3201 1280 3273 Lepti,
1332 3199 1479 3256 solus
1532 3214 1597 3256 ex
1650 3199 1832 3256 Africa

1445 363 1848 427 CHRONICUM
1888 364 2269 425 INTEGRUM.

1833 488 1884 549 Δ
1911 484 2037 542 dum
2096 487 2267 562 legem
2319 486 2522 561 Moysis
2573 484 2786 546 decima
2838 497 3029 559 quarta
3083 487 3289 550 mensis
3335 491 3502 561 primi

3388 369 3496 428 566

1907 578 2112 636 Pascha
2159 582 2555 640 observandum
2605 592 2771 653 esset,
2820 583 3005 640 Victor
3051 584 3309 640 Romana:
3352 583 3503 642 urbis

1907 679 2212 750 episcopus,
2246 688 2302 736 et
2343 680 2625 740 Narcissus
2651 679 3142 752 Jerosolymorum,
3185 677 3505 750 Polycrates

1909 786 2125 843 quoque
2146 781 2200 829 et
2230 774 2486 844 lrenaus,
2504 783 2562 832 et
2585 773 2862 842 Bachilus,
2885 771 3208 844 plurimique
3227 771 3505 830 Ecclesia-

1909 879 2029 920 rum
2073 875 2338 937 pastores,
2381 867 2511 938 quid
2551 867 2630 924 eis
2662 866 2943 940 probabile
2989 866 3164 922 visunt
3209 864 3374 923 fuerit
3414 862 3508 922 lit-

1911 958 2042 1015 teris
2087 958 2416 1026 ediderunt,
2468 974 2699 1030 quorum
2751 959 3015 1020 memoria
3064 957 3132 1016 ad
3183 972 3287 1015 nos
3330 971 3506 1028 usque

1913 1052 2190 1126 perdurat.

1986 1144 2175 1204 GETA
2215 1144 2304 1204 ET
2341 1143 2758 1204 PLAUTIANO.

1985 1237 2284 1296 CIIILONE
2324 1237 2412 1296 ET
2449 1236 2720 1296 LIBONE.

1987 1330 2174 1386 Romae
2203 1330 2319 1386 XIV
2362 1331 2649 1401 episcopus
2684 1329 2783 1384 fuit
2809 1328 3126 1384 ZEPIIRINUS
3155 1329 3312 1385 annis
3337 1339 3362 1368 ⁸
3393 1344 3502 1384 xtv.

1989 1423 2195 1492 ροηδε-[Α
2219 1438 2564 1480 PERSECUTIO.
2589 1421 2970 1480 Persecutioue
2994 1421 3316 1478 Christianis
3343 1421 3504 1490 facta,

1919 1517 2192 1574 Leonides
2245 1519 2495 1590 Origenis
2549 1527 2702 1589 pater
2756 1517 2991 1589 gloriosa
3045 1517 3288 1589 martyrii
3333 1526 3510 1574 morte

1923 1611 2215 1670 translatus
2239 1621 2345 1672 est.

1989 1705 2300 1764 Alexander
2333 1720 2550 1777 quoque
2575 1706 2646 1762 ob
2670 1705 3072 1764 confessionem
3116 1702 3378 1760 Dominici
3412 1717 3510 1757 no-

1924 1797 2087 1856 minis
2110 1797 2288 1856 clarus
2313 1799 2538 1858 exstitit.

1849 1880 1898 1943 Β
1993 1891 2109 1960 Qua
2140 1901 2460 1965 tempestate
2489 1895 2752 1966 Perpetua
2781 1903 2836 1954 et
2871 1895 3121 1952 Felicitas
3163 1908 3260 1964 pro
3297 1890 3515 1948 Christo

1923 1998 2096 2055 passae
2133 1997 2259 2042 sunt
2277 2027 2292 2052 ,
2319 1987 2479 2044 nonis
2503 1987 2710 2055 Martii,
2743 1987 2883 2059 apud
2911 1987 3293 2058 Carthaginem
3319 1985 3518 2042 Africis

1926 2075 1980 2132 in
2011 2078 2204 2136 caSIris
2223 2079 2412 2136 bestiis
2444 2079 2736 2150 deputatte.

1996 2170 2348 2230 ANTONINO
2376 2171 2422 2229 II
2460 2173 2552 2230 ET
2589 2174 2798 2231 GETA.

1998 2264 2250 2324 ALBINO
2290 2265 2380 2324 ET
2420 2265 2720 2324 IELIANO.

2000 2358 2181 2415 APRO
2219 2359 2308 2416 ET
2337 2359 2624 2417 MAXIMO.

2000 2451 2254 2509 Clemens
2283 2453 2449 2512 multa
2474 2454 2787 2512 conscribit.

2002 2544 2351 2601 ANTONINO
2388 2546 2454 2603 III
2496 2546 2585 2602 ET
2624 2546 2807 2602 GETA
2847 2545 2936 2602 III.

2002 2638 2193 2695 Clodio
2220 2638 2450 2706 Albino,
2477 2639 2570 2710 qui
2597 2653 2656 2696 se
2687 2640 2738 2694 in
2779 2638 2952 2696 Gallia
2981 2634 3251 2694 Caesarem
3296 2634 3518 2702 fecerat,

1933 2732 2215 2790 interfecto
2245 2733 2512 2805 Lugduni,
2539 2733 2771 2791 Severus
2797 2733 2862 2788 ad
2892 2733 3181 2788 Britannos
3207 2728 3523 2786 transfreta-

1933 2828 2030 2894 vit,
2061 2838 2116 2883 ut
2147 2837 2393 2900 receptas
2431 2829 2742 2900 provincias
2784 2826 2854 2884 ab
2893 2828 3203 2884 incursione
3245 2825 3524 2881 barbarica

1933 2921 2136 2978 Iaceret
2162 2923 2408 2988 tutiores,
2436 2923 2635 2979 fossam
2659 2931 2712 2976 et
2734 2934 2981 2992 aggerem
3008 2935 3105 2990 per
3131 2932 3325 2974 cxxxrt
3354 2917 3524 2972 millia

1935 3030 2190 3087 passuum
2213 3031 2243 3071 a
2272 3015 2409 3072 mari
2440 3014 2508 3070 ad
2536 3028 2688 3070 mare
2718 3012 2961 3077 deduxit,
2995 3023 3050 3068 et
3079 3025 3189 3068 non
3211 3010 3381 3066 multo
3401 3015 3526 3080 post

1937 3111 2073 3168 intra
2100 3109 2433 3168 Britanniam
2462 3106 2693 3166 Eboraci
2716 3107 2964 3162 moritur.

2010 3204 2404 3263 POMPEIANO
2442 3203 2532 3259 ET
2569 3200 2798 3258 AVITO.

223 3312 404 3372 usque
432 3297 489 3354 in
518 3304 841 3368 prmsentem
867 3294 1009 3350 diem
1039 3309 1103 3350 ex
1126 3291 1389 3350 Romanis
1415 3292 1832 3364 imperatoribus
1859 3278 1905 3342 C
2009 3297 2354 3356 FAUSTINO
2391 3297 2480 3356 ET
2517 3294 2801 3356 RUFINO.

222 3391 348 3464 iuit,
379 3401 440 3448 et
468 3393 523 3447 in
556 3390 816 3448 honorem
844 3385 1139 3444 Pertinacis
1183 3387 1518 3443 Pertinacem
1549 3400 1608 3441 se
1634 3398 1832 3456 cogno-

226 3483 437 3539 minari
462 3479 647 3553 jussit.

297 3573 632 3632 FALCONE
673 3573 760 3630 ET
798 3570 1052 3632 CLARO.

297 3668 586 3728 SEVERO
623 3668 712 3724 ET
753 3665 1029 3724 ALBINO.

296 3758 685 3819 TERTULLO
723 3757 810 3814 ET
849 3755 1250 3814 CLEMENTE.

298 3852 599 3912 DEXTRO
640 3852 728 3909 ET
767 3851 1035 3908 PRISCO.

2010 3389 2320 3445 Aaronmus
2362 3396 2721 3460 cognomento
2767 3385 3086 3441 CABACALLA
3127 3381 3312 3440 Severi
3353 3379 3523 3448 illius,

1937 3477 2128 3544 XVIII.
2160 3480 2401 3551 regnavit
2424 3479 2586 3536 annis
2612 3492 2730 3534 sex.

2009 3569 2359 3624 GENTIANO
2398 3569 2485 3624 ET
2527 3567 2764 3624 BASSO.

2010 3662 2286 3722 DUOBUS
2326 3661 2585 3722 ASPRIS.

2013 3759 2312 3816 Antiochia:
2345 3758 2417 3814 IX
2447 3759 2731 3829 episcopus
2763 3753 3110 3812 constituitur
3143 3750 3529 3819 Asclepiades:

1940 3854 2292 3925 Jerosolymis
2321 3867 2451 3909 vero
2501 3849 2693 3906 XXXV
2724 3848 3052 3912 Alexander,
3094 3845 3267 3900 adhuc
3318 3844 3533 3902 vivente

295 3949 568 4008 Clemens
597 3947 977 4004 Alexandrinae
1022 3944 1279 4000 Ecclesia:
1327 3943 1631 4016 presbyter,
1677 3942 1839 4016 716
1940 3949 2193 4006 Narcisso
2221 3965 2232 3999 :
2268 3954 2470 4002 etcum
2503 3960 2568 4000 eo
2601 3943 2805 4014 pariter
2832 3940 3130 3998 Ecclesium
3162 3939 3316 4009 regit.

221 4053 282 4102 et
341 4043 644 4100 Pontanus
697 4039 901 4096 stoicus
959 4037 1314 4109 philosophus
1378 4036 1430 4091 in
1479 4034 1839 4105 disputatione

223 4137 514 4211 dogmatis
543 4135 714 4194 nostri
746 4133 1087 4188 disertissimi
1117 4130 1404 4188 habentur.

299 4227 695 4290 LATERANO
733 4226 823 4282 ET
863 4223 1142 4282 RUFINO.

298 4325 596 4382 Narcissus
618 4322 1077 4392 Jerosolymorum
1101 4319 1410 4389 episcopus,
1431 4325 1487 4374 ct
1502 4314 1840 4388 Theophilus

221 4416 618 4484 Caesariensis,
651 4414 979 4485 Polycarpus
1005 4428 1221 4483 quoque
1261 4419 1316 4467 et
1348 4410 1596 4467 Bachilus
1624 4409 1839 4468 Asiana:

221 4511 542 4583 provincia:
568 4507 877 4577 episcopus,
909 4506 1024 4560 haec
1065 4514 1306 4577 tempora
1339 4504 1763 4561 illustraverunt.

301 4601 712 4662 SATURNINO
742 4601 829 4656 ET
869 4599 1117 4656 GALLO.

308 4697 627 4757 ANULINO
667 4696 754 4753 ET
797 4693 1180 4750 FRONTONE.

297 4788 596 4850 SEVERO
633 4787 676 4845 II
714 4787 802 4844 ET
841 4785 1229 4844 VICTORINO.

303 4879 624 4941 FABIANO
645 4875 754 4936 ET
791 4879 1122 4938 MUCIANO.

301 4972 593 5034 SEVERO
629 4971 696 5030 IIl
737 4971 827 5029 ET
868 4971 1237 5029 ANTONINO.

307 5069 440 5124 Hoc
469 5077 713 5140 tempore
744 5066 943 5122 bellum
976 5066 1259 5124 Judaicutn
1302 5076 1356 5122 et
1381 5065 1408 5106 δ
1440 5066 1797 5126 Sarmaticum
1825 5087 1836 5121 :

219 5173 286 5222 et
311 5164 565 5220 Severus
594 5160 662 5218 de
688 5161 997 5216 nominibus
1024 5163 1263 5233 gentium
1311 5164 1678 5231 subactarum,
1713 5165 1840 5224 Par-

219 5258 452 5325 thicus,
481 5255 766 5321 Arabicus,
809 5254 1169 5314 AdiabeniCus
1197 5257 1494 5330 appellatus
1521 5265 1626 5315 est.

303 5349 633 5419 Quaestione
659 5354 778 5403 orta
800 5346 854 5402 in
896 5349 1019 5403 Asia
1046 5349 1185 5405 inter
1210 5350 1514 5424 episcopos,
1546 5366 1612 5412 an
1645 5366 1840 5412 secun.

306 5523 345 5553 ιι
378 5515 543 5570 Abest
573 5525 777 5583 negans
805 5509 1064 5583 particula
1096 5523 1140 5583 a_
1157 5507 1435 5583 codicibus
1463 5507 1803 5566 Eusebianls.

299 5585 342 5628 Ἠ
381 5584 528 5644 Libri
566 5579 824 5642 Chronici
858 5580 1186 5653 Eusebiaui,
1216 5579 1436 5651 dempto
1481 5585 1844 5653 manuscripto

213 5659 409 5720 Coll).
437 5672 568 5723 uno,
599 5655 986 5726 Samariticum,
1029 5653 1111 5726 vei
1160 5651 1568 5707 Samaritanum.
1620 5653 1692 5708 De
1739 5651 1844 5726 quo

213 5735 524 5791 Pontacus
549 5728 605 5786 in
633 5726 779 5784 nmis
813 5743 826 5779 :
867 5723 1176 5780 Germanior
1215 5727 1498 5779 communis
1530 5726 1676 5779 lectio
1706 5723 1842 5796 (qua

214 5801 626 5864 Samariticum
658 5797 904 5867 dicitur)
933 5807 978 5849 et
1022 5812 1135 5848 eam
1184 5807 1488 5864 sequuntur.
1518 5807 1703 5867 praeter
1737 5798 1842 5850 alia

210 5872 594 5943 exemplaria,
626 5864 959 5943 contractus,
1000 5867 1315 5943 Vincentius,
1349 5864 1653 5943 Antoninus.
1693 5868 1843 5943 Quod

211 5939 643 6008 em'm'Scwrtts
671 5940 858 5997 bellum
890 5940 1144 5998 Sarmatis
1175 5939 1436 6009 indixerit,
1468 5939 1660 6008 nullus,
1705 5939 1844 6009 quod

2013 4039 2360 4098 ANTONINO
2400 4038 2465 4095 IV
2507 4039 2595 4094 ET
2635 4034 2950 4094 BALBINO.

2015 4137 2175 4212 717
2213 4131 2529 4192 MESSALA
2573 4131 2658 4188 ET
2697 4127 2966 4187 SABINO.

2016 4230 2166 4288 Finis
2193 4230 2329 4302 cycli
2359 4227 2605 4290 secundi,
2637 4236 2692 4283 et
2723 4224 2941 4283 initium
2973 4221 3135 4280 tertii.

2014 4324 2223 4382 ΒΑΕΤο
2263 4321 2351 4379 ΕΤ
2390 4319 2735 4379 CEREALE.

2016 4417 2264 4474 SABINO
2301 4415 2346 4472 II
2381 4415 2466 4472 ET
2509 4411 2844 4472 VENUSTO.

2018 4510 2321 4570 Antoninus
2362 4506 2686 4564 interﬁcitur
2715 4505 2857 4561 inter
2888 4501 3147 4560 Edessam
3187 4508 3240 4557 et
3275 4491 3554 4568 Charras,

1945 4621 2089 4662 anno
2119 4603 2291 4659 aetatis
2322 4615 2435 4656 suae
2465 4613 2613 4656 xuii.

1866 4669 1921 4729 Β
2019 4701 2316 4764 MACRINUS,
2348 4693 2493 4759 XIX,
2527 4702 2716 4763 regnat
2743 4706 2887 4747 anno
2919 4706 3047 4746 uno.

2018 4787 2404 4846 PRAESENTE
2435 4785 2522 4841 ET
2552 4783 2968 4840 EXTRICATO.

2020 4882 2319 4940 Antiochiae
2350 4881 2397 4934 X
2427 4879 2717 4950 episcopus
2747 4878 3029 4934 ordinatur
3059 4874 3318 4930 Philetus.

2021 4977 2091 5031 Μ.
2145 4977 2418 5029 Αυκειιυε
2467 4972 2812 5037 Auroamus,
2862 4967 2992 5036 XX,
3044 4959 3342 5035 regnavitd
3382 4961 3535 5017 annis

1985 5070 2142 5124 'ibus.

1985 5079 2142 5123 "bus.

1948 5079 1985 5126 υ
2002 5088 2369 5220 ιΑΝἹῸΝΙΝΟ
2399 5160 2486 5215 ΕΤ
2516 5156 2858 5215 ADVENTO.

2024 5259 2211 5316 Romae
2239 5258 2606 5328 episcopatum
2652 5250 2890 5322 suscepit
2919 5247 3012 5305 XV
3052 5245 3350 5301 CALLIS‘I'US
3382 5253 3404 5282 ε
3435 5255 3534 5298 an-

1951 5367 2037 5409 ηιξ
2067 5365 2185 5408 58X.

1951 5508 2130 5572 sciam,
2166 5501 2820 5577 scripsit._Eruttitissimtts
2864 5512 2938 5550 vir
2973 5495 3044 5549 ait
3076 5511 3130 5550 se
3156 5509 3429 5577 numquam
3459 5494 3543 5548 irt-

1951 5566 2144 5635 renisse
2173 5566 2361 5632 bellum
2392 5575 2672 5630 Iudaicum
2701 5588 2731 5623 a
2762 5571 2948 5626 Severo
2996 5576 3213 5639 gestant.
3247 5566 3309 5622 At
3342 5571 3541 5636 poterat

1953 5652 2087 5706 illud
2117 5652 2197 5704 hic
2228 5649 2511 5702 advertere.

2028 5734 2049 5761 ο
2087 5721 2262 5776 Editio
2293 5719 2473 5782 Pont.,
2507 5717 2610 5772 I7:
2643 5731 2772 5770 mss.
2810 5723 2917 5771 tres
2945 5710 3202 5773 Colberti,
3239 5707 3322 5764 I8.

2023 5792 2049 5831 ἀ
2086 5794 2138 5848 In
2181 5791 2457 5846 codicibus
2487 5787 2804 5844 Eusebianis
2831 5793 3118 5851 notantur,
3151 5781 3270 5834 amti
3295 5785 3540 5848 quatuor.

2027 5876 2050 5903 ε
2085 5865 2224 5919 EtIII.
2259 5861 2526 5928 Pontaci.,
2555 5861 2703 5915 armis
2731 5859 2784 5916 5.
2815 5859 2911 5916 Ms.
2946 5867 3075 5924 tres,
3097 5854 3246 5908 armis
3277 5857 3494 5920 quatuor
3527 5861 3544 5900 :

1953 5953 2089 5996 unus
2117 5936 2204 6004 I5,
2233 5934 2370 5992 alius
2393 5933 2445 5989 5.
