4006 6356
534 294 643 360 561
1144 282 1147 283 '
1382 268 1387 289 ί
1765 296 1822 353 s.
1864 293 2116 353 pausa!

2198 295 2204 354 l
2242 294 2572 367 AQUI'I‘ANI
2676 255 2685 260 ’
3032 268 3039 272 ’
3683 313 3780 377 δα,

606 416 877 479 malum
903 414 1165 473 θοοίάίίυτ
1192 414 1249 471 in
1277 411 1621 471 Ατοιιθιθίάθο
2137 415 2196 478 A
2289 417 2600 476 Alexander
2648 416 2789 490 apud
2838 416 3235 491 Mogontiacum
3284 421 3515 480 tumultu
3571 424 3778 490 militat

605 513 908 571 Antoninus
944 510 1134 567 Romae
1183 508 1443 565 Thermas
1483 508 1719 565 nominis
1759 507 1845 565 sui
1885 506 2119 565 aediﬁca-
2220 514 2506 570 occiditur.

535 609 635 667 vit.
2292 604 2568 663 MAXIMO
2596 606 2689 665 ET
2718 606 3061 666 PATERNO.

601 698 949 758 ANTONINO
977 696 1024 753 II
1050 697 1140 753 ET
1169 694 1602 754 SACERDOTE.
2303 698 2629 771 Maxumus,
2658 700 2825 772 XXII,
2856 712 3045 774 regnat
3072 702 3227 761 annis
3255 703 3451 762 tribus.

598 790 949 849 ANTONINO
977 790 1045 845 III
1076 789 1162 844 ET
1190 786 1632 845 COMAZONTE.
2290 790 2561 848 MAXIMO
2590 793 2635 849 ll
2664 794 2753 865 ET
2783 793 3083 853 URBANO.

600 883 835 942 GRATO
864 882 954 937 ET
982 879 1319 938 SELEUCO.
2289 880 2564 940 SEVERO
2594 885 2684 942 ET
2712 886 3109 955 QUINTIANO.

601 977 903 1035 Antoninus
929 975 1115 1032 Romae
1145 974 1379 1031 tumultu
1406 973 1625 1029 militari
1654 972 1943 1029 occiditur.
2290 974 2632 1033 MAXIMINO
2662 978 2751 1034 ET
2780 977 3147 1037 AFRICANO.

599 1071 930 1127 Ansxunea
962 1068 1260 1123 Mammaeae
1287 1068 1451 1134 Illius,
1485 1065 1639 1135 XXI,
1670 1066 1916 1136 regnavit
1942 1078 2116 1122 annos
2290 1068 2476 1126 Sun
2506 1085 2851 1128 PERSECUTIO.
2884 1071 3206 1128 Maximinus
3239 1071 3505 1130 adversus
3529 1072 3778 1134 Ecclesia-

530 1178 644 1235 IIII,
677 1172 893 1235 sumpto
923 1161 1143 1217 nomine
1173 1162 1244 1216 ab
1270 1162 1600 1231 imperatore
1623 1160 1949 1215 Alexandro.
2218 1177 2335 1219 rum
2368 1164 2678 1221 sacerdotes
2700 1165 3131 1233 persecutionem
3162 1175 3363 1221 movet.

598 1255 909 1314 Alexander
967 1254 1203 1311 Xerxem
1276 1266 1463 1325 regem
1526 1251 1815 1308 Persarum
1878 1252 2115 1324 gloriose
2289 1255 2606 1312 Maximinus
2633 1256 3226 1328 Aquileiaeal’upieno
3249 1256 3538 1313 occiditur.

528 1354 713 1410 vincit.
2293 1345 2625 1415 Goanrmus,
2657 1348 2846 1416 XXIII,
2879 1347 3123 1420 regnavit
3154 1349 3311 1405 annis
3350 1363 3466 1405 sex.

598 1445 872 1503 MAXIMO
903 1443 991 1501 ET
1021 1441 1325 1500 JELIANO.
2288 1438 2655 1498 PERPETUO
2684 1442 2772 1498 ET
2801 1440 3266 1499 CORNELIANO.

594 1537 882 1595 JULIANO
912 1537 1004 1592 ET
1032 1534 1365 1593 CRISPINO.
2290 1532 2479 1588 Romae
2522 1532 2693 1589 XVIII
2742 1536 2801 1589 Iit
2845 1535 3132 1605 episcopus
3173 1532 3430 1590 Annuus
3461 1552 3475 1587 :
3511 1541 3629 1604 post
3652 1535 3779 1604 cujus

593 1631 780 1686 Romae
806 1629 928 1685 XVI
958 1629 1244 1699 episcopus
1272 1634 1487 1683 creatur
1515 1625 1767 1683 Unemus
1797 1624 1955 1683 annis
1983 1641 2060 1681 Ix.
2218 1640 2386 1681 unum
2415 1642 2656 1683 mensem
2689 1627 2808 1683 XIX
2836 1628 3181 1684 constituitur
3208 1627 3473 1685 Fumus
3502 1628 3655 1684 annis
3680 1642 3762 1683 xui

596 1733 626 1764 ιι
685 1724 779 1780 His
838 1723 1170 1793 temporibus
1228 1722 1494 1779 Sabellius
1554 1720 1721 1776 fuisse
1774 1719 2110 1791 perhibetur.
2289 1719 2399 1775 PIO
2430 1720 2519 1775 ET
2549 1720 2887 1778 PROCULO.

523 1818 687 1889 Cujus
716 1831 872 1873 error
899 1826 1012 1883 est,
1042 1826 1099 1871 ut
1128 1817 1184 1871 in
1214 1815 1475 1870 Triuitate
1503 1813 1715 1882 divina,
1747 1829 1905 1885 quem
1939 1814 2115 1869 nomi-
2146 1805 2198 1868 B
2294 1813 2645 1871 GORDIANO
2675 1816 2761 1870 ET
2791 1815 3070 1872 AVIOLA.

523 1920 615 1968 nat
644 1910 888 1979 Patrem,
918 1908 1163 1965 eumdem
1195 1907 1391 1963 Filium
1415 1950 1429 1976 ,
1462 1907 1712 1963 eumdem
1754 1915 1966 1963 asserat
1995 1906 2115 1977 Spi-
2292 1907 2537 1965 SABINO
2568 1907 2657 1963 ET
2694 1907 3030 1964 VENUS'I‘O.

525 2004 691 2059 ritum
739 2010 1004 2058 sanctum.
1052 1999 1202 2057 Unde
1252 2000 1544 2069 impietatis
1591 1998 1746 2055 istius
1788 2000 2116 2070 impostores
2292 2000 2645 2058 GORDIANO
2676 2002 2719 2057 II
2753 2003 2837 2057 ET
2868 2001 3278 2057 POMPEIANO.

522 2096 723 2152 merito
764 2095 927 2151 etiam
966 2093 1363 2163 Patropassiani
1394 2100 1652 2147 vocantur
1682 2110 1695 2145 :
1728 2092 1821 2163 qui
1860 2092 1964 2148 hoc
1991 2107 2114 2149 sen-
2290 2093 2541 2151 ATTICO
2571 2095 2657 2150 ΕΤ
2689 2094 3198 2151 ΡΒᾹΞΤΕΧΤΑΤΟ.

523 2189 744 2258 tientes,
769 2188 1074 2259 passionem
1095 2186 1311 2243 Domini
1343 2187 1513 2241 nostri
1535 2186 1665 2241 Jesu
1695 2183 1917 2252 Christi,
1950 2201 2112 2256 quam
2290 2186 2596 2243 Gordianus
2638 2202 2761 2244 cum
2806 2186 3131 2243 Parthorum
3178 2188 3395 2244 natione
3435 2198 3677 2259 superata
3715 2188 3778 2244 νίς

524 2297 623 2353 pro
646 2281 864 2337 humani
893 2278 1106 2353 generis
1137 2278 1313 2334 salute
1345 2278 1581 2349 pertulit,
1609 2277 1756 2333 Patri
1786 2278 2116 2336 convincan-
2218 2288 2336 2338 ctor
2365 2283 2663 2337 revertitur
2692 2282 2761 2337 ad
2797 2284 3044 2353 patriam,
3076 2281 3269 2339 fraude
3307 2283 3543 2355 Philippi
3575 2281 3778 2354 praefecti

524 2383 612 2432 tur
632 2388 898 2431 asserere.
2222 2375 2481 2444 praetorio
2512 2374 2650 2430 haud
2685 2376 2841 2445 longe
2869 2390 2899 2430 a
2931 2374 3178 2431 Romano
3208 2376 3324 2431 solo
3355 2376 3667 2433 interfectus
3691 2385 3781 2433 est.

594 2468 853 2539 Ulpianus
876 2466 1294 2538 iurisconsultus
1325 2462 1550 2535 insignis
1574 2461 1826 2519 habetur.
2288 2467 2597 2534 Pniurrus,
2625 2466 2816 2533 XXIV,
2846 2466 3091 2538 regnavit
3114 2468 3269 2524 annis
3296 2474 3529 2539 septem.

592 2559 820 2616 FUSCO
849 2559 939 2615 ET
968 2555 1271 2615 DEXTRO.
2286 2558 2544 2615 ARIANO
2575 2560 2660 2614 ET
2689 2559 2929 2614 PAPPO.

594 2655 846 2712 Thermas
875 2654 1257 2711 Alexandrina:
1288 2652 1474 2707 Romre
1504 2649 1803 2706 aedificatae.
2288 2650 2563 2722 Philippus
2594 2651 2895 2723 Philippum
2923 2650 3090 2707 lilium
3121 2666 3278 2708 suum
3300 2661 3615 2709 consortem
3644 2653 3773 2725 regni

594 2746 1019 2803 ALEXANDRO
1058 2747 1101 2801 Il
1133 2746 1222 2801 ET
1251 2741 1646 2800 MARCELLO.
2214 2743 2346 2801 facit
2388 2764 2403 2801 :
2450 2748 2654 2817 primus
2697 2747 2936 2803 omnium
2977 2761 3044 2802 ex
3086 2747 3346 2805 Romanis
3390 2747 3781 2821 imperatoribus

591 2840 848 2897 ANIANO
888 2841 975 2895 ET
1014 2839 1310 2895 MAXIMO.
2215 2835 2553 2893 Christianus
2584 2838 2699 2894 fuit.

589 2930 842 2989 ALBINO
872 2931 962 2987 ET
991 2930 1284 2987 MAXIMO.
2286 2930 2680 2987 PEREGRINO
2710 2932 2797 2988 ET
2827 2930 3208 2987 EMILIANO.

592 3025 623 3066 1»
654 3027 914 3083 Geminus
942 3026 1225 3097 presbyter
1254 3025 1621 3082 Antioclienus
1642 3068 1657 3093 ,
1690 3036 1744 3084 et
1773 3026 2110 3099 Hippolytus,
2285 3024 2664 3080 PRAESENTE
2698 3025 2784 3080 ET
2814 3025 3083 3082 ALBINO.

524 3130 580 3177 et
608 3121 851 3193 Beryllus
888 3121 1171 3191 episcopus
1220 3120 1431 3175 Arabiae
1467 3119 1768 3177 Bostrenus
1810 3122 1940 3178 clari
1980 3121 2115 3179 scri-
2155 3190 2182 3193 _
2286 3118 2599 3175 PHILIPPO
2629 3120 2674 3175 II
2705 3118 2794 3174 ET
2824 3118 3159 3175 PH-ILIPPO.

520 3190 1026 3288 ptoresvhahentur.
2140 3190 2187 3254 (ἶ
2290 3211 2661 3283 Regnantibus
2708 3210 2972 3283 Philippis
3016 3209 3335 3267 millesimus
3372 3206 3630 3265 Romanae
3656 3207 3780 3287 urbis

594 3308 899 3365 Antiochiae
928 3309 997 3364 XI
1027 3309 1311 3380 episcopus
1343 3311 1404 3366 ﬁt
1433 3310 1741 3367 Zebennus.
2220 3319 2393 3360 annus
2423 3305 2685 3373 expletur.
3170 3342 3175 3346 .

594 3401 921 3459 MODESTO
954 3402 1039 3457 ET
1074 3402 1323 3459 PROBO.
2291 3398 2569 3468 Philippus
2609 3398 2798 3455 urbem
2843 3398 2923 3453 sui
2953 3397 3187 3453 nominis
3230 3398 3282 3453 in
3313 3397 3514 3454 Achaia
3540 3394 3778 3453 condidit.

597 3493 978 3550 Alexandrina:
1008 3494 1265 3551 Ecclesiae
1292 3494 1389 3550 XII
1418 3504 1617 3566 praeest
1637 3494 1921 3568 episcopus
1947 3496 2115 3554 Ilera-
2292 3492 2602 3548 PHILIPPO
2634 3492 2700 3548 lll
2732 3492 2822 3548 ET
2852 3491 3160 3549 PlllLlPPO
3188 3491 3251 3548 Il.

523 3587 655 3645 clas.
2291 3585 2648 3643 IEMILIANO
2679 3586 2768 3641 ET
2797 3584 3145 3653 AQUILINO.

595 3680 711 3738 Hoc
752 3690 993 3752 tempore
1045 3681 1308 3755 Origenes
1340 3684 1684 3742 Alexandriae
1733 3686 1911 3741 clarus
1964 3684 2114 3741 vide-
2290 3678 2632 3735 Alexandriae
2662 3677 2781 3732 XIII
2809 3678 3089 3733 ordinatur
3119 3679 3405 3749 episcopus
3429 3676 3725 3749 Dionysius.

522 3775 702 3833 batur.
756 3786 779 3813 ο
829 3774 927 3830 Hic
973 3775 1063 3846 qui
1110 3790 1205 3847 per
1241 3777 1462 3832 multam
1514 3778 1713 3849 eloquii
1757 3776 2108 3844 facultatem,
2289 3773 2572 3843 Philippus
2620 3773 2802 3828 senior
2856 3770 3123 3838 Veronae,
3180 3772 3366 3826 Romre
3416 3770 3593 3840 junior
3646 3766 3779 3824 occi-

521 3882 779 3938 perversa
848 3866 1093 3937 quaedam
1173 3878 1257 3924 est
1325 3878 1550 3925 conatus
1619 3880 1863 3926 astruere
1893 3911 1909 3938 ,
1980 3885 2111 3925 con-
2216 3868 2376 3925 ditur.

520 3961 657 4018 dens
680 3961 847 4016 libros
877 3976 1106 4031 quorum
1160 3970 1244 4016 est
1274 3963 1459 4018 titulus
1495 3965 1878 4039 Περὶ’Δρχῶν,
1912 3965 1965 4019 in
1993 3965 2114 4035 qui-
2288 3961 2507 4026 Decws,
2564 3956 2729 4023 XXV,
2787 3967 2976 4030 regnat
3025 3972 3166 4015 anno
3218 3972 3358 4026 uno,
3419 3967 3473 4014 et
3528 3954 3781 4014 mensibus

518 4054 656 4118 bus,
698 4061 897 4123 praeter
926 4053 1091 4106 multa
1135 4068 1301 4108 sacrze
1345 4054 1607 4109 doctrinae
1653 4056 1912 4124 adversa,
1947 4058 2111 4130 718
2216 4055 2406 4111 tribus.

520 4144 683 4201 etiam
711 4143 780 4199 de
820 4143 1245 4200 commutatione
1291 4145 1391 4201 hoc
1435 4148 1600 4202 totius
1641 4134 1920 4203 rationalis
1949 4164 2107 4204 crea-
2288 4149 2449 4221 719
2490 4148 2693 4205 DECIO
2730 4148 2817 4204 ΕΤ
2854 4145 3101 4203 GRATO.

520 4244 657 4292 tura:
686 4236 907 4301 asserit,
940 4236 1083 4306 quod
1112 4250 1219 4291 non
1246 4238 1422 4292 solum
1452 4238 1737 4308 impiorum
1770 4240 1984 4309 animm,
2010 4240 2109 4296 sed
2289 4239 2489 4298 IlECIO
2529 4241 2572 4295 II
2610 4241 2701 4296 ET
2737 4239 3049 4296 RUSTICO.

518 4338 579 4384 et
617 4330 733 4400 ipse
772 4343 985 4400 quoque
1027 4328 1303 4397 diabolus,
1349 4330 1507 4400 longa
1538 4331 1910 4399 puriﬁcatione
1952 4348 2109 4388 revo-
2285 4336 2523 4392 SEPTIMA
2553 4351 2900 4392 ransecuno.
2926 4335 3120 4391 Decius
3147 4348 3265 4390 cum
3292 4334 3568 4406 Philippos
3593 4342 3779 4405 patrem

492 4426 497 4431 '
526 4420 734 4477 candus
764 4419 834 4476 sit
860 4420 913 4476 in
941 4435 1053 4475 suae
1081 4420 1303 4490 originis
1327 4420 1663 4491 dignitatem,
1695 4423 2106 4479 succedentibus
2214 4438 2269 4484 et
2298 4428 2463 4483 filium
2502 4429 2891 4497 interfecisset,
2926 4430 2996 4483 ob
3025 4427 3209 4483 odium
3239 4442 3429 4483 eorum
3469 4427 3779 4498 persecutio-

517 4515 623 4572 sibi
663 4529 877 4585 semper
906 4514 1331 4570 revolutionibus
1375 4514 1443 4570 de
1473 4515 1627 4569 bonis
1657 4515 1722 4569 ad
1755 4516 1913 4582 mala,
1956 4526 2009 4572 et
2039 4517 2106 4572 de
2215 4537 2336 4579 nem
2368 4522 2419 4576 in
2452 4522 2784 4579 Christianos
2813 4531 3011 4577 movet.

517 4608 680 4664 malis
711 4608 779 4663 ad
818 4608 979 4663 bona.
1011 4606 1145 4673 Quia
1176 4607 1289 4661 haec
1328 4607 1611 4663 alternatio
1642 4621 1745 4663 non
1786 4609 1955 4677 possit
1997 4624 2105 4664 non
2132 4585 2185 4645 Ῑ)
2284 4617 2548 4671 Antonius
2580 4618 2874 4671 monachus
2907 4613 3160 4670 nascitur.

521 4713 643 4757 esse
674 4709 953 4771 perpetua,
984 4706 1041 4754 et
1064 4697 1295 4753 vicissim
1327 4708 1385 4753 ut
1422 4700 1490 4756 de
1520 4701 1733 4757 miseris
1761 4701 1924 4767 beati,
1955 4712 2007 4757 et
2037 4702 2104 4759 de
2282 4710 2593 4765 Alexandro
2618 4710 3076 4782 Jerosolymorum
3102 4709 3354 4779 episcopo
3377 4708 3448 4763 ob
3478 4709 3777 4780 martyrium

518 4796 691 4853 beatis
722 4796 927 4852 miseri.
2209 4801 2497 4857 interfecto
2536 4801 2676 4871 apud
2707 4801 3005 4856 Cmsaream
3041 4800 3339 4855 Palaestina:
3361 4841 3376 4864 ,
3410 4807 3467 4855 et
3493 4797 3777 4855 Antiochiae

587 4888 1015 4946 ALEXANDRO
1043 4888 1111 4945 III
1140 4889 1231 4945 ET
1261 4888 1467 4945 DIONE
2207 4893 2407 4966 Babyla
2437 4893 2623 4949 eadem
2655 4894 2819 4964 gloria
2847 4893 3050 4962 occiso,
3089 4902 3111 4930 θ
3142 4892 3483 4949 Mazabamus
3507 4902 3563 4948 et
3589 4891 3776 4948 Fabius

586 4978 823 5036 ΕΒΑΤο
852 4981 938 5036 ΕΤ
967 4979 1300 5037 SELEUCO.
2205 4985 2442 5054 episcopi
2470 4985 2885 5040 constituuntur.

584 5071 979 5128 POMPEIANO
1008 5073 1095 5129 ET
1125 5072 1506 5130 FELICIANO.
2276 5080 2471 5137 Decius
2500 5094 2623 5135 cum
2648 5078 2759 5134 tilio
2798 5076 2818 5116 τ
2852 5078 2906 5132 in
2934 5076 3161 5147 Ahritto,
3198 5092 3319 5150 quae
3348 5087 3433 5135 est
3458 5076 3646 5134 civitas
3670 5076 3777 5147 My-

492 5198 493 5201 η
578 5160 763 5219 LUPO
791 5163 880 5219 ET
908 5163 1200 5220 MAXIMO.
2202 5175 2328 5240 size,
2358 5172 2640 5227 occiditur.

488 5250 491 5251 ⁷
578 5253 768 5311 Romae
794 5254 935 5311 XVII
965 5257 1331 5328 episcopatum
1352 5258 1588 5329 suscepit
1613 5257 1916 5315 PONTIANUS
1939 5260 2094 5317 annis
2272 5263 2489 5319 Gaurus
2521 5280 2591 5319 er
2621 5263 2956 5322 Vowsunus
2984 5263 3122 5320 Galli
3152 5262 3314 5331 filius,
3345 5260 3553 5334 XXVI,
3598 5273 3773 5332 regna-

506 5340 541 5386 ι
566 5346 825 5417 quinque.

2203 5359 2281 5415 vit
2310 5370 2334 5407 ις
2366 5360 2521 5414 annis
2546 5358 2718 5415 tribus
2746 5370 2798 5415 et
2823 5360 3100 5415 mensibus
3132 5366 3385 5428 quatuor.

502 5486 523 5541 ι.
584 5467 612 5497 λ
637 5457 769 5541 ligo
805 5459 1161 5541 adduntur_in
1202 5465 1651 5541 nostra_edit_ione
1682 5481 1749 5523 ex
1798 5469 2091 5541 Auctuario
2267 5473 2294 5510 ιι
2333 5475 2390 5529 1η
2422 5489 2524 5529 ms.
2552 5473 2705 5532 Colb.
2738 5490 2865 5541 uno,
2896 5492 3097 5530 novem.

502 5529 653 5616 ἡιξοά
695 5526 799 5616 Ph:
823 5530 1021 5616 .Labbe
1062 5532 1332 5591 Chronico
1380 5536 1685 5594 Eusebiano
1726 5547 1782 5594 et
1828 5526 2092 5615 Hierony-
2271 5555 2293 5582 ε
2324 5526 3126 5614 Mel—Colb.—unusTArnbunes.
3172 5547 3413 5616 Quatuor
3441 5544 3531 5602 alii
3569 5550 3623 5601 et
3645 5541 3767 5599 edit.
3836 5560 3843 5567 ·

506 5600 688 5685 mia"?
717 5600 1017 5685 99biun‘iL
1090 5676 1125 5685 η
1248 5679 1261 5685 _
1572 5680 1603 5685 _
1696 5682 1707 5685 Α
2032 5600 2051 5615 ⁸
2196 5600 2810 5681 ΡοηιηΜαπηθαὴηέςν
3586 5600 3593 5601 ί
3820 5617 3832 5677 Ι.

572 5671 604 5712 δ
633 5672 861 5753 Quidam
892 5688 1049 5740 mss.,
1082 5676 1393 5746 Germinus;
1424 5679 1532 5753 alii,
1560 5680 1861 5753 Gemianus.
2198 5671 2204 5672 ί
2251 5671 2292 5725 ’τ
2327 5671 2425 5743 Ms.
2458 5688 2607 5744 Colb.
2651 5671 2818 5753 unus.
2869 5692 2920 5744 in
2949 5689 3177 5745 Abrntio.
3213 5688 3343 5745 Mss.
3377 5688 3533 5745 Colb.
3564 5695 3666 5743 tres
3686 5726 3698 5749 ,
3738 5700 3770 5737 α

498 5788 529 5815 η
579 5754 603 5782 ο
640 5744 767 5800 Hmc
792 5760 913 5815 quze
946 5759 1240 5815 sequuntur
1268 5744 1495 5805 articqu
1519 5744 1701 5807 addita
1738 5754 2005 5811 habentur
2026 5772 2093 5815 cx
2197 5760 2383 5815 Bruto.

497 5814 797 5879 ﬂuctuario
814 5814 921 5876 Ph.
955 5814 1135 5877 La’bbe
1164 5829 1291 5874 tom.
1329 5822 1347 5878 I
1387 5822 1642 5881 Biblioth.
1677 5839 1847 5885 novae.
2082 5814 2089 5815 ί
2206 5814 2209 5815 ν
2250 5814 2302 5887 γε
2336 5830 2486 5907 Apud
2520 5831 2738 5897 Eusebii
2766 5830 3071 5893 Chronicon
3118 5832 3331 5911 ubique,
3368 5834 3516 5891 annis
3556 5826 3759 5893 duom.
3820 5837 3827 5843 '
