4006 6356
1369 352 1762 416 CHRONICUM
1798 355 2179 420 INTEGRUM.

3300 362 3415 426 570

209 487 462 545 Romana
500 478 760 539 Ecclesiae
787 477 1155 550 episcopatum
1201 483 1324 547 post
1353 476 1574 534 Fabiani
1602 477 1719 550 glo-
1744 481 1800 542 Α
1827 479 1910 536 liis
1935 479 1989 537 in
2015 481 2222 538 Italiam
2251 481 2540 540 transiere.
2563 482 2795 555 Gracia,
2824 481 3159 552 Macedonia,
3202 482 3408 546 Pontus

148 587 333 646 riosam
379 588 608 637 mortem
651 574 754 633 XX
799 575 1024 645 suscipit
1051 571 1352 631 Contt'sntus
1389 574 1545 630 annis
1585 573 1722 630 duo—

149 679 258 745 bus,
287 672 378 746 qui
415 679 540 744 post
580 668 856 726 biennium
884 666 1080 723 eodem
1113 666 1375 738 martyrio
1405 674 1719 724 coronatur.

211 767 434 830 GALLO
463 766 553 822 ET
587 761 998 821 VOLUSIANO.

210 857 595 923 VOLUSIANO
620 856 668 914 II
696 856 786 913 ET
817 853 1108 912 MAXIMO.

209 958 441 1015 Novatus
471 951 756 1024 presbyter
781 947 1036 1021 Cypriani
1064 946 1292 1005 Romam
1323 948 1574 1016 veniens,
1617 946 1723 1003 No-

147 1053 409 1111 vatianutn
439 1058 494 1104 et
515 1053 742 1103 cateros
773 1042 1115 1099 conlessores
1140 1041 1243 1098 sibi
1271 1041 1457 1106 sociat,
1486 1056 1552 1097 eo
1581 1039 1724 1114 quod

146 1143 419 1204 Cornelius
467 1138 790 1212 praenitentes
830 1142 1105 1207 apostatas
1148 1138 1462 1204 recepisset.
1494 1134 1576 1189 Ab
1622 1133 1725 1190 hoc

147 1237 358 1295 haresis
383 1231 808 1290 Novatianorum
829 1227 1062 1299 sumpsit
1091 1226 1394 1295 exordium,
1417 1225 1509 1293 qui
1525 1239 1584 1281 se
1601 1240 1727 1296 pro-

147 1341 256 1404 pter
294 1327 618 1385 munditiam
663 1340 825 1396 quam
868 1324 973 1380 sibi
1015 1323 1403 1395 superbissime
1449 1331 1722 1394 arrogant,

147 1423 398 1482 Catharos
439 1420 700 1492 appellari
737 1417 927 1474 volunt
957 1434 971 1470 :
1003 1416 1270 1472 secundas
1312 1418 1528 1485 nuptias
1565 1423 1591 1451 ι
1619 1430 1725 1470 non

148 1518 453 1585 admittunt,
485 1512 985 1571 reconciliationem
1018 1508 1406 1581 panitentibus
1434 1517 1650 1581 negant.

208 1609 510 1669 Antiochia
557 1606 584 1648 δ
627 1604 748 1662 XIV
797 1603 1143 1663 constituitur
1191 1603 1476 1674 cpiscopus
1533 1601 1725 1658 Deme-

153 1705 360 1762 trianus.

208 1800 471 1855 Romanae
525 1793 786 1851 Ecclesia
832 1793 1202 1864 episcopatum
1257 1798 1402 1846 tenet
1447 1786 1570 1844 XXI
1621 1785 1727 1844 Lu-

1822 583 1878 631 et
1903 573 2032 631 Asia
2060 590 2157 646 per
2194 575 2396 634 Gothos
2436 575 2780 648 depopulata
2822 583 2967 632 sunt.
2995 575 3168 646 Quadi
3205 586 3262 634 et
3282 578 3410 637 Sar-

1823 678 1982 725 mata
2009 669 2314 728 Pannonias
2342 681 2763 745 occupaverunt.
2801 672 3089 732 Germania
3123 673 3411 747 Hispanias

1823 763 2210 834 obtinentibus,
2244 766 2478 824 Tarraco
2523 775 2822 839 expugnata
2853 775 2961 824 est.
2997 767 3182 825 Parthi
3231 767 3408 828 Meso-

1825 858 2118 927 potamiam
2151 868 2395 916 tenentes
2427 861 2636 931 Syriam
2666 861 3097 920 incursaverant.

1899 949 2247 1007 GALLIENO
2276 951 2320 1008 V
2351 950 2439 1006 ET
2464 950 2852 1010 VICTORINO.

1900 1045 2150 1102 ALBINO
2181 1046 2268 1102 ET
2300 1046 2594 1104 MAXIMO.

1899 1139 2237 1195 Alexandria
2267 1139 2382 1195 XIV
2411 1142 2697 1213 episcopus
2718 1142 3003 1202 ordinatur
3034 1143 3314 1202 Maximus.

1900 1232 2088 1289 Roma
2111 1231 2282 1289 XXIV
2310 1233 2600 1304 praeﬁcitur
2639 1235 2927 1308 episcopus
2956 1235 3284 1295 Dtouvswst
3317 1253 3415 1296 an-

1827 1339 2247 1474 nlszAlLLIENO
2281 1419 2342 1475 VI
2375 1419 2462 1476 ET
2500 1419 2912 1478 SATURNINO.

1910 1507 2304 1566 VALERIANO
2351 1511 2440 1566 ET
2493 1511 2806 1569 LUCILLO.

1901 1601 2365 1676 Jerosolymorum
2396 1605 2768 1677 episc0patum
2799 1617 2945 1666 tenet
2974 1606 3198 1667 XXXVI
3228 1611 3420 1682 Ilyme-

1833 1709 2001 1750 IIIBIIS.

1905 1786 2254 1845 GALLIENO
2282 1789 2373 1846 VII
2402 1789 2490 1846 ET
2521 1790 2901 1850 SABINILLO.

150 1907 253 1950 etus
278 1889 568 1949 mensibus
601 1899 624 1929 ο
655 1896 800 1944 octo.
843 1884 974 1941 Post
1017 1899 1176 1956 quem
1229 1881 1372 1938 XXII
1420 1882 1736 1938 Srnruanus
1766 1881 1816 1943 B
1913 1878 2112 1938 Paulus
2157 1882 2544 1942 Samosatenus
2592 1901 2625 1941 a
2672 1896 2988 1946 cunctorum
3044 1890 3428 1962 pradicatione

149 1985 290 2044 annis
331 1983 536 2042 tribus.
584 1981 816 2039 Exstant
867 1979 935 2036 ad
983 1987 1270 2049 utrumque
1314 1977 1571 2050 Cypriani
1621 1979 1734 2046 epi-

149 2079 307 2138 stola.

213 2172 399 2229 Gallus
429 2179 485 2228 et
507 2169 830 2226 Volusianus
857 2167 1115 2225 adversus
1141 2164 1492 2222 Aimilianum
1523 2143 1612 2221 res
1638 2179 1735 2220 no-

150 2279 239 2322 vas
264 2266 315 2321 iu
342 2263 542 2323 Maesia
558 2262 870 2320 molientem
896 2259 1068 2315 Roma
1096 2257 1343 2330 proiecti,
1368 2254 1394 2294 ἀ
1418 2257 1736 2315 Interamna

151 2358 300 2416 occisi
325 2339 482 2414 sun't.

213 2448 542 2509 Aimilianus
572 2448 733 2506 tertio
763 2462 951 2506 mense
991 2452 1268 2517 occupata
1301 2442 1597 2516 tyrannidis
1638 2457 1738 2500 ex-

153 2546 370 2604 stinctus
399 2552 507 2604 est.

219 2637 566 2695 Vansmanus
611 2643 667 2691 et
717 2633 1057 2702 Cumanus,
1108 2631 1316 2700 XXVI,
1374 2637 1739 2702 regnaverunt

152 2733 294 2788 annis
323 2747 421 2788 xv.

217 2822 614 2881 VALERIANO
645 2821 732 2878 ET
762 2819 1132 2878 GALLIENO.

215 2918 517 2991 Cyprianus
558 2917 789 2989 primum
835 2916 1044 2984 rhetor,
1075 2913 1271 2972 deinde
1315 2912 1620 2986 presbyter,
1669 2911 1738 2969 ad

151 3020 450 3072 extremum
483 3007 929 3082 Cartltaginensis
957 3007 1262 3080 episcopus,
1297 3005 1554 3078 martyrio
1575 3017 1735 3061 coro-

152 3111 320 3160 natur.

221 3197 500 3256 MAXIMO
530 3195 618 3253 ET
645 3194 1059 3252 GLABRIONE.

1837 1973 2113 2042 desciscit,
2141 1977 2452 2035 Artemonis
2483 1978 2733 2036 haresim
2765 1984 3064 2051 suscitans,
3091 1999 3211 2054 qua
3235 1985 3430 2042 asserit

1838 2065 2111 2123 Christum
2137 2083 2243 2123 non
2273 2084 2490 2141 semper
2514 2071 2705 2141 fuisse,
2739 2073 2832 2129 sed
2856 2074 3065 2130 initium
3086 2075 3204 2144 ejus
3224 2090 3296 2132 ex
3323 2089 3430 2147 quo

1837 2158 1905 2215 de
1932 2159 2095 2215 Maria
2126 2171 2287 2216 natus
2330 2172 2414 2218 est
2454 2164 2738 2234 praedicat,
2771 2182 2873 2224 nec
2908 2182 3035 2223 eum
3071 2169 3272 2238 aliquid
3317 2184 3431 2226 am-

1838 2252 1976 2324 plius
2013 2270 2172 2325 quam
2221 2255 2496 2313 hominem
2553 2269 2723 2329 putat.
2754 2270 2778 2309 ε
2808 2261 2976 2332 Hujus
3023 2264 3224 2319 erroris
3265 2264 3430 2321 etiam

1839 2345 2104 2402 Photinus
2131 2358 2370 2405 assertor
2397 2349 2532 2421 fuit,
2565 2353 2656 2423 qui
2687 2351 3097 2410 vehementiore
3123 2355 3305 2411 studio
3327 2395 3345 2424 ,
3372 2366 3432 2414 ut

1838 2448 2136 2496 sectatores
2181 2442 2473 2512 impietatis
2515 2443 2674 2515 hujus
2718 2445 3024 2502 Pltotiniani
3055 2448 3233 2516 potius
3271 2461 3432 2518 quam

1841 2532 2084 2589 Pauliani
2113 2533 2427 2591 dicerentur
2452 2536 2706 2594 obtinuit.
2742 2538 2850 2594 Hos
2877 2540 3136 2610 baptizari
3162 2541 3219 2596 in
3241 2541 3431 2598 Eccle-

1841 2629 1920 2684 sia
1964 2628 2227 2686 catholica
2269 2631 2506 2702 synodus
2531 2631 2751 2689 Nicana
2799 2635 3099 2691 constituit.
3128 2634 3282 2693 Unde
3306 2649 3430 2693 (ιι-οη

1842 2720 2078 2778 dendum
2109 2732 2194 2779 est
2219 2738 2312 2780 eos
2338 2725 2580 2796 regulam
2609 2725 2861 2797 baptismi
2891 2743 2997 2785 non
3025 2726 3251 2786 habere.

1915 2818 2220 2875 Antiochia
2244 2818 2299 2874 in
2328 2817 2505 2876 locum
2530 2819 3114 2880 PauliXVlordinatur
3143 2822 3433 2895 episcopus

1843 2910 2104 2970 Domnus.
2741 2911 2768 2937 ⁹

1915 3004 2238 3062 PATERNO
2267 3006 2356 3063 ET
2383 3007 2842 3067 ARCHESILAO.

1915 3097 2242 3157 PATERNO
2270 3101 2315 3158 II
2345 3101 2434 3158 ET
2463 3101 2702 3160 MARIO.

1915 3193 2218 3264 CLAUDIUS,
2253 3194 2473 3252 XXVIII
2496 3237 2513 3266 ,
2558 3206 2750 3270 regnat
2791 3211 2936 3260 anno.
2984 3213 3115 3270 uno,
3160 3201 3437 3264 mensibus

213 3269 404 3348 Romae
427 3287 598 3345 XXIII
640 3287 984 3345 constituitur
1029 3285 1313 3357 episcopus
1341 3283 1540 3342 th'rus
1583 3281 1742 3341 annis
1767 3285 1815 3349 C
1847 3299 2066 3342 novem.

156 3390 178 3419 ⁸
207 3394 440 3436 sentem.

207 3394 440 3454 septem.

215 3459 440 3534 deum
473 3489 819 3532 rensncu'rto.
841 3473 1159 3531 Valerianus
1181 3474 1232 3529 in
1261 3471 1598 3530 Christianos
1621 3486 1746 3544 ρει-ο

154 3571 492 3628 secutionem
521 3578 726 3626 movet.

221 3663 624 3723 VALERIANO
653 3663 722 3720 III
750 3663 839 3720 ET
869 3661 1217 3720 GALLIENO
1250 3660 1317 3717 Il.

228 3759 556 3818 Valerianus
580 3773 609 3814 a
640 3773 770 3830 rege
790 3759 1074 3815 Persarum
1102 3757 1306 3827 Sapore
1331 3757 1559 3829 capitur,
1584 3754 1746 3828 720

158 3853 335 3926 ibique
365 3853 632 3910 servitute
659 3851 857 3932 misera
888 3849 1247 3908 consenescit.

218 3949 446 4006 TUSCO
475 3947 565 4003 ET
592 3945 828 4003 BASSO.

221 4043 517 4100 Valeriano
534 4042 587 4098 in
612 4040 806 4098 Persas
834 4039 1016 4110 ducto,
1037 4039 1314 4099 Gallienus
1333 4039 1532 4094 nostris
1558 4052 1747 4110 pacem

155 4138 407 4196 reddidit.

219 4230 533 4289 Antiochia
561 4229 656 4285 XV
685 4230 968 4286 ordinatur
998 4229 1284 4302 episcopus
1333 4227 1530 4285 Paulus
1557 4226 1747 4284 Samo-

152 4335 397 4383 satenus.
464 4397 470 4401 _

222 4414 592 4476 EMILIANO
621 4415 709 4471 ET
738 4414 974 4472 BASSO.

217 4511 626 4605 SECULARE
659 4511 747 4567 ET
779 4511 1076 4569 DONATO.

219 4607 576 4667 GALLIENO
608 4608 674 4663 IV
706 4607 792 4663 ET
823 4606 1198 4664 GENTIANO.

1920 3379 2221 3438 CLAUDIO
2247 3382 2335 3438 ET
2367 3383 2706 3443 PATERNO.

1921 3476 2174 3534 Claudius
2203 3476 2408 3534 Gothos
2442 3478 2711 3553 Illyricum
2743 3491 2799 3537 et
2828 3481 3199 3541 Macedoniam
3226 3493 3440 3544 vastae.

1852 3583 1934 3631 tes
1961 3583 2217 3644 superat:
2245 3574 2316 3631 ob
2347 3590 2466 3646 qua
2493 3575 2574 3631 illi
2599 3577 2652 3632 in
2681 3575 2840 3633 Curia
2869 3578 3095 3651 clypeus
3126 3594 3358 3650 aureus,
3383 3591 3441 3641 et

1850 3668 1906 3726 in
1937 3667 2206 3738 Capitolio
2229 3675 2409 3723 statua
2432 3683 2596 3725 aurea
2627 3670 2943 3727 collocatur.

1921 3759 2390 3817 ANTIOCHIANO
2423 3760 2510 3817 ET
2540 3761 2861 3819 ORPHITO.

1921 3851 2179 3908 Claudius
2207 3851 2390 3909 Sirmii
2420 3854 2648 3909 moritur
2671 3896 2686 3923 ,
2713 3855 2867 3927 cujus
2917 3855 3088 3913 l‘rater
3123 3857 3438 3927 Quintillus.

1922 3946 1951 3984 ιι
1980 3946 2237 4002 Claudius
2277 3962 2308 4002 a
2355 3958 2546 4002 senatu
2589 3949 2865 4020 Augustus
2909 3950 3233 4022 appellatus,
3275 3954 3438 4032 721

1848 4041 2081 4113 septimo
2110 4039 2322 4095 decimo
2345 4039 2433 4097 die
2460 4041 2673 4112 imperii
2697 4045 2778 4099 sui
2815 4043 3078 4115 Aquileia
3103 4045 3386 4104 occiditur.

1921 4138 2288 4202 Amenanus,
2307 4132 2506 4205 XXIX,
2531 4146 2721 4208 regnat
2747 4152 2920 4194 annos
2937 4138 3204 4211 quinque,
3226 4155 3443 4199 menses

1847 4242 1965 4285 88X.

1925 4321 2323 4380 VALERIANO
2347 4322 2435 4379 ET
2469 4323 2711 4380 BASSO.

1921 4418 2225 4474 Antiochiae
2251 4417 2396 4474 XVII
2427 4419 2710 4474 ordinatur
2736 4419 3030 4490 episcopus
3064 4420 3078 4457 ¹
3116 4419 3377 4479 Timaeus.

1921 4512 2279 4580 Aurelianus,
2339 4511 2558 4569 Tetrico
2603 4511 2746 4583 apud
2795 4513 3121 4572 Catalaunos
3169 4517 3441 4588 prodente

1853 4603 2158 4660 exercitum
2196 4617 2375 4667 suum,
2409 4601 2610 4657 Gallias
2640 4603 2866 4674 recepit.

220 4701 482 4759 Gallieno
511 4701 567 4756 in
597 4715 812 4758 omnem
853 4701 1132 4757 lasciviam
1163 4699 1459 4768 dissoluto,
1493 4699 1748 4757 Germani
1775 4679 1824 4741 Ῐ)
1925 4695 2184 4764 QUIETO
2215 4695 2304 4751 ET
2331 4693 2804 4753 VOLDUMIANO.

149 4796 477 4856 Ravennam
510 4811 680 4869 usque
725 4805 1002 4856 venerunt.
1042 4795 1328 4852 Alamanni
1376 4796 1598 4852 vastatis
1629 4795 1753 4852 Gal-

220 4953 248 4979 ιι
285 4942 424 4998 Haec
444 4942 631 5010 verba,
664 4959 764 4998 non
793 4945 1066 4999 admittunt
1098 4961 1117 5000 :
1145 4945 1609 5002 reconciliationem
1644 4962 1750 5013 pae-

148 5013 440 5068 nitentibus
469 5023 689 5084 negant,
720 5030 791 5070 ex
830 5016 1104 5071 codicibus
1142 5018 1194 5072 in
1225 5019 1514 5072 Auetuario
1553 5026 1684 5072 tom.
1727 5016 1749 5071 I

149 5085 660 5158 Bibliotlt._Labltei
698 5089 992 5158 expreSsis,
1028 5087 1402 5142 substituimus
1446 5103 1543 5158 pro
1570 5087 1751 5142 verbis

150 5155 265 5211 fere
282 5156 595 5230 similibus,
617 5155 807 5227 quibus
828 5170 982 5214 antea
1007 5158 1300 5230 legebatur,
1327 5155 1652 5230 denegantem
1681 5158 1749 5212 ad

148 5228 516 5296 paenitentiam
541 5243 642 5282 non
670 5230 1012 5284 admittentes.

223 5297 253 5336 δ
283 5297 619 5355 Numerat'ur
655 5299 722 5354 I3
755 5303 808 5354 in
849 5301 1086 5356 editione
1118 5301 1335 5357 Pontaci
1379 5309 1431 5355 et
1459 5316 1560 5357 ttts.
1593 5300 1746 5359 Coll).

151 5370 351 5427 unico.
382 5367 442 5426 In
471 5372 595 5426 aliis
622 5371 816 5425 dicitur
846 5371 933 5427 Μ.

226 5453 254 5481 ο
293 5441 359 5499 In
388 5455 492 5497 ms.
523 5441 678 5497 Colb.
712 5441 890 5505 unico,
916 5452 1120 5505 septem.

221 5510 254 5550 ει
287 5514 450 5584 Apud
491 5513 813 5583 Eusebium,
865 5513 928 5568 In
961 5510 1097 5569 Foro
1129 5512 1404 5584 Flaminii,
1436 5517 1512 5570 rel
1561 5527 1616 5571 ut
1660 5516 1752 5571 alii

141 5582 374 5658 putant,
406 5582 742 5658 Interamna.

225 5667 253 5695 ο
292 5655 358 5710 In
387 5656 520 5712 edit.
555 5655 776 5710 Pontaci
817 5667 871 5711 et
935 5674 1033 5713 ms.
1064 5658 1243 5724 Colb.,
1286 5660 1435 5714 annis
1481 5668 1613 5712 octo.
1650 5659 1748 5717 Ms.

143 5741 306 5803 unus
338 5728 535 5803 omittit
565 5727 795 5803 Sixtum.
828 5729 956 5784 Mss.
993 5737 1104 5785 tres
1130 5729 1216 5784 alii
1243 5730 1396 5785 Sixto
1435 5731 1749 5803 Dionysium

139 5798 360 5868 praeire
384 5797 594 5858 volunt,
618 5800 785 5867 priori
804 5815 974 5855 annos
1000 5804 1084 5867 ll,
1115 5803 1396 5872 posteriori
1419 5803 1452 5859 9
1478 5797 1755 5872 assignat}.

144 5884 260 5928 tes.

234 5941 252 5991 τ
296 5938 360 6009 In
391 5941 517 6012 edit.
550 5942 707 6011 l‘onl.
743 5943 896 6014 annis
924 5942 1006 6013 12.
1040 5944 1166 6013 Mss.
1195 5945 1346 6014 Coll».
1376 5946 1522 6011 mutu
1545 5945 1599 6015 9.

1927 4791 2205 4850 Zenobiai
2255 4790 2396 4862 apud
2437 4791 2634 4848 Immas
2664 4793 2805 4849 haud
2849 4794 3009 4868 longe
3050 4796 3119 4852 ab
3161 4797 3449 4854 Antiochia

1929 4954 1953 4991 κ
1987 4945 2042 5000 1η
2094 4945 2386 5001 Attctuario
2430 4945 2562 5000 tomi
2607 4945 2627 5000 Ι
2676 4947 2930 5004 Biblioth.
2979 4949 3108 5004 Mss.
3141 4947 3343 5004 Labbei
3382 4962 3450 5002 ex

1855 5030 1986 5072 mss.
2016 5035 2027 5069 :
2061 5014 2191 5071 Hac
2217 5017 2423 5089 haeresis
2466 5019 2609 5089 prius
2659 5020 2950 5074 Artemonis
2985 5021 3117 5089 fuit,
3149 5022 3239 5073 sed
3281 5018 3450 5088 efﬁca-

1855 5090 1991 5142 ciore
2019 5088 2240 5142 versutia
2265 5087 2465 5141 Paulus
2492 5088 2859 5145 Samosatenus
2887 5091 2940 5144 in
2967 5087 3025 5145 ea
3058 5091 3276 5144 obtinuit
3303 5087 3450 5158 prin-

1854 5161 2102 5229 cipatum;
2131 5159 2402 5214 accedente
2430 5169 2606 5224 postea
2650 5162 3042 5228 praevaricatore
3081 5161 3329 5230 Pltotino,
3362 5159 3447 5230 fa-

1854 5241 1989 5285 ctum
2021 5240 2094 5284 est
2125 5239 2180 5284 ut
2205 5230 2444 5299 discipuli
2476 5247 2653 5285 eorum
2685 5231 2987 5286 Photiniani
3015 5248 3169 5301 quant
3203 5229 3446 5284 Pauliani

1854 5302 2094 5373 celebrius
2121 5310 2500 5373 nuncupentur.
2534 5301 2643 5356 llos
2667 5302 2938 5371 baptizari,
2963 5312 3098 5370 etc.,
3131 5312 3188 5358 ut
3215 5315 3401 5373 supra.

1931 5369 1960 5408 ¹ι
1990 5373 2161 5428 Aliter
2188 5374 2241 5428 in
2282 5372 2552 5427 Chronico
2597 5369 2813 5444 Eusebii
2842 5383 2949 5427 tam
2993 5375 3046 5428 itt
3086 5369 3256 5441 edito,
3283 5369 3447 5444 quam

1857 5444 1909 5514 in
1957 5459 2087 5498 mss.
2136 5443 2293 5500 Coll).
2325 5453 2446 5512 post
2494 5445 2614 5509 ista,
2662 5443 2859 5514 Syrmii
2880 5445 3119 5500 moritur.
3166 5443 3450 5514 Quintilius

1857 5512 2064 5639 glaugii
2091 5519 2254 5586 frater
2279 5533 2310 5568 a
2341 5514 2558 5580 Senatu,
2588 5512 2720 5580 etc.,
2752 5529 2853 5571 nec
2875 5516 3142 5585 repetitur
3167 5512 3271 5573 vox
3306 5517 3446 5584 hac,

1901 5604 1984 5639 tau
2027 5603 2127 5639 tus.

1901 5603 2127 5640 tauatus.

1935 5656 1949 5694 ί
1982 5657 2108 5713 Mss.
2142 5666 2278 5723 tres,
2324 5656 2657 5722 Timotheus;
2689 5657 2828 5713 alius
2852 5702 2867 5724 ,
2901 5657 3204 5716 Timotheus
3246 5659 3322 5715 vel
3355 5655 3443 5712 Ti-

1857 5746 2048 5794 nitens;
2082 5730 2219 5784 alius
2249 5729 2493 5791 Timaus,
2524 5743 2645 5783 cum
2671 5728 2800 5783 edit.
2835 5731 3083 5787 Pontaci.

1934 5800 1948 5852 i
1989 5801 2116 5884 Mss:
2145 5801 2300 5884 Coll-1..
2332 5799 2803 5884 quatuorLTimas.
2841 5803 3043 5884 Deinde
3066 5818 3164 5884 pro
3179 5798 3445 5884 Odoacro,

1861 5887 2050 5943 omnes
2079 5873 2292 5936 Eusebii
2319 5869 2531 5942 codices
2562 5871 2820 5946 Odettato,
2849 5873 2935 5947 vel
2964 5869 3183 5947 pen—ato,
