4006 6356
564 335 662 393 171

1793 332 1853 388 S.
1894 328 2235 389 PROSPERI
2276 330 2601 402 AQUiTANi
3725 337 3810 395 572

566 451 821 520 vincitur,
850 464 971 521 quae
1000 448 1181 507 occiso
1205 448 1454 507 Odoacro
1484 449 1680 505 marito
1716 448 1961 505 Orientis
1994 460 2149 507 tene-
2174 456 2230 516 Α
2323 449 2509 505 Romae
2564 448 2736 505 XXVI
2794 448 3074 505 ordinatur
3127 450 3412 525 episcOpus
3464 450 3809 523 Eorvcaum

566 547 657 603 bat
700 546 1009 616 imperium.
1042 545 1103 601 In
1129 561 1233 617 qua
1274 560 1448 616 pugna
1486 543 1859 601 strenuissime
1891 544 2151 600 adversus

564 658 684 701 eam
721 641 1002 701 dimicavit
1046 642 1411 712 Pompeianus
1446 640 1555 696 dux
1582 649 1944 712 cognomento
1984 640 2147 696 Fran—

562 750 890 885 cuTACITO
919 828 1009 885 ET
1042 827 1476 885 PLACIDIANO.

637 921 903 978 Eusebius
940 920 1280 976 Laodiccnus
1320 922 1608 992 episcOpus
1637 921 1864 992 insignis
1902 919 2148 976 habetur.

636 1014 985 1070 Aurelianum
1012 1013 1201 1070 Romae
1234 1013 1659 1085 triumphantem
1699 1013 1943 1069 Tetricus
1970 1023 2023 1069 et
2056 1013 2153 1069 Ze-

2266 542 2542 599 mensibus
2573 548 2697 598 octo
2726 558 2739 596 :
2766 551 2888 613 post
2926 556 3082 613 quem
3113 538 3273 597 αλιυδ
3298 540 3496 599 XXVII
3523 555 3718 605 creatur
3734 566 3811 610 an-

2257 636 2340 691 nls
2368 650 2451 689 xv.

2328 728 2553 785 PROBO
2578 726 2649 785 IV
2681 727 2770 784 ET
2801 727 3191 785 TIBERIANO.

2326 820 2550 877 I’ROBO
2578 821 2619 876 V
2651 820 2740 876 ET
2768 819 3157 877 VICTOBINO.

2328 914 2664 971 Alexandriae
2686 913 2784 971 XV
2810 916 3096 987 episcOpus
3124 914 3344 985 praefuit
3367 914 3634 975 Theonas.

2327 1006 2534 1063 Probus
2576 1008 2805 1063 tumultu
2835 1007 3054 1063 militari
3099 1006 3239 1077 apud
3267 1005 3525 1064 Sirmium
3574 1010 3623 1065 in
3658 1009 3806 1085 'I‘urri,

565 1106 728 1162 nobia
771 1113 1191 1177 praecsserunt.
1236 1106 1319 1161 Ex
1360 1107 1555 1177 quibus
1582 1106 1832 1163 Tetricus
1868 1108 2154 1162 Corrector
2256 1116 2375 1172 quae
2408 1100 2605 1156 ferrata
2632 1100 2945 1167 vocabatur,
2978 1100 3268 1156 occiditur.

565 1209 751 1271 postea
776 1198 1027 1255 Lucaniae
1058 1198 1176 1265 fuit,
1206 1208 1261 1254 et
1290 1199 1531 1256 Zenobia
1559 1199 1613 1256 in
1645 1198 1794 1255 Urbe
1819 1214 2034 1253 summo
2057 1197 2154 1253 ho-

566 1309 697 1350 nore
720 1294 1025 1362 consenuit,
1051 1310 1081 1349 a
1109 1310 1214 1365 qua
1235 1292 1505 1364 hodieque
1531 1292 1716 1349 Romae
1738 1292 1975 1349 Zenobio
2002 1291 2154 1346 fatui-

566 1390 633 1445 lia
661 1399 1020 1460 nuncupatur.

639 1482 1042 1539 AURELIANO
1071 1481 1156 1538 ET
1184 1480 1619 1538 CAPITOLINO.

640 1574 826 1631 Roma
874 1572 1020 1630 XXV
1064 1575 1435 1644 episcopatum
1502 1574 1743 1645 suscepit
1788 1571 1952 1628 Frath
2000 1573 2155 1630 annis

567 1682 824 1741 qumque.

638 1761 1037 1820 AURELIANO
1062 1759 1107 1817 ll
1130 1760 1217 1817 ET
1244 1758 1636 1816 MARCELLO.

2329 1196 2504 1253 Canus
2552 1214 2672 1254 cum
2705 1198 2828 1254 liliis
2868 1196 3072 1256 CARINO
3105 1208 3160 1255 et
3190 1197 3547 1267 NUIEBIANO,
3592 1198 3803 1270 XXXIII,

2258 1294 2501 1362 regnavit
2529 1294 2685 1349 annis
2715 1294 2946 1350 duobus.

2330 1386 2513 1443 CARO
2541 1388 2628 1443 ET
2655 1388 2932 1444 CARINO.

2330 1478 2514 1536 CARO
2545 1480 2585 1535 ll
2621 1481 2706 1536 ET
2740 1478 3169 1537 NUMERIANO.

2331 1572 2505 1628 Carus
2532 1574 2923 1642 Narbonensis,
2954 1591 3077 1631 cum
3106 1575 3254 1631 omni
3284 1573 3605 1630 Parthorum
3630 1575 3805 1646 regione

2259 1676 2488 1737 vastata,
2526 1665 2742 1723 Cochen
2777 1676 2832 1723 ct
2868 1667 3280 1738 Ctesiphontem
3314 1667 3669 1723 nobilissimas
3708 1668 3806 1723 hos-

2263 1761 2393 1815 tium
2420 1760 2654 1830 cepisset
2676 1761 2859 1829 urbes,
2886 1776 3049 1831 super
3070 1759 3256 1835 Tigrin
3286 1770 3465 1815 castra
3498 1774 3706 1829 ponens,
3730 1760 3808 1815 iul-

576 1882 579 1885 ·
640 1856 964 1913 Aurelianus
989 1870 1111 1911 cum
1147 1854 1408 1910 adversus
1439 1869 1538 1909 nos
1568 1852 1995 1923 persecutionem
2040 1866 2155 1907 mo-
2187 1880 2237 1943 Β
2263 1855 2406 1910 mine
2436 1856 2573 1910 ictus
2602 1855 2826 1911 interiit.
2864 1854 3226 1910 Numerianus
3265 1863 3443 1908 autem
3477 1868 3592 1907 cum
3620 1851 3682 1907 ob
3704 1867 3807 1908 ocu-

569 1950 767 2015 νῖεεθῐ,
800 1948 1005 2004 mmet!
1054 1948 1206 2018 iuxta
1234 1962 1359 2003 eum
1402 1948 1737 2016 comitesque
1775 1946 1892 2016 ejus
1917 1946 2023 2001 ruit
2054 1963 2067 1997 :
2094 1959 2157 2000 ac
2264 1952 2441 2006 lorum
2483 1950 2725 2005 dolorem
2760 1948 3008 2006 lecticula
3037 1948 3348 2012 veheretur,
3374 1946 3584 2002 insidiis
3608 1948 3719 2017 Apri
3744 1961 3811 2002 so-

573 2056 682 2098 που
702 2040 872 2096 multo
896 2052 1021 2111 post
1044 2040 1187 2095 inter
1208 2039 1736 2109 Constantinopolim
1760 2046 1816 2093 ct
1842 2037 2157 2092 Heracleam
2264 2047 2372 2101 ceri
2404 2046 2487 2099 sui
2514 2044 2729 2100 occisus
2757 2053 2862 2100 est,
2892 2044 3059 2100 Ροιτο
3087 2042 3319 2099 Cal-inus
3342 2041 3529 2113 ριιειξιίο
3550 2042 3677 2113 apud
3705 2040 3813 2096 Mar.

571 2134 627 2189 in
654 2142 680 2175 tl
711 2132 1101 2204 Cmnophrurio
1133 2134 1231 2188 viae
1259 2133 1460 2188 veteris
1488 2132 1775 2187 occiditur.

641 2226 899 2294 TACITUS,
935 2224 1121 2292 XXX,
1156 2233 1346 2296 regnat
1390 2225 1665 2280 mensibus
1694 2239 1785 2279 sex
1822 2242 1835 2276 :
1870 2238 1975 2294 quo
2021 2222 2160 2293 apud

572 2319 801 2377 Pontum
814 2320 1014 2386 occiso,
1032 2318 1357 2387 FLORIANUS,
1383 2317 1578 2385 XXXI,
1604 2316 1835 2374 obtinuit
1852 2316 2159 2387 imperium,

572 2413 924 2485 regnavitque
951 2411 1141 2468 diebus
1172 2427 1392 2467 xxcvttt.

645 2506 901 2562 Floriano
926 2505 1065 2576 apud
1095 2505 1323 2561 Tarsum
1350 2504 1656 2577 interiecto,
1677 2506 1910 2573 Pnows,
1938 2504 2161 2574 XXXII,

573 2611 763 2673 regnat
790 2602 946 2657 annis
975 2615 1093 2667 sex,
1123 2602 1399 2658 mensibus
1429 2610 1573 2669 octo,
1599 2601 1732 2657 alias
1755 2610 2009 2673 quatuor.

649 2693 874 2750 PROBO
900 2692 988 2748 ET
1013 2693 1335 2751 PAULINO.

576 2816 588 2831 ο
650 2787 932 2847 Anatolius
969 2785 1304 2843 Laodicenus
1344 2788 1666 2859 episcopus,
1719 2788 2162 2861 philosophorum

578 2878 880 2948 disciplinis
911 2880 1159 2935 eruditus
1180 2921 1194 2946 ,
1220 2880 1453 2950 plurimo
1483 2896 1736 2937 sermone
1760 2883 2093 2939 celebratur.

651 2970 842 3025 Insana
890 2970 1305 3025 Manichazorum
1369 2974 1594 3028 hmresis
1643 2983 1862 3043 exorta,
1907 2974 1935 3013 δ
2004 2976 2166 3031 Persa

579 3061 833 3132 quodam,
861 3064 952 3132 qui
983 3062 1162 3117 Manes
1189 3064 1504 3133 vocabatur,
1532 3076 1771 3122 auctore.
1803 3068 2040 3136 Quorum
2072 3070 2170 3123 im-

581 3152 812 3225 piatum
849 3163 904 3209 et
949 3154 1232 3225 sacrilegia
1285 3170 1349 3211 ac
1392 3158 1752 3227 turpitudines
1796 3161 2067 3230 explicare
2116 3164 2167 3217 in

2263 2155 2387 2211 gum
2420 2140 2591 2195 victus
2622 2140 2896 2195 occubuit.

2337 2234 2751 2301 DIOCLETIANUS,
2783 2232 3028 2301 XXXIV,
3064 2231 3311 2303 regnavit
3332 2232 3489 2288 annis
3518 2245 3601 2286 xx.

2342 2326 2802 2382 DIOCLETIANO
2831 2327 2918 2381 ET
2951 2323 3406 2381 ARlSTOBULO.

2338 2419 2610 2474 MAXIMO
2644 2420 2729 2474 ET
2758 2418 3102 2485 AQUILINO.

2344 2513 2714 2568 Diocletianus
2742 2502 2801 2568 in
2824 2513 3152 2569 consortium
3178 2512 3324 2583 regni
3355 2510 3660 2566 lisacuucu
3678 2508 3819 2567 Muto

2268 2623 2471 2663 IIIANUM
2506 2608 2749 2661 assumit.
2787 2607 2886 2675 Qui
2915 2606 3240 2661 ruSticorum
3267 2603 3609 2659 multitudine
3635 2616 3821 2672 Oppres-

2269 2714 2350 2765 sa,
2370 2714 2489 2769 quze
2508 2698 2757 2753 seditioni
2782 2714 2892 2753 sua)
2921 2707 2942 2736 °
2967 2696 3335 2751 Bacaudarum
3354 2710 3549 2751 nomen
3572 2693 3820 2755 indiderat,

2270 2806 2460 2869 pacem
2489 2791 2677 2846 Galliis
2702 2791 2955 2846 reddidit.

2342 2883 2627 2939 Carausius
2660 2892 2875 2952 sumpta
2908 2897 3143 2954 purpura
3175 2883 3479 2938 Britannias
3502 2880 3772 2952 occupavit.

2346 2975 2803 3033 DIOCLETIANO
2836 2977 2875 3031 ii
2910 2976 2997 3032 ET
3025 2975 3435 3032 MAXIMIANO.
3778 2962 3816 2993 λυ

2345 3068 2729 3124 MAXIMIANO
2755 3069 2796 3124 ll
2827 3068 2914 3124 ET
2947 3068 3312 3124 JANUARIO.

2344 3159 2696 3216 Constantius
2740 3169 2794 3218 et
2834 3161 3080 3217 Galerius
3119 3160 3476 3216 Maximianus
3515 3166 3826 3215 assumuntur

582 3244 687 3299 hoc
708 3259 873 3314 opere
894 3246 1055 3300 nimis
1082 3246 1297 3315 longum
1325 3258 1424 3302 est.
1454 3248 1666 3305 Sufﬁcit
1688 3252 1829 3307 enim
1855 3254 2004 3321 sciri,
2025 3254 2164 3326 quod
2196 3266 2241 3330 α
2274 3252 2327 3307 in
2369 3267 2614 3323 regnum.
2666 3252 2813 3319 Quos
2863 3253 3231 3307 Diocletianus
3281 3259 3343 3305 ut
3390 3251 3551 3306 etiam
3605 3248 3829 3304 uiduitate

583 3336 692 3391 duo
721 3335 946 3393 adversa
970 3337 1075 3391 sibi
1100 3347 1153 3393 et
1184 3349 1451 3394 coaeterna
1481 3342 1760 3413 principia,
1795 3356 1846 3400 et
1878 3346 2011 3402 duas
2043 3348 2168 3403 boui

578 3430 789 3495 scilicet
827 3439 884 3493 ot
929 3431 1054 3493 mali
1103 3442 1352 3490 asserunt
1390 3448 1513 3499 esse
1560 3444 1801 3491 naturas.
1850 3438 1926 3493 De
1954 3438 2171 3497 Christo

586 3525 719 3591 nihil
748 3526 1048 3589 secundum
1080 3527 1369 3587 veritatem
1407 3530 1670 3591 sentiunt.
1704 3530 1872 3602 Cujus
1920 3536 2171 3589 nativita-

588 3628 693 3673 tem
728 3633 794 3674 ex
833 3619 1000 3675 Maria
1050 3620 1346 3679 secundum
1392 3637 1643 3691 carnem,
1689 3633 1744 3679 et
1787 3627 2087 3697 passionem
2119 3638 2175 3684 et

584 3712 1068 3777 resurrectionem,
1098 3713 1473 3771 simulationes
1502 3716 1684 3772 dicunt
1711 3718 1900 3787 fuisse,
1938 3736 2038 3775 nec
2075 3722 2173 3788 ita,

587 3810 645 3863 ut
673 3802 1034 3874 praedicantur
1068 3804 1279 3865 cti‘eeta.
1320 3807 1485 3865 Vetus
1526 3808 1931 3867 Testamentum
1964 3821 2020 3868 et
2049 3813 2177 3869 Pro-

587 3899 778 3977 phetas
806 3898 1064 3968 refutant,
1092 3900 1601 3973 Scripturarumque
1630 3903 1843 3959 illarum
1873 3921 1977 3960 non
2008 3907 2175 3961 Deum

590 3986 790 4051 bonum
816 4032 831 4057 ,
873 3990 970 4049 sed
998 3990 1152 4053 malai
1180 4000 1387 4051 natura
1420 3993 1714 4063 principem
1756 4003 2031 4050 auctorem
2060 3996 2177 4064 opi-

590 4090 806 4147 nantur.
843 4083 917 4147 De
938 4086 1101 4161 732
1140 4102 1281 4145 novo
1297 4086 1647 4147 Testamento
1671 4106 1733 4144 ea
1761 4092 2034 4160 accipiunt
2059 4109 2177 4162 quae

592 4182 783 4244 putant
808 4177 1131 4247 apocryphis
1159 4193 1478 4235 consonare.
1510 4181 1981 4239 Resurrectionem
2000 4188 2180 4242 carnis

596 4278 825 4339 negant,
877 4272 1089 4339 nuptias
1142 4271 1434 4337 damnant,
1476 4273 1811 4330 adulterinos
1855 4277 2181 4335 concubitus

594 4376 694 4432 pro
730 4360 895 4427 licitis
937 4363 1169 4432 habent,
1213 4364 1540 4434 baptismum
1584 4369 2007 4436 regenerationis
2046 4370 2179 4425 nihil

596 4454 843 4519 conferre
859 4456 1187 4521 existimant.
1212 4455 1376 4517 Sacra
1404 4472 1593 4515 eorum
1625 4465 1732 4513 tam
1766 4460 1991 4516 nefanda
2020 4477 2179 4530 quam

598 4564 893 4697 “‘01::380
916 4640 961 4695 ll
982 4640 1070 4696 ET
1100 4641 1419 4699 PATERNO
1443 4642 1508 4701 ll.

666 4732 894 4797 PROBO
921 4734 988 4797 ΙΙΙ
1012 4734 1100 4797 ET
1130 4734 1453 4797 PATERNO
1472 4737 1562 4795 Ill.

668 4827 985 4885 MESSALA
1015 4829 1103 4885 ET
1127 4828 1378 4887 GRATO.

668 4924 970 4980 Antiochiae
996 4920 1162 4987 XVIII
1194 4924 1537 4983 constituitur
1568 4925 1854 5005 episcopus
1884 4926 2137 5011 Cyrinus.

668 5081 694 5111 ⁸
725 5071 995 5144 Interpres
1042 5069 1271 5147 Cedreni
1299 5069 1580 5147 Xilander,
1616 5072 1673 5147 in
1733 5070 1845 5129 loco
1873 5072 1962 5147 qui
1988 5071 2181 5147 dicitur

600 5142 1068 5271 Novuggétstrum,
1114 5146 1341 5213 ipsorum
1380 5142 1572 5215 lingua.
1615 5142 1897 5201 Pontacus‘
1929 5144 1982 5201 in
2039 5145 2183 5200 notis

600 5232 715 5271 Dau.
864 5256 876 5268 .

634 5232 715 5271 att.
750 5217 876 5271 658.

596 5232 1099 5343 pagdiibgitctuario
1130 5286 1327 5341 Lahbei
1354 5286 1607 5342 Bibliotlt.
1644 5301 1791 5339 novae
1816 5294 1946 5339 tom.
1972 5283 1991 5338 l
2019 5302 2030 5339 :
2065 5284 2186 5343 Μα-

598 5358 810 5411 nichwis
844 5356 1023 5419 Manes
1051 5359 1264 5427 quidam
1302 5369 1481 5412 auctor
1518 5357 1880 5428 dementissimi
1928 5356 2180 5428 dagmatis

602 5428 728 5510 fuit.
755 5427 895 5510 apud
911 5445 1037 5497 quos
1066 5430 1167 5483 duo
1196 5430 1449 5510 principia
1470 5428 1837 5510 prwcli'c'antur,
1858 5427 2181 5510 conieci/ica

599 5508 650 5552 et
673 5500 796 5552 nimi
816 5514 835 5551 :
855 5515 1069 5568 quorum
1101 5512 1301 5555 naturae
1325 5500 1552 5554 adversa:
1573 5500 1667 5553 sibi
1686 5509 1729 5551 et
1761 5507 2025 5552 cowlernw
2047 5515 2181 5551 sent-

602 5586 693 5643 per
725 5570 1026 5625 exstiterunt
1050 5587 1070 5638 ;
1106 5573 1169 5629 de
1192 5588 1409 5643 quorum
1440 5572 1829 5695 contpupnantia
1862 5571 2183 5643 prodigiosos

606 5641 807 5695 fabulas
837 5650 883 5695 et
912 5640 1181 5695 mendacia
1207 5660 1338 5695 vana
1366 5652 1612 5695 comment
1663 5650 1804 5695 sunt.
1838 5642 2183 5695 nromittenm

604 5640 807 5715 fabulas
837 5650 883 5695 et
912 5640 1181 5715 mendacia
1204 5640 1338 5697 uana
1366 5640 1634 5697 commenti
1663 5650 1804 5715 sunt,
1838 5640 2186 5715 promittentes

603 5713 873 5784 discipulis
903 5713 1009 5785 suis
1048 5718 1401 5785 purgationem
1443 5731 1531 5783 per
1560 5714 1806 5785 sacrilega
1840 5713 2181 5785 sacramenta,

604 5786 662 5839 in
686 5783 866 5855 quibus
897 5783 1028 5839 nihil
1056 5783 1165 5848 est,—
1206 5788 1306 5839 nisi
1333 5787 1655 5841 exsecrabilis
1697 5783 1958 5853 turpitudo
1994 5783 2186 5850 confre-

610 5857 887 5914 derationis
916 5857 1161 5914 obscena.
1191 5856 1564 5914 Testamentum
1590 5868 1730 5913 vetus
1759 5874 1859 5912 non
1896 5857 2182 5927 recipiunt,

2274 3345 2645 3416 coniungeret,
2673 3342 2991 3399 Constantio
3022 3344 3321 3417 privignam
3351 3340 3585 3397 Herculii
3611 3336 3832 3395 Theodo-

2273 3453 2389 3493 ram
2432 3453 2653 3494 uxorem
2695 3436 2882 3505 dedit,
2914 3437 3131 3493 Galerio
3174 3444 3355 3492 autem
3401 3436 3565 3491 illlam
3594 3448 3735 3489 suam
3758 3430 3837 3484 Va-

2274 3531 2459 3587 leriam
2484 3531 2705 3588 tradidit
2729 3549 2740 3584 :
2774 3541 2940 3607 utque
2968 3530 3081 3585 haec
3109 3528 3361 3600 coniugia
3387 3528 3655 3595 firmaret,
3680 3524 3835 3581 ambos

2275 3626 2563 3697 repudiare
2594 3639 2790 3681 uxores
2829 3639 2987 3690 suas,
3032 3637 3162 3692 quas
3194 3622 3345 3693 prius
3376 3620 3647 3677 habebant
3669 3617 3829 3689 coegit.

2349 3718 2571 3774 BASSO
2604 3718 2689 3773 ΕΤ
2720 3715 3118 3786 QUINTIANO.

2353 3809 2811 3868 DIOCLETIANO
2834 3809 2901 3864 Ill
2932 3808 3020 3863 ET
3047 3805 3437 3863 MAXIMIANO
3459 3804 3551 3862 III.

2352 3906 2726 3963 TIBERIANO
2757 3906 2845 3961 ET
2876 3905 3103 3961 DIONE.

2353 3996 2870 4054 HANNIBALIANO
2900 3997 2985 4052 ET
3014 3994 3558 4051 ASCLEPIODOTO.

2354 4091 2806 4149 DIOCLETIANO
2835 4091 2901 4145 IV
2935 4090 3017 4145 ET
3049 4088 3440 4145 MAXIMIANO
3467 4089 3555 4143 ill.

2360 4186 2575 4241 Primus
2601 4183 2963 4240 Diocletianus
2982 4182 3199 4239 adorari
3227 4198 3288 4238 se
3328 4192 3387 4236 ut
3421 4182 3587 4237 Deum
3612 4181 3775 4250 jussit,
3796 4184 3839 4233 et

2285 4294 2529 4350 gemmas
2555 4278 2801 4333 vestibus
2830 4275 3326 4345 calceamentisque
3354 4273 3520 4330 inseri
3555 4290 3571 4328 :
3603 4286 3715 4328 cum
3741 4278 3839 4323 ante

2286 4388 2409 4428 eum
2440 4372 2792 4443 imperatores
2821 4371 2874 4425 in
2911 4369 3127 4425 modum
3162 4368 3324 4443 123
3350 4366 3591 4438 judicum
3617 4362 3645 4403 ⁸
3666 4362 3841 4420 sollici-

2287 4474 2563 4531 tarentur,
2595 4472 2651 4519 et
2691 4462 2977 4536 chlamyde
3022 4470 3226 4517 tantum
3276 4474 3541 4533 purpurea
3592 4474 3621 4514 a
3658 4457 3835 4529 privato

2290 4557 2478 4613 habitu
2506 4556 2968 4613 discernerentur.

2209 4621 2265 4683 Β
2362 4649 2795 4707 CONSTANTIO
2824 4649 2913 4705 ET
2946 4646 3235 4705 MAXIMO.

2365 4740 2590 4799 TUSCO
2620 4742 2709 4797 ET
2740 4740 3058 4798 ANULINO.

2366 4837 2549 4892 Romm
2580 4835 2801 4899 XXVIII
2835 4836 3207 4917 episcopatum
3241 4844 3482 4906 suscepit
3508 4847 3531 4873 ε
3564 4835 3844 4899 Miscetu-

2292 4945 2391 4993 NUS
2417 4944 2573 4987 annis
2594 4945 2669 4987 IX.

2290 5081 2677 5142 corrumpant”
2700 5088 2789 5143 per
2815 5071 2986 5143 omnin
3015 5067 3377 5143 Evangelicam
3405 5069 3685 5129 veritatem.

2369 5155 2391 5183 ο
2423 5139 2548 5198 Mss.
2574 5139 2708 5198 tres.
2737 5142 2915 5209 Colh.,
2941 5139 3333 5209 Bagaudurum.
3882 5196 3885 5209 τ

2364 5212 2391 5252 d
2421 5216 2575 5297 Apud
2604 5214 2892 5297 Eusebium
2926 5217 2983 5297 in.
3005 5209 3294 5297 Chronico,
3320 5220 3426 5269 tam
3450 5211 3623 5281 edito,
3644 5224 3788 5284 quam
3808 5209 3848 5263 in
3876 5218 3879 5221 '

2294 5302 2425 5342 mss.
2456 5284 2695 5356 Quinque
2717 5285 2870 5340 Colb.
2906 5284 3275 5343 minitarentur.

2366 5367 2390 5394 ο
2423 5358 2477 5411 In
2503 5372 2610 5411 uno
2640 5373 2703 5411 ex
2731 5354 2884 5411 Colb.
2917 5355 3214 5421 codicibus,
3243 5352 3635 5417 Marcelliani“.
3659 5354 3769 5413 Alio
3790 5360 3853 5403 ta-

2290 5445 2405 5489 men
2438 5429 2589 5483 leuia
2629 5429 2793 5497 magis
2831 5437 2903 5483 est
2936 5436 3162 5497 recepta,
3217 5434 3272 5483 ut
3315 5428 3567 5487 observat
3614 5427 3853 5497 Paniscus

2291 5501 2343 5554 in
2403 5500 2543 5552 notis
2601 5500 2653 5553 in
2713 5494 2932 5554 Eusebii
2989 5494 3352 5565 Chronicum,
3409 5498 3499 5555 ubi
3539 5498 3717 5559 statim
3754 5494 3851 5565 ltus

2291 5571 2471 5631 subdit
2498 5590 2507 5623 :
2544 5570 2738 5627 Mirum
2764 5584 2934 5624 autem
2958 5576 3030 5625 est
3059 5562 3347 5640 Eusebium
3368 5569 3629 5640 praeterire
3657 5562 3854 5640 Marcet;

2291 5644 2419 5707 lum,
2449 5658 2565 5699 cum
2602 5642 2665 5695 de
2709 5642 2861 5695 unico
2905 5638 3212 5695 Marcellino
3255 5638 3524 5765 leguntur,
3580 5641 3669 5695 sed
3698 5639 3855 5717 forte!

2291 5716 2533 5765 dccentus
2557 5714 2652 5765 fuit
2679 5711 3016 5765 similitudine
3035 5710 3275 5765 nominis.
3346 5727 3496 5765 amen
3516 5727 3580 5765 ex
3600 5712 3855 5765 Auum

2290 5716 2533 5784 deceptus
2556 5714 2652 5784 {uit
2679 5711 3016 5784 similitudine
3035 5710 3275 5784 nominis.

2289 5779 2435 5855 epist.
2472 5779 2573 5838 I65
2607 5784 2769 5855 (nunc
2798 5783 2913 5852 55),
2950 5781 3139 5855 Optato
3168 5779 3255 5833 lib.
3290 5798 3350 5855 il,
3382 5779 3791 5855 Μανίῳ-οωρὶἱῇ
3815 5783 3856 5833 et

2290 5848 2521 5917 omnibus
2542 5848 2801 5913 historicis
2830 5848 3027 5913 censuit
3058 5854 3190 5907 duos
3226 5862 3271 5908 et
3299 5848 3704 5925 diversos'fuiss'c
3727 5848 3857 5909 Har-

3346 5727 3496 5765 amen
3516 5727 3580 5767 ex
3600 5712 3857 5781 Augusti”
3966 5764 3967 5767 η
