4006 6356
616 401 724 465 B75

681 512 1066 574 CALLICANO
1095 512 1181 569 ET
1210 511 1449 572 BASSO.

679 606 926 665 LICINIO
954 607 997 662 V
1027 606 1115 663 ET
1144 606 1405 663 CRISPO.

674 700 1155 758 CONSTANTINO
1184 700 1228 756 ν
1262 700 1353 757 ΕΤ
1381 697 1628 758 LICINIO
1658 700 1834 760 CASS.

680 795 924 853 Licinius
946 795 1280 853 Christianos
1304 795 1372 852 de
1401 796 1598 867 palatio
1625 811 1723 851 suo
1752 796 1925 864 pellit.

673 885 1150 945 CONSTANTINO
1178 888 1247 944 VI
1276 888 1365 944 ET
1395 887 1875 947 CONSTANTINO
1906 889 2080 948 CaES.

676 981 920 1039 BasIIeus
945 982 1180 1040 Amasia
1204 982 1363 1040 Ponti
1391 984 1677 1055 episcopus
1697 984 1798 1040 sub
1818 984 2025 1041 Licinio
2046 999 2190 1042 mar-

603 1076 741 1149 tyrio
764 1086 1076 1134 coronatur.

670 1171 1019 1229 Alexandria
1061 1171 1231 1231 XVIII
1272 1172 1555 1229 ordinatur
1610 1173 1903 1244 episcopus
1950 1173 2184 1231 Alexan-

598 1265 721 1323 der.

655 1357 911 1415 ‘CRISPO
937 1358 984 1415 II
1010 1359 1100 1416 ET
1126 1358 1555 1417 CONSTANTIO
1585 1360 1649 1416 II.

672 1458 699 1487 ⁸
726 1454 889 1508 Arius
916 1453 1218 1525 presbyter,
1239 1454 1306 1509 ab
1323 1454 1630 1510 Alexandro
1657 1454 1913 1524 episcopo
1934 1453 2001 1509 de
2016 1453 2181 1510 Alex-

597 1541 824 1597 andrina
854 1542 1095 1600 Ecclesia
1125 1546 1353 1615 ejectus,
1402 1545 1602 1601 multos
1646 1560 1757 1601 sua
1800 1546 2062 1615 impietati
2096 1560 2184 1601 so-

599 1634 725 1702 ciat,
759 1637 1063 1709 praedicans
1092 1638 1307 1695 Patrem
1353 1648 1407 1694 et
1453 1638 1649 1694 Filium
1690 1649 1744 1696 et
1774 1639 2031 1710 Spiritum
2057 1654 2183 1696 san-

599 1738 745 1785 ctum
790 1745 898 1787 non
942 1745 1063 1788 esse
1101 1733 1257 1789 unius
1301 1732 1653 1805 ejusdemque
1683 1742 1927 1799 natura,
1956 1742 2079 1801 aut,
2125 1742 2182 1790 ut

596 1826 912 1896 expressius
963 1827 1196 1895 dicitur,
1256 1829 1547 1895 essentia;
1602 1837 1786 1899 utpote
1840 1840 2175 1885 creaturam:

1845 399 1905 462 S.
1942 400 2278 460 PROSPERI
2314 402 2641 475 AQUITANI
3763 416 3847 480 576

2219 519 2275 581 Α
2300 512 2543 585 probata,
2575 526 2631 572 et
2657 518 2911 587 maxime,
2938 518 3078 591 quod
3122 534 3153 577 a
3188 523 3539 585 traditoribus
3580 529 3842 599 divinarum

2296 606 2691 679 Scripturarum
2722 611 2891 668 fuerat
2916 613 3210 672 ordinatus.
3234 618 3342 675 Sed
3372 628 3495 689 post
3514 635 3719 680 causam
3741 644 3841 686 con-

2293 698 2485 755 victam
2518 711 2679 773 atque
2703 703 2927 772 ﬁnitam,
2959 708 3217 777 pertinaci
3240 710 3511 768 discordia
3539 714 3592 770 in
3624 716 3834 782 haresitn

2293 793 2619 850 transierunt
2650 811 2666 849 :
2710 795 3027 853 deﬁnientes
3073 810 3290 871 propter
3314 801 3587 862 Cacilianl
3624 810 3830 882 crimina,

2290 898 2383 941 seu
2413 901 2558 954 vera,
2587 903 2702 957 seu,
2723 889 2862 961 quod
2892 892 3059 962 magis
3084 895 3353 964 apparuit,
3384 896 3539 966 falsa,
3569 899 3828 964 Ecclesiam

2290 976 2489 1035 Christi
2519 981 2572 1035 in
2606 988 2716 1037 toto
2742 982 2874 1039 orbe
2902 991 3166 1039 terrarum
3196 989 3517 1059 contagione
3538 997 3833 1051 communio-

2288 1069 2373 1126 nis
2401 1073 2742 1144 exstinctam,
2774 1076 2827 1130 in
2858 1076 2972 1131 sola
3003 1076 3198 1133 Donati
3225 1090 3377 1150 parte
3402 1091 3705 1152 superesse.
3744 1086 3834 1143 Au-

2287 1165 2416 1223 dent
2460 1169 2619 1224 etiam
2666 1170 3001 1241 rebaptizare
3055 1174 3349 1230 catholicos
3388 1194 3401 1228 :
3454 1193 3574 1232 cum
3623 1179 3835 1238 Ecclesia

2286 1260 2568 1317 catholicae
2597 1262 2879 1333 placuerit,
2924 1278 3021 1320 nec
3050 1264 3103 1320 in
3144 1266 3275 1337 ipsis
3308 1265 3580 1326 haereticis
3607 1268 3832 1343 baptisma

2284 1368 2570 1413 commune
2596 1359 2925 1416 rescindere.

2355 1450 2677 1520 Antiochia,
2706 1462 2829 1525 post
2853 1454 3185 1526 Tyrannum,
3226 1455 3324 1512 XX
3345 1457 3623 1515 ordinatur
3659 1463 3829 1531 episco-

2282 1559 2384 1617 pus
2431 1546 2659 1612 Vitalis;
2719 1558 2837 1615 post
2875 1564 3071 1619 quem,
3138 1550 3260 1605 XXI
3312 1562 3333 1590 α
3382 1552 3725 1624 Philogonus;
3762 1558 3828 1614 cui

2282 1638 2541 1693 successit
2608 1638 2753 1694 XXII
2807 1640 3059 1695 Paulinus
3106 1659 3120 1695 :
3187 1651 3305 1713 post
3351 1659 3507 1714 quem
3562 1646 3719 1702 XXIII
3753 1648 3829 1706 fuit

2283 1729 2613 1785 Eustathius.
2670 1730 2787 1799 Quo
2837 1732 2887 1786 in
2934 1732 3182 1791 exsilium
3233 1734 3303 1788 oh
3352 1735 3509 1789 ﬁdem
3544 1748 3723 1804 tru~o,
3762 1756 3829 1795 us-

2282 1838 2388 1895 que
2418 1824 2470 1880 in
2518 1834 2837 1896 prasentem
2883 1826 3025 1882 diem
3057 1827 3350 1884 Ecclesiam
3384 1828 3568 1885 Ariani
3616 1832 3827 1890 obtinue-

594 1915 855 1988 Spiritum
882 1935 1009 1976 vero
1037 1931 1280 1976 sanctum
1321 1932 1623 1979 creaturam
1654 1932 1946 1989 creaturae;
1997 1923 2050 1979 id
2094 1932 2177 1980 est
2205 1921 2254 1986 B
2280 1928 2427 1973 runt-

592 2012 661 2068 ab
686 2013 802 2084 ipso
832 2013 968 2070 Filio
990 2028 1247 2072 creatum.
1279 2016 1361 2073 Ad
1391 2035 1551 2089 quam
1583 2020 1858 2090 perﬁdiam
1879 2036 2178 2092 coarguen-

591 2104 714 2162 dam
745 2108 982 2180 synodus
1008 2117 1370 2167 trecentorum
1400 2112 1585 2168 decem
1636 2123 1690 2169 et
1734 2125 1857 2170 octo
1900 2116 2181 2185 episcopo-

591 2215 712 2255 rum
740 2199 796 2257 in
818 2200 1049 2257 Nicaeam
1080 2204 1266 2259 urbem
1300 2205 1564 2276 Bithynia
1595 2217 1915 2277 congregata
1940 2250 1955 2276 ,
1988 2223 2178 2265 omnes

591 2291 969 2351 hareticorum
1014 2298 1290 2353 machinas
1351 2298 1629 2356 Homousii
1676 2302 2019 2373 oppositione
2072 2302 2173 2358 de-

586 2386 736 2458 iecit.

659 2480 1002 2541 PROBIANO
1028 2485 1117 2542 ET
1142 2486 1443 2545 .IULIANO.

657 2573 933 2633 SEVERO
962 2578 1051 2635 ET
1075 2579 1350 2637 RUFINO.

659 2666 1006 2727 Constantius
1029 2672 1372 2729 Constantini
1404 2674 1545 2728 ﬁlius
1572 2674 1755 2731 Casar
1784 2674 1976 2731 Iactus.

656 2764 899 2823 (ΣΒιὸΡο
924 2766 993 2821 III
1020 2766 1110 2822 ET
1138 2767 1619 2825 CONSTANTINO
1646 2770 1732 2826 III.

657 2855 893 2914 Licinius
924 2859 1323 2917 Thessalonica
1352 2862 1635 2919 occiditur.

656 2950 953 3008 PAULINO
980 2953 1068 3009 ET
1094 2954 1403 3013 JULIANO.

657 3040 880 3115 Crispus
920 3043 1062 3100 ﬁlius
1086 3043 1423 3103 Constantini
1467 3057 1523 3104 et
1547 3047 1785 3104 Licinius
1816 3049 1999 3120 junior
2024 3049 2168 3106 Con-

580 3138 793 3195 stantia
817 3137 1153 3195 Constantini
1176 3142 1381 3198 sororis
1407 3152 1461 3199 et
1489 3142 1681 3198 Licinii
1714 3144 2009 3214 superioris
2030 3141 2169 3202 ﬁlius

580 3231 871 3289 interfecti.

648 3324 1128 3383 CONS'I'ANTINO
1160 3327 1252 3383 VII
1282 3328 1371 3384 ET
1396 3326 1846 3387 CONSTANTIO.

650 3418 961 3477 Vicennalia
983 3419 1322 3478 Constantini
1338 3421 1663 3479 Nicomedia
1686 3433 1825 3490 acta,
1846 3422 2161 3494 etsequenti

574 3526 718 3570 anno
744 3513 932 3570 Roma
957 3515 1122 3572 edita.

646 3603 1125 3663 CONSTANTINO
1154 3605 1199 3663 II
1230 3606 1321 3663 ET
1345 3606 1637 3665 MAXIMO.

642 3698 933 3771 Hucusque
960 3701 1241 3758 historiam
1272 3702 1525 3773 perduxit
1554 3702 1839 3770 Eusebius,
1873 3702 2158 3775 Pamphyli

568 3795 822 3865 martyris
846 3796 1272 3853 contubernalis.
1300 3795 1570 3853 Posthac
1600 3796 1912 3868 Hieronymi
1937 3796 2159 3869 presby-

570 3889 667 3943 teri
693 3890 935 3945 succedit
963 3891 1278 3947 auctoritas.

641 3982 940 4054 Drepanam
973 3986 1240 4058 Bithynia
1269 3987 1538 4043 civitatem
1563 3988 1616 4043 in
1646 3986 1906 4043 honorem
1935 3987 2156 4044 Luciani

570 4079 822 4149 martyris
848 4078 923 4135 ibi
949 4082 1153 4138 conditi
1181 4082 1566 4139 Constantinus
1598 4084 1925 4151 instaurans,
1955 4100 2023 4141 ex
2063 4099 2151 4141 vo-

568 4168 759 4223 cabulo
787 4174 972 4227 matris
999 4189 1110 4229 sua
1151 4175 1522 4247 Helenopolim
1561 4179 1902 4249 nuncupavit.

638 4258 976 4320 IANUARIO
1000 4265 1087 4321 ET
1111 4264 1341 4323 IUSTO.

643 4353 807 4425 726
835 4357 861 4397 δ
892 4358 1125 4415 Donatus
1155 4361 1465 4430 agnoscitur
1486 4401 1502 4429 ,
1552 4376 1583 4415 a
1627 4377 1733 4431 quo
1782 4378 1877 4433 per
1916 4362 2152 4418 Africam

564 4455 879 4523 Donatista,
901 4454 989 4526 qui
1012 4455 1242 4526 primum
1267 4464 1484 4526 propter
1503 4455 1807 4512 ordinatum
1838 4466 2025 4511 contra
2056 4471 2154 4513 vo-

564 4548 821 4603 luntatem
864 4564 1011 4603 suam
1052 4549 1397 4605 Cacilianum
1428 4550 1682 4605 Ecclesia
1709 4549 2151 4621 Carthaginensis

562 4641 874 4711 episcopum
886 4640 1118 4698 schisma
1134 4641 1396 4713 fecerunt,
1412 4643 1730 4714 objicientes
1742 4642 1790 4699 ei
1806 4642 2029 4698 crimina
2044 4657 2149 4699 non

628 4828 654 4855 δ
701 4818 756 4874 In
781 4820 1075 4877 Auctuario
1119 4823 1247 4876 tomi
1278 4822 1295 4876 Ι
1324 4822 1576 4877 Biblioth.
1608 4821 1850 4878 Mss.Ph.
1888 4821 2087 4878 Lahbei
2119 4837 2135 4879 :
2162 4820 2218 4881 D

555 4890 708 4945 Arius
732 4889 940 4947 Patrem
969 4904 1015 4946 et
1043 4893 1242 4946 Filium
1280 4903 1327 4947 et
1372 4893 1624 4960 Spiritum
1668 4905 1901 4949 sanctum
1948 4910 2139 4963 negans

549 4963 700 5036 unius
730 4978 839 5036 e_ss_e
860 4973 1081 5032 natura,
1106 4964 1182 5018 vel
1214 4971 1267 5016 ut
1290 4967 1577 5036 expressius
1606 4967 1858 5029 dicamus,
1883 4966 2134 5036 essentia,

550 5032 621 5108 ita
641 5043 693 5087 ut
726 5031 902 5108 Filius
932 5031 1091 5091 Patre
1118 5036 1304 5108 minor_.
1328 5031 1554 5108 Spiritus
1576 5048 1744 5092 autem
1766 5046 1969 5091 sanctus
1996 5034 2138 5089 Filio

547 5104 701 5177 etiam
728 5104 981 5162 habeatur
1001 5109 1237 5177 inferior.
1260 5104 1467 5163 Cretera
1499 5118 1554 5163 ut
1584 5123 1764 5177 supra.

620 5175 647 5215 δ
675 5175 1023 5233 Auctuarium
1057 5175 1185 5234 tomi
1214 5180 1231 5233 l
1266 5178 1521 5234 Biblimh.
1550 5175 1678 5235 mss.
1709 5194 1859 5233 nova
1890 5179 2087 5234 Lahbei
2119 5198 2131 5234 :

549 5246 782 5321 portatus
809 5252 1124 5321 agnoscitur,
1142 5268 1173 5303 α
1193 5267 1291 5319 quo
1308 5267 1406 5321 per
1430 5252 1655 5321 Africam
1687 5249 1968 5303 Donatist
1992 5260 2130 5305 sunt.

689 5317 1257 5406 proRter‘Ctecitianum
1287 5317 1979 5406 Carthaginislepiscopumn
2010 5324 2132 5406 quia

545 5389 671 5459 ipsis
692 5393 1021 5447 renitentibus
1051 5394 1320 5447 ordinatus
1352 5403 1445 5457 est,
1477 5389 1531 5447 in
1562 5392 1785 5445 schisma
1814 5389 1961 5444 divisi
1990 5402 2127 5459 sunt,

544 5460 778 5533 principe
800 5471 847 5514 et
874 5472 1083 5517 auctore
1108 5463 1337 5530 Donato,
1371 5465 1662 5533 objicientes
1690 5462 1965 5533 C(vciliaito
1992 5480 2133 5532 qua:-

546 5529 670 5607 dam
718 5532 930 5607 crimina
959 5551 1173 5602 quorum
1216 5529 1745 5607 nullum-probarunt.
1792 5532 1940 5587 Unde
1968 5529 2132 5607 perui-

543 5603 690 5677 casia
728 5618 823 5657 sua
838 5606 1003 5677 etiam
1046 5607 1268 5661 haretici
1299 5607 1423 5677 facti
1445 5603 1612 5672 sunt,
1649 5606 1935 5673 baptizatos
1964 5606 2015 5657 in
2043 5622 2129 5657 ca-

543 5674 738 5729 tholica
774 5673 1181 5740 rebaptizantes,
1218 5689 1266 5732 et
1300 5673 1367 5733 'in
1418 5678 1673 5732 Trinitate
1721 5676 1927 5729 deitatis
1974 5692 2129 5729 unam

542 5747 746 5869 iniciens
768 5746 1106 5801 substantiam
1126 5750 1443 5819 conﬁtentes,
1468 5750 1557 5803 sed
1600 5746 1799 5801 Filium
1827 5762 2129 5829 nonaque.

566 5832 645 5869 em
676 5815 821 5869 Patri
844 5860 859 5869 .
893 5826 939 5869 et
982 5819 1233 5869 Soiritttm
1277 5828 1507 5869 sanctum
1560 5821 1806 5869 minorem
1841 5817 1976 5869 Ftlto
2014 5834 2129 5869 sen-

566 5832 645 5889 em
676 5815 821 5889 Patri
844 5860 860 5886 ,
893 5826 939 5873 et
981 5815 1233 5889 Spiritum
1277 5828 1507 5874 sanctum
1560 5821 1806 5875 minorem
1841 5817 1976 5885 Filio
2014 5834 2130 5871 sen-

546 5886 741 5967 tientes.
772 5888 835 5945 In
861 5886 1357 5967 quaminipietntem
1392 5892 1517 5967 itte:
1556 5892 1692 5952 atina
1739 5891 2011 5963 Donatus,
2044 5889 2127 5967 qui

545 5956 611 6017 ab
640 5960 731 6020 illo
759 5956 936 6023 tertius
957 5964 1055 6040 fuit
1076 5956 1340 6037 impulisse
1368 5962 1574 6025 dicitur.

2352 2010 2825 2069 CONSTAN'I‘INO
2878 2013 2989 2069 VIII
3035 2014 3122 2069 ET
3170 2013 3645 2074 CONSTANTINO
3686 2018 3825 2077 CxES.

2281 2104 2369 2159 IV.

2350 2198 2779 2256 CONSTANTIO
2809 2203 2874 2258 III
2905 2202 2993 2258 ET
3024 2203 3421 2261 SYMMACIIO.

2348 2291 2686 2347 Alexandria
2719 2294 2840 2348 XIX
2868 2296 3151 2351 ordinatur
3177 2296 3464 2369 episcopus
3514 2298 3827 2355 Athanasius.

2348 2382 2567 2439 BASSO
2596 2384 2683 2438 ET
2712 2385 3027 2441 ABLABIO.

2350 2476 2709 2547 llieronymus
2737 2480 2995 2534 nascitur.

2347 2570 2640 2626 PACATIA
2652 2572 2739 2627 NO
2778 2572 2863 2627 ET
2892 2572 3284 2630 IIILARIANO.

2346 2664 2531 2720 Roma
2563 2664 2759 2723 XXXII
2790 2666 3069 2723 ordinatur
3088 2669 3372 2739 episcopus
3396 2667 3611 2727 Mancus
3663 2671 3825 2728 mensic

2274 2756 2373 2815 bus
2400 2767 2541 2813 octo.

2346 2851 2475 2907 Post
2502 2868 2660 2923 quem
2684 2852 2905 2909 XXXIII
2936 2853 3214 2910 ordinatus
3242 2862 3328 2911 est
3356 2854 3539 2911 IULIUS
3562 2855 3713 2911 annis
3738 2868 3830 2929 ut,

2274 2946 2556 3002 mensibus
2585 2957 2835 3020 quatuor.

2345 3038 2536 3096 Edicto
2595 3040 2932 3099 Constantini
2992 3044 3284 3101 Gentilium
3353 3045 3549 3115 templa
3601 3044 3826 3101 subversa

2271 3143 2418 3190 SIIIII.

2342 3229 2570 3287 Romani
2602 3232 2809 3289 Gothos
2842 3234 2892 3289 in
2928 3234 3300 3307 Sarmatarum
3348 3234 3568 3305 regione
3592 3235 3825 3291 vicerunt.

2195 3316 2242 3382 C
2344 3321 2609 3381 Constans
2640 3326 2781 3383 ﬁlius
2805 3326 3141 3381 Constantini
3171 3325 3485 3401 provehitur
3512 3327 3577 3383 ad
3606 3342 3825 3399 regnum.

2347 3416 2698 3475 DALMATIO
2727 3421 2817 3476 ET
2846 3418 3259 3476 XENOPIIILO.

2335 3513 2610 3571 OPTATO
2642 3513 2727 3567 ET
2752 3512 3070 3569 PAULINO.

2333 3606 2766 3666 CONSTANTIO
2799 3607 2887 3662 ET
2920 3604 3185 3661 ALBINO.

2332 3702 2720 3759 Constantinus
2749 3715 2871 3755 cum
2906 3699 3089 3754 liberis
3126 3697 3239 3753 suis
3269 3694 3570 3754 honoriﬁce
3595 3699 3659 3754 ad
3679 3699 3825 3755 Anto-

2261 3800 2407 3855 nium
2435 3798 2757 3853 monachum
2783 3795 2989 3851 litteras
3030 3794 3210 3849 mittit.

2330 3888 2722 3946 NEPOTIANO
2749 3888 2836 3943 ET
2863 3885 3208 3942 FACUNDO.

2330 3982 2739 4039 Tricennalibus
2766 3979 3103 4036 Constantini
3135 3979 3431 4035 Dalmatius
3461 3977 3643 4036 Caesar
3667 3976 3827 4050 appeh

2256 4079 2417 4135 latur.

2327 4170 2535 4226 Nazarii
2565 4169 2819 4225 Rhetoris
2852 4168 2958 4224 ﬁlia
2982 4167 3246 4224 Eunomia
3273 4165 3582 4225 Christiana
3619 4167 3760 4239 virgo
3783 4167 3826 4221 in

2256 4264 2562 4337 eloquentia
2595 4264 2734 4335 patri
2764 4271 3098 4334 coaequatur.

2325 4358 2352 4397 ἀ
2384 4358 2705 4416 Eustachius
2730 4354 3361 4427 Constantinopolitanus
3380 4356 3669 4429 presbyter
3694 4356 3829 4410 inno-

2255 4454 2433 4522 tescit,
2467 4452 2622 4522 cujus
2645 4449 2903 4506 industria
2933 4449 3288 4520 Jerosolymis
3320 4458 3343 4487 ο
3373 4449 3693 4520 martyrium
3715 4462 3831 4504 con-

2252 4555 2515 4605 structum
2545 4555 2648 4601 est.

2322 4642 2479 4713 727
2514 4638 2532 4677 τ
2582 4636 2965 4693 Constantinus
3010 4644 3255 4692 extremo
3295 4635 3418 4689 vita
3449 4650 3563 4691 sua
3605 4646 3830 4705 tempore

2319 4831 2341 4858 ε
2370 4817 2596 4885 Quidam
2626 4816 2839 4872 codices
2868 4814 3069 4871 Chron.
3101 4814 3416 4878 Eusebiani,
3474 4812 3830 4884 Philogonius.

2316 4890 2343 4927 τι
2375 4884 2431 4944 In
2462 4904 2562 4943 ms.
2588 4888 2965 4955 antiquissimo
2993 4884 3146 4941 Colb.
3197 4885 3457 4940 Biblioth.
3509 4894 3565 4939 et
3605 4885 3830 4939 editione

2245 4963 2403 5018 Pont.
2430 4972 2649 5015 vocatur
2682 4958 3003 5013 Eustathius.

2318 5044 2340 5071 θ
2376 5032 2655 5101 Templum
2694 5029 2951 5101 intellige.
2978 5028 3158 5096 Quare
3178 5038 3354 5083 autem
3386 5026 3835 5101 hoctemplumin

2242 5100 2893 5171 honorenigloriosissinii
2908 5101 3136 5171 sepulcri
3155 5100 3455 5155 Salvatoris
3471 5108 3834 5171 constructum

2240 5192 2309 5232 ex
2351 5168 2617 5244 quinque,
2657 5189 2776 5242 qua
2826 5173 2938 5237 ipse
2968 5170 3349 5244 Constantinus
3395 5170 3659 5224 adiﬁcari
3683 5168 3833 5244 jussit

2240 5240 2612 5316 Jerosolymis,
2648 5240 3008 5316 nuncupatum
3046 5243 3205 5316 fuerit
3238 5241 3575 5316 Martyrium,
3611 5240 3836 5316 explicat

2240 5312 2471 5401 Cyrillus
2501 5314 2982 5397 .Ierosolymitanus
3026 5313 3249 5401 catech.
3275 5312 3391 5394 II,
3411 5312 3564 5401 quasi
3593 5313 3831 5401 Atestinae:

2241 5381 2382 5444 nium
2441 5396 2488 5440 et
2541 5381 2910 5439 monimentum
2964 5384 3373 5438 resurrectionis
3426 5381 3657 5438 Christi:
3734 5381 3836 5436 Hoc

2241 5463 2410 5527 ipsum
2445 5467 2664 5511 Vocatur
2690 5456 2903 5510 basilica
2928 5454 3351 5527 Constantiniana
3371 5455 3586 5527 actione
3619 5453 3655 5508 4
3685 5468 3834 5509 conc.

2238 5524 2351 5585 Nic.
2384 5546 2441 5584 ll.
2470 5530 2734 5583 Pontacus
2765 5531 2815 5582 in
2850 5537 2958 5581 not.
2993 5526 3045 5580 in
3074 5524 3276 5580 Chron.
3304 5524 3542 5578 Eusebii.

2313 5600 2331 5638 ί
2368 5602 2545 5655 Prima
2576 5615 2699 5668 pars
2732 5600 2885 5654 istius
2915 5596 3151 5656 articuli.
3182 5594 3322 5666 quod
3354 5593 3737 5668 Constantinus
3761 5612 3841 5650 εις

2236 5681 2395 5728 tremo
2420 5672 2536 5727 vita
2562 5667 2668 5725 suae
2695 5680 2919 5740 tempore
2946 5669 3100 5739 fuerit
3129 5667 3449 5740 baptizatus,
3480 5667 3841 5740 conﬁrmatur

2238 5743 2543 5800 testimonio
2573 5737 2812 5798 Socratis
2850 5737 2989 5796 libro
3023 5737 3202 5808 primo
3222 5754 3339 5808 cap.
3382 5738 3481 5804 59,
3541 5737 3840 5796 Sozomcni

2239 5816 2375 5872 libro
2404 5814 2639 5871 secundo
2667 5829 2787 5884 cap.
2823 5812 2913 5878 54,
2944 5809 3468 5884 TlteOtIoreti_libro_
3494 5812 3687 5884 primo
3717 5826 3837 5884 cap.

2236 5887 2326 5948 5t.
2362 5885 2590 5944 Freculﬁ
2624 5882 2760 5940 libro
2786 5886 2944 5940 tertio
2978 5898 3095 5953 cap.
3125 5882 3215 5949 20,
3254 5882 3470 5941 Mariani
3509 5890 3572 5953 et
3617 5882 3841 5940 Eusebii

2240 5960 2333 6022 lib.
2364 5958 2497 6023 tvde
2524 5957 2642 6021 Vita
2667 5957 3002 6022 Constantini
3031 5950 3151 6037 cap.
3182 5955 3274 6031 ει,
3308 5953 3369 6021 6t
3404 5961 3454 6017 et
3476 5950 3587 6031 62.
3608 5964 3691 6035 ει
3720 5963 3842 6037 post
