4006 6356
147 369 247 440 877

1349 363 2170 451 ctinomcunmrecntnt.

3310 374 3430 450 878‘

147 503 211 557 ab
252 496 490 554 Eusebio
530 494 922 553 Nicomediensi
979 494 1231 568 episcopo
1277 493 1577 569 baptizatus
1602 540 1616 565 ,
1667 498 1718 555 in
1747 501 1803 565 Α
1896 499 2262 572 Hermogenes
2324 497 2579 573 magister
2633 494 2841 556 militiae
2891 494 3420 577 Constantinopolim

147 591 396 652 Arianum
427 590 620 662 dogma
643 590 952 648 declinavit.

213 685 584 743 FELICIANO
613 685 703 742 ET
733 683 1036 742 TITIANO.

212 779 598 837 Constantinus
623 794 745 835 cum
782 777 983 834 bellum
1030 787 1248 850 pararet
1294 777 1349 834 in
1395 778 1584 834 Persas
1613 819 1628 844 ,
1677 778 1732 834 in

150 877 432 946 Aucyrone
462 872 589 928 villa
635 871 846 943 publica
886 870 1042 942 juxta
1086 869 1458 926 Nicomediam
1484 859 1744 937 moritur,‘

150 981 283 1024 anno
310 966 490 1023 aetatis
511 980 622 1022 suae
650 979 817 1033 var;
851 972 970 1036 post
993 979 1152 1035 quem
1185 972 1294 1022 tres
1337 963 1490 1020 liberi
1519 963 1638 1035 ejus
1666 978 1734 1020 ex

149 1062 454 1120 Caesaribus
478 1061 706 1133 Augusti
733 1060 1091 1132 appellantur.

87 1199 96 1232 ,
214 1156 641 1224 Coasruruvus,
664 1153 1035 1212 CONS‘I'AN'I'IOS
1061 1163 1117 1211 et
1143 1153 1442 1219 Constans,
1469 1151 1733 1222 XXXVII,

80 1235 115 1330 ξέ
153 1250 390 1323 regnavit
413 1251 570 1306 annis
599 1263 757 1318 xxiv,
800 1249 1076 1306 mensibus
1104 1247 1358 1320 quinque,
1384 1245 1575 1303 diebus
1602 1245 1738 1301 duo-

154 1345 336 1402 decim.

216 1437 402 1497 URSO
432 1437 524 1495 ET
553 1436 874 1494 POLEMIO.

218 1531 519 1589 Dalmatius
548 1531 748 1598 Caesar,
775 1546 932 1603 quem
957 1537 1178 1600 patruus
1203 1528 1587 1586 Constantinus
1603 1541 1734 1584 con-

156 1633 350 1683 sortem
380 1625 536 1697 regni
559 1639 680 1680 cum
705 1624 829 1682 filiis
846 1623 1157 1696 reliquerat,
1184 1621 1417 1680 factione
1435 1619 1737 1679 Constantii

155 1720 410 1793 patruelis
433 1718 715 1777 occiditur.

216 1811 453 1870 Iacobus
481 1810 770 1868 Nisibenus
792 1812 1118 1884 agnoscitur,
1149 1811 1216 1868 ad
1246 1811 1398 1883 cujus
1423 1825 1614 1883 preces
1633 1824 1738 1867 sas-

1834 592 1863 633 δ
1885 603 2089 652 tractus
2113 610 2144 650 a
2169 596 2372 667 popqu
2399 596 2470 652 ob
2499 595 2810 667 episcopum
2839 595 3064 653 Paulum
3089 639 3108 669 ,
3136 613 3424 674 quemm-

1832 692 1915 764 gis
1940 691 2166 763 imperio
2192 700 2249 748 et
2276 693 2597 749 Arianorum
2624 691 2856 750 factione
2887 692 3149 766 pellebat.

1907 785 2072 857 728
2117 793 2140 822 ε
2195 784 2536 842 Macedonius
2599 787 2733 843 artis
2777 786 3076 858 'plumariae
3129 789 3186 846 in
3242 789 3422 849 locum

1838 876 1985 933 Pauli
2033 876 2101 932 ab
2148 868 2364 933 Arianis
2411 877 2698 949 episcopus
2739 879 3092 951 subrogatur,
3119 895 3151 937 a
3177 896 3284 952 quo
3310 880 3424 940 ha-

1837 969 1975 1025 resis
2020 967 2408 1024 Macedoniana
2433 1014 2448 1038 ,
2491 969 2646 1040 cujus
2668 969 2863 1042 dogma
2893 981 3006 1043 est,
3050 971 3264 1030 Patrem
3303 975 3424 1046 qui-

1837 1060 1959 1117 dem
2008 1071 2064 1118 et
2111 1062 2306 1118 Filium
2354 1061 2512 1118 unius
2554 1062 2847 1121 divinitatis
2903 1065 3252 1140 ejusdemque
3295 1068 3424 1127 sub:

1837 1155 2050 1211 stantiae
2077 1156 2348 1224 confiteri,
2380 1155 2474 1212 sed
2502 1155 2762 1227 Spiritum
2787 1165 3030 1216 sanctum
3061 1159 3247 1219 dicens
3272 1177 3424 1220 crea-

1838 1258 2035 1306 turam.

1909 1344 2105 1400 Paulus
2153 1344 2471 1401 crudelitate
2518 1342 2760 1416 praefecti
2791 1344 3063 1418 Philippi,
3096 1363 3220 1404 nam
3248 1348 3426 1407 fautor

1840 1436 2140 1493 Macedonii
2170 1438 2400 1509 partium
2428 1447 2564 1504 erat.
2588 1447 2642 1495 et
2670 1437 2992 1496 Arianorum
3017 1438 3225 1499 insidiis
3243 1449 3425 1500 stran-

1838 1530 2067 1602 gulatur.

1911 1622 2202 1681 PLACIDO
2227 1625 2316 1681 ET
2343 1624 2647 1683 ROMULO.
2754 1627 2756 1630 ’

1915 1717 2238 1775 Maximinus
2288 1717 2653 1776 Treverorum
2697 1719 2983 1792 cpiscopus
3036 1721 3213 1779 clarus
3265 1721 3430 1781 habe-

1843 1815 2041 1887 batur,
2091 1832 2121 1871 a
2174 1833 2280 1889 quo
2332 1817 2656 1874 Athanasius
2695 1819 3092 1876 Alexandrinus
3121 1821 3431 1893 episcopus,

154 1921 212 1977 pe
236 1905 368 1962 urbs
397 1903 707 1963 discrimine
734 1903 960 1961 liberata
984 1912 1088 1974 est,
1129 1918 1251 1960 cum
1279 1911 1678 1975 oppugnaretur
1704 1916 1737 1957 a
1763 1897 1813 1962 Β
1839 1925 1963 1968 cum
1995 1927 2026 1966 a
2054 1909 2374 1968 Constantio
2402 1922 2733 1983 quaereretur
2755 1911 2824 1968 ad
2855 1927 3070 1983 poenam
3089 1956 3104 1982 ,
3135 1912 3433 1970 honorifice

151 2001 344 2073 Sapore
366 2015 496 2073 rege
523 1999 830 2056 Persarum.

213 2092 648 2150 CONSTANTIO
677 2093 720 2150 II
745 2092 833 2149 ET
853 2091 1287 2150 CONSTANTE.

213 2188 285 2244 Ex
318 2187 426 2244 hoc
452 2197 694 2260 tempore
720 2187 967 2259 impietas
997 2189 1194 2245 Ariana
1235 2197 1262 2226 ι
1287 2186 1587 2245 Constantii
1633 2188 1734 2246 im-

149 2280 405 2351 peratoris
457 2281 591 2337 fulta
647 2280 900 2352 praesidio
920 2322 937 2350 ,
1001 2280 1209 2338 exsiliis
1231 2321 1250 2350 ,
1307 2281 1619 2339 carceribus
1681 2292 1738 2340 et

150 2372 298 2429 variis
355 2372 716 2430 afflictionum
772 2373 990 2443 modis,
1043 2373 1277 2445 primum
1338 2373 1731 2443 Athanasium,

151 2468 332 2527 deinde
384 2483 582 2528 omnes
623 2484 733 2527 non
777 2483 891 2526 sua:
939 2468 1109 2540 partis
1138 2468 1424 2540 episcopos
1452 2476 1735 2540 persecuta

148 2570 242 2620 est.

211 2654 561 2716 ACYNDINO
583 2656 672 2714 ET
702 2654 1044 2714 PROCULO.

211 2742 597 2807 Constantinus
650 2748 854 2804 bellum
900 2748 1052 2804 fratri
1095 2747 1334 2804 inferens
1369 2747 1522 2819 juxta
1566 2747 1737 2820 Aqui-

145 2841 320 2909 Ieiam,
341 2842 370 2881 ι’
409 2842 557 2898 Alsae
581 2841 865 2908 occiditur,
893 2857 1035 2897 anno
1064 2841 1278 2914 imperii
1307 2841 1390 2898 sui
1419 2857 1572 2897 xxut.

209 2935 652 2994 MARCELLINO
678 2935 769 2992 ET
800 2935 1116 2993 PROBINO.

210 3029 448 3086 Andreus
494 3030 550 3086 in
590 3029 750 3101 Syria
797 3031 1140 3101 agnoscitur,
1173 3045 1201 3085 a
1233 3045 1341 3102 quo
1373 3031 1598 3088 haeresis
1625 3033 1736 3087 Au-

147 3122 321 3180 daana
347 3166 365 3194 ,
402 3135 426 3164 ο
460 3132 516 3179 et
560 3122 817 3178 Audzeani
845 3165 859 3189 ,
891 3139 1026 3196 quos
1055 3133 1112 3180 et
1156 3124 1736 3196 Anthropomorphitas

148 3227 374 3274 vocant:
422 3218 548 3290 quia
597 3218 764 3274 Deum
813 3217 1061 3274 humana:
1091 3219 1309 3288 imagini
1339 3219 1565 3275 credunt
1614 3235 1736 3277 esse

1839 2012 2122 2074 susceptus
2147 2012 2248 2060 est.

1913 2097 2213 2154 LEONTIO
2235 2096 2324 2153 ET
2356 2096 2715 2155 SALUSTIO.

1912 2190 2085 2261 Sapor
2110 2189 2398 2246 Persarum
2429 2205 2523 2246 rex
2552 2189 2891 2248 Christianos
2919 2190 3280 2264 persequitur.

1910 2282 2342 2339 CONSTANTIO
2371 2281 2438 2338 IV
2469 2282 2558 2338 ET
2586 2283 2993 2341 CONSTANTE
3019 2282 3108 2340 III.

1912 2377 2237 2433 Athanasius
2254 2375 2322 2433 ad
2348 2375 2654 2434 Constantis
2686 2377 2890 2435 litteras
2931 2377 3310 2436 Alexandriam
3338 2391 3430 2436 re-

1839 2469 2099 2543 greditur.

1911 2563 2218 2620 AMANTIO
2242 2563 2332 2620 ET
2361 2564 2631 2622 ALBINO.

1908 2655 2080 2711 POST
2105 2655 2300 2712 CONS.
2329 2656 2617 2713 AMANTII
2644 2659 2733 2716 ET
2755 2659 3002 2717 ALBINI.

1910 2747 2162 2804 RUFINO
2189 2747 2279 2802 ET
2307 2748 2618 2806 EUSEBIO.

1912 2841 2369 2911 Quadragesimus
2396 2841 2661 2898 Maximus
2689 2853 2811 2915 post
2839 2845 3128 2904 Macarium
3159 2847 3432 2921 Jerosolyo

1839 2949 2050 2989 morum
2082 2933 2368 3004 episcopus
2393 2934 2622 2990 moritur
2654 2953 2667 2990 :
2694 2945 2814 3007 post
2839 2953 2998 3009 quem
3023 2939 3210 2997 Ariani
3236 2939 3427 2998 Eccle-

1839 3029 1971 3084 siam
2005 3027 2280 3084 invadunt.

1912 3120 2229 3176 PIIILIPPO
2259 3119 2348 3176 ΕΤ
2379 3120 2600 3177 SALIA.

1910 3213 2168 3270 Romanae
2217 3214 2475 3270 Ecclesiae
2531 3213 2755 3271 XXXIV
2805 3217 3091 3290 episcopus
3153 3219 3432 3279 ordinatur

146 3308 498 3364 conformem.
539 3306 596 3362 In
646 3307 840 3377 quibus
891 3307 1052 3362 etiam
1099 3308 1229 3363 illud
1271 3311 1512 3380 arguitur
1536 3351 1550 3376 ,
1580 3311 1726 3382 quod
1754 3293 1800 3361 C
1832 3308 2105 3374 Ltsntus,
2129 3323 2237 3378 quo
2267 3309 2321 3364 in
2352 3307 2600 3364 exsilium
2636 3324 2778 3365 nono
2801 3311 3143 3382 episcopatus
3173 3313 3257 3369 sui
3285 3329 3430 3373 anno

146 3399 341 3457 Pascha
367 3399 734 3455 Christianum
763 3397 983 3456 Iudaica
1000 3399 1356 3470 perhibentur
1379 3402 1724 3462 observantia

145 3493 635 3643 CCEENSTANTIO
665 3582 734 3640 III
763 3584 849 3640 ET
877 3583 1286 3640 CONSTANTE
1311 3584 1375 3640 II.

145 3720 253 3760 cum
296 3701 567 3760 Ambrosii
620 3700 676 3755 in
717 3709 857 3755 orat.
889 3699 957 3754 de
1005 3699 1153 3754 obitu
1197 3697 1508 3754 Theodosii.
1565 3700 1721 3768 Quod

144 3778 367 3845 pertinet
395 3773 461 3828 ad
491 3775 711 3845 alteram
741 3780 946 3845 partem
973 3811 988 3834 ,
1036 3769 1720 3845 videlicet_Constqntinunt

144 3834 422 3902 declinasse
469 3845 523 3898 in
565 3834 812 3897 Arianum
859 3842 1266 3913 dogma,_solus
1295 3834 1596 3898 Luciferi‘cx
1631 3861 1720 3899 ve-

145 3921 338 3973 teribus
383 3918 477 3972 lib.
521 3930 538 3969 ι
585 3914 652 3968 de
680 3915 808 3983 Reg.
855 3911 1030 3982 apost.
1062 3911 1202 3968 idem
1246 3914 1445 3968 sentire
1489 3915 1716 3982 videtur,

145 3987 260 4045 hinc
293 3989 475 4044 forsan
507 3984 830 4055 suspicionis
856 3999 1039 4037 ansam
1063 3993 1305 4052 captans,
1337 3984 1479 4054 quod
1505 3987 1716 4054 episco-

143 4076 232 4130 pos
263 4059 581 4124 catholicos,
623 4065 684 4130 ut
709 4055 1058 4130 Athanasium
1089 4065 1142 4110 et
1183 4055 1422 4130 alios,_in
1471 4057 1720 4130 exsilium

143 4127 438 4186 amandarit
465 4130 610 4183 circa
635 4129 852 4182 ultimos
881 4127 1003 4180 vitae
1031 4141 1221 4181 annos.
1251 4127 1359 4182 Sed
1394 4130 1494 4182 hoc
1518 4127 1722 4182 factum

143 4218 242 4257 non
269 4199 515 4272 provenit
539 4198 750 4272 cngide
779 4205 1029 4272 corrupta
1051 4242 1064 4263 ,
1095 4196 1189 4252 sed
1220 4198 1488 4272 quiaipse
1518 4200 1722 4272 artibus

143 4283 193 4329 et
223 4266 451 4328 fallaciis
479 4269 898 4325 Eusebianorum
931 4266 1184 4337 deceptus
1212 4266 1325 4341 (qui
1353 4268 1477 4324 licet
1503 4269 1722 4323 simula-

143 4354 257 4399 rent
283 4360 345 4400 se
369 4342 684 4409 catholicos,
717 4341 928 4395 Arianis
961 4350 1139 4394 tamen
1166 4340 1376 4394 oeculte
1407 4341 1677 4410 favebant)
1703 4385 1718 4408 ,

140 4415 478 4473 existimabat
505 4427 570 4469 ex
601 4426 666 4468 eo
714 4411 1031 4468 eII'ecturum
1056 4419 1114 4464 ut
1145 4410 1248 4464 hoc
1300 4421 1456 4480 pacto
1483 4412 1724 4466 Athana-
1769 4450 1780 4466 .

139 4487 248 4541 sius
293 4487 434 4542 liber
461 4493 605 4541 esset
642 4484 711 4539 ab
740 4497 926 4538 eorum
966 4481 1315 4547 crudelitate,
1360 4483 1452 4553 qui
1507 4482 1580 4537 illi
1627 4498 1723 4552 per

1833 3403 1903 3459 ob
1931 3403 2092 3458 fidem
2123 3411 2295 3467 truso,
2326 3416 2518 3458 omnes
2547 3402 2733 3458 clerici
2757 3403 3086 3472 juraverunt
3115 3405 3262 3476 quod
3312 3407 3433 3463 nul-

1830 3497 1940 3552 lum
1970 3497 2135 3551 alium
2156 3496 2518 3565 susciperent.
2547 3493 2747 3549 Verum
2786 3511 2908 3550 cum
2934 3496 3085 3550 Felix
3114 3497 3182 3550 ab
3210 3497 3429 3554 Arianis

1829 3587 2019 3644 fuisset
2033 3589 2084 3644 in
2099 3586 2403 3644 sacerdotio
2415 3586 2759 3652 substitutus,
2780 3587 2993 3656 plurimi
3010 3586 3424 3656 perjuraverunt

1831 3700 2129 3758 exclusisse
2177 3700 2319 3754 hunc
2371 3699 2792 3768 paragraphum,
2843 3708 3112 3769 tamquam
3169 3700 3430 3758 adulleri-

1829 3789 1956 3828 num
1986 3813 2002 3838 ,
2053 3779 2108 3827 et
2169 3771 2232 3826 ab
2263 3770 2366 3823 alio
2396 3771 2720 3842 appositum,
2773 3779 2924 3842 atque
2973 3771 3128 3824 totius
3181 3769 3427 3829 Ecclesiae

1827 3845 2159 3898 consensione
2183 3850 2230 3895 et
2260 3858 2355 3895 usu
2381 3841 2677 3894 cOntinuato
2701 3841 3043 3911 improbatum
3065 3851 3112 3894 et
3149 3845 3418 3912 rejectum.

1828 3917 1996 3982 Quem
2034 3915 2382 3969 nihilominus
2411 3916 2480 3967 ob
2502 3913 2744 3966 codicum
2779 3921 2885 3966 tam
2905 3927 3037 3966 mss.
3065 3926 3226 3982 quam
3248 3929 3420 3971 excu-

1829 4001 2010 4041 sorum
2038 3986 2414 4040 auctoritatem
2439 4000 2544 4038 non
2570 3983 2815 4038 mutavit.

1904 4067 1929 4093 ι
1959 4057 2162 4112 Unicus
2208 4071 2273 4110 ex
2327 4069 2456 4111 mss.
2488 4054 2644 4110 Colb.
2703 4055 2865 4109 habet
2914 4055 3257 4112 Constantini.
3312 4057 3422 4116 Alii

1829 4143 2020 4184 omnes
2047 4142 2167 4182 cum
2196 4127 2325 4180 edit.
2357 4125 2513 4181 Pont.
2535 4167 2550 4192 ,
2580 4123 2884 4180 Constantii.

1903 4197 1929 4238 δ
1959 4197 2322 4269 Emendaimus
2351 4212 2448 4266 pro
2477 4198 2615 4269 Asia:
2641 4213 2708 4269 ex
2743 4211 2872 4252 mss.
2901 4198 3138 4269 quinque
3183 4197 3336 4256 Colb.
3367 4209 3425 4258 et

1827 4269 1960 4325 edit.
1990 4271 2148 4324 Pont.
2178 4268 2374 4327 Chron.
2407 4268 2610 4324 Euseb.
2639 4268 2770 4322 Nam
2793 4276 3010 4324 constat
3033 4268 3103 4326 ex
3132 4271 3350 4327 Aurelio
3367 4274 3425 4332 in

1830 4340 2078 4412 Epitome
2106 4340 2518 4412 Constantinum
2548 4339 3037 4412 fuisseprojectum
3075 4339 3132 4396 in
3168 4341 3421 4412 fluvium,

1827 4410 1916 4466 cui
1948 4427 2146 4467 nomen
2188 4412 2338 4476 Alsa,
2369 4425 2474 4466 non
2506 4410 2662 4480 longe
2686 4411 2754 4466 ab
2791 4410 3058 4479 Aquileia;
3089 4422 3143 4467 et
3193 4410 3424 4472 Rufinus

1827 4483 1920 4556 lib.
1954 4499 1971 4537 ι
2003 4497 2124 4552 cap.
2155 4482 2243 4548 15,
2261 4479 2715 4556 Constantinonon
2737 4479 2886 4556 longe
2914 4483 2979 4537 ab
3007 4483 3248 4554 Aquileia
3276 4486 3422 4556 apud

140 4556 361 4650 injsidias
387 4554 763 4640 imminebant,
800 4557 938 4611 sicut
966 4554 1198 4650 loquitpr
1214 4553 1536 4650 Athanasius
1557 4559 1720 4650 epist.
1749 4589 1804 4650 Β
1829 4553 2004 4650 Allsant
2032 4556 2305 4650 [Iuvium‘a
2335 4554 2596 4650 ιῖτίιξιὶιηιδΔ
2615 4554 2938 4650 liitterl‘ecto;
2963 4562 3020 4650 et
3037 4553 3104 4610 eo
3127 4569 3294 4650 58!qu
3312 4553 3424 4612 Eu-

139 4629 204 4697 ad
233 4626 528 4684 solitariam
577 4627 740 4681 vitam
786 4635 1044 4697 agentes;
1099 4625 1186 4680 ubi
1220 4640 1323 4680 non
1356 4626 1526 4697 solum
1566 4625 1717 4680 illum
1751 4623 1804 4650 ν
1829 4626 2018 4697 sebius
2041 4636 2198 4680 vocat
2230 4625 2532 4694 Aquileiam
2561 4623 2726 4697 Alste,
2762 4623 2863 4697 hoc
2897 4633 3003 4691 est,
3044 4640 3164 4696 quae
3191 4627 3424 4697 iadjacet

139 4696 203 4748 de
225 4714 330 4756 suo
356 4698 548 4755 exsilio
574 4696 940 4758 excusat.’sed
961 4697 1122 4752 etiam
1155 4705 1332 4750 tuetur
1372 4696 1440 4750 ab
1465 4697 1564 4750 hac
1601 4697 1720 4753 labe

138 4766 427 4840 haereseos.
456 4769 601 4825 Idem
647 4770 773 4824 facit
809 4768 1077 4840 Epiphan.
1120 4766 1324 4840 haeresi
1354 4766 1444 4832 69,
1487 4767 1721 4840 Ililarius

136 4839 231 4896 lib.
265 4857 284 4898 ι
330 4841 397 4896 ad
425 4841 823 4908 Constantium,
858 4837 926 4895 ‘et
949 4837 1320 4894 Theodoretus
1368 4840 1464 4893 lib.
1497 4855 1533 4893 ιι
1581 4839 1718 4896 Hist.

138 4927 261 4983 cap.
293 4911 348 4970 5.
393 4910 487 4969 llis
513 4912 650 4969 adde
679 4911 822 4983 quod
851 4925 1002 4983 sacra
1032 4908 1321 4979 antiquitas
1344 4919 1596 4966 venerata
1638 4919 1721 4983 est

136 4981 550 5040 Constantinum
596 4991 654 5037 ut
699 4981 1056 5040 orthodoxum
1085 5023 1099 5046 ,
1147 4991 1201 5036 et
1245 4984 1556 5036 memoriam
1604 4982 1721 5051 ejus

140 5055 330 5111 recolit
360 5055 601 5111 Ecclesia
619 5053 806 5110 Grmca
833 5053 896 5109 21
930 5052 1072 5108 Maii.
1113 5051 1239 5108 Ilaec
1269 5067 1432 5122 pauca
1464 5068 1530 5106 cx
1553 5053 1717 5121 pluri-

138 5125 262 5192 bus,
315 5139 434 5196 qute
484 5125 700 5181 disserit
749 5123 1254 5196 illustr._Pontacus
1296 5123 1352 5196 i_n
1397 5124 1562 5196 notis.
1594 5124 1721 5190 Qui-

138 5196 238 5251 bus
293 5193 465 5267 aliqua
519 5196 791 5267 subjungit
832 5195 898 5249 ad
954 5193 1275 5249 fulciendam
1315 5194 1722 5267 lectionemAco-

134 5265 502 5350 dicis-unius,
531 5265 629 5350 qui
666 5265 926 5350 integram
944 5267 1284 5350 .sentcntiam
1317 5265 1549 5350 refertad
1581 5265 1724 5320 Con-

135 5338 416 5394 stantium.
466 5336 705 5409 Denique
768 5336 892 5392 licet
942 5336 1168 5409 fateatur
1217 5351 1322 5409 non
1367 5337 1539 5392 videri
1587 5352 1722 5409 quo-

69 5461 71 5468 .
133 5410 308 5481 modo
355 5410 523 5481 possit
565 5407 671 5464 dici
718 5409 1082 5481 Ilieronymus
1130 5407 1244 5481 haec
1292 5408 1624 5463 intellexisse
1653 5408 1723 5466 de

69 5491 79 5537 ξ
130 5479 455 5536 Constantio
477 5526 491 5549 ,
520 5496 641 5536 cum
672 5481 793 5535 talia
825 5481 892 5534 ab
923 5479 1170 5534 omnibus
1220 5479 1368 5534 libris
1418 5481 1722 5536 referantur

131 5552 200 5606 ad
221 5567 424 5607 annum
450 5552 514 5609 51
539 5550 894 5614 Constantini,
921 5551 1066 5604 nullo
1082 5550 1241 5605 modo
1272 5562 1448 5606 autem
1482 5553 1549 5605 ad
1581 5559 1722 5605 tent-

133 5637 273 5692 pora
305 5621 636 5692 Constantii,
680 5624 982 5692 suSpicatur
1005 5623 1109 5677 dici
1151 5636 1310 5692 posse
1340 5623 1568 5678 Arianos
1610 5622 1722 5692 jam

131 5692 205 5748 ab
235 5692 390 5749 initio
413 5694 666 5751 Chronici
711 5695 764 5749 in
793 5695 962 5750 lucem
986 5693 1136 5759 editi,
1161 5692 1276 5749 haec
1302 5710 1420 5762 quae
1468 5694 1724 5748 dicebau-

131 5772 226 5836 ευτ’
250 5763 326 5820 de
347 5765 688 5833 Constantio,
722 5765 1115 5836 transposuisse
1161 5765 1212 5819 in
1246 5765 1492 5820 ultimum
1520 5780 1720 5820 annum

130 5831 498 5908 Conatantini.
553 5837 632 5894 Ex
674 5831 1428 5908 quibus-omnibusicolligit
1496 5837 1612 5892 acri
1666 5844 1724 5892 et

129 5913 359 5966 maturo
394 5907 596 5980 judicio
635 5907 920 5967 Beronium
974 5917 1104 5966 tom.
1136 5907 1205 5966 III
1234 5907 1428 5966 Annal.
1470 5922 1591 5980 pag.
1614 5908 1722 5969 210

1826 4697 1972 4750 Alsre
2000 4696 2188 4761 ﬂuvio,
2222 4707 2279 4767 ut
2299 4693 2535 4767 testatur
2561 4693 2767 4767 Plinius
2797 4695 2892 4752 lib.
2926 4711 2985 4752 III
3012 4693 3129 4767 cap.
3155 4696 3238 4755 I8.
3272 4693 3417 4755 Pon-

1827 4775 1977 4821 tacus
2001 4767 2052 4821 in
2081 4769 2221 4822 notis
2250 4765 2453 4821 Chron.
2479 4765 2678 4821 Euseb.

1901 4849 1922 4876 ο
1952 4837 2010 4891 In
2056 4839 2348 4893 Auctuario
2379 4846 2418 4893 t.
2453 4836 2472 4890 I
2511 4836 2767 4894 Biblioth.
2807 4855 2931 4895 nov.
2964 4854 3094 4895 mss.
3127 4838 3230 4893 Ph.
3277 4839 3422 4896 Lab-

1823 4908 1949 4964 bei:
1982 4908 2233 4963 Audwani
2261 4909 2324 4963 ab
2362 4907 2558 4965 Audtzo
2590 4909 2818 4981 quodam
2865 4910 3230 4982 cognominati,
3283 4921 3415 4983 etc.,

1826 4988 1883 5035 ιιι
1913 4995 2097 5035 sunra.

1913 4996 1973 5034 ευ
2019 4996 2097 5034 ra.

1896 5047 1922 5087 ά
1949 4995 2188 5119 quorum
2211 5051 2496 5108 verborum
2525 5053 2572 5108 is
2604 5066 2805 5124 sensus
2825 5059 2940 5109 est:
2964 5051 3081 5124 Non
3105 5051 3251 5124 quod
3273 5052 3416 5108 Con-

1824 5124 2233 5194 stantinopolim
2269 5124 2560 5194 perductus
2583 5125 2672 5190 sit,
2717 5123 2813 5181 sed
2843 5123 3007 5194 quod,
3040 5123 3162 5179 cum
3191 5123 3246 5178 in
3285 5138 3414 5194 eum

1825 5193 2441 5264 populus’insiluisset,
2507 5205 2722 5265 captum
2773 5204 2830 5251 et
2862 5193 3228 5265 interfectum
3286 5193 3417 5253 fune

1823 5263 2070 5322 traxerit.
2115 5266 2204 5324 Sic
2227 5268 2374 5324 enim
2414 5263 2669 5324 Socrates
2699 5265 2794 5323 lib.
2831 5281 2850 5321 t
2897 5279 3016 5336 cap.
3050 5263 3136 5319 I5.
3161 5264 3322 5321 Pont.
3359 5265 3417 5326 in

1825 5340 1986 5392 notis.

1899 5417 1924 5446 θ
1950 5409 2296 5465 Auctuarium
2342 5409 2581 5466 Lahbei:
2634 5407 3048 5464 Macedonianis
3077 5408 3420 5468 Macedonius

1825 5479 1922 5550 fuit
1951 5491 2130 5535 auctor
2159 5482 2366 5548 erroris,
2397 5497 2522 5551 quos
2559 5477 2728 5535 (ἔνωεὶ
2773 5478 3275 5551 _Pneumatomachos
3319 5500 3413 5538 uo-

1825 5548 1942 5605 cant
1967 5569 1985 5606 :
2020 5555 2236 5625 ecquod
2267 5548 2489 5625 Spiritui
2537 5562 2729 5625 sancto
2763 5548 2874 5604 Deo
2919 5551 3212 5625 conﬁtendo
3259 5570 3416 5625 repu-_

1823 5635 1996 5692 gnent.
2062 5620 2200 5677 Nam
2229 5620 2478 5678 de'Patre
2519 5631 2568 5677 et
2620 5620 2762 5675 Filio
2802 5629 2936 5677 recte
2979 5620 3226 5689 sentiunt,
3275 5620 3414 5694 quod

1824 5694 1974 5748 unius
1999 5705 2115 5748 sunt
2139 5695 2466 5764 ejusdemque
2505 5693 2799 5748 substantia:
2829 5709 2848 5748 :
2877 5695 2965 5750 sed
2991 5695 3088 5750 hoc
3115 5695 3179 5750 de
3209 5693 3416 5763 Spiritu

1825 5775 2000 5819 sancto
2047 5767 2227 5819 nolunt
2264 5768 2490 5833 credere,
2541 5772 2833 5821 creaturam
2859 5782 2974 5821 eum
3001 5783 3108 5822 esse
3161 5766 3408 5820 dicentes.

1828 5836 2052 5904 Quidam
2097 5839 2188 5892 hos
2234 5837 2582 5893 Semiarianos
2626 5846 2839 5905 uocant,
2869 5838 3006 5908 quod
3044 5838 3107 5909 in
3152 5836 3249 5890 hac
3268 5849 3414 5909 qua:-

1823 5911 1987 5965 stione
2006 5925 2068 5966 ea:
2098 5918 2244 5981 parte
2265 5924 2382 5964 cum
2405 5909 2510 5966 illis
2536 5909 2658 5976 sint,
2687 5923 2752 5965 ea:
2780 5907 2924 5983 parte
2965 5907 3249 5966 nobiscum.
