4006 6356
592 320 701 393 170

1823 322 1878 379 s.
1920 322 2255 387 PROSPERI
2292 322 2617 394 AQUITANI
3248 308 3267 322 '
3377 328 3381 333 '
3744 337 3826 397 εδδ

610 454 667 513 et
694 451 816 520 post
841 456 1036 499 annum
1064 452 1288 496 reverso
1332 438 1386 493 in
1418 437 1620 496 Urbem
1649 424 1885 508 Liberio,
1916 453 2035 495 cum
2080 437 2182 495 Fe—
2208 439 2260 501 Α
2357 440 2657 498 DATIANO
2686 441 2773 499 ET
2793 442 3139 501 CEREALE.

592 535 701 594 lice
728 532 887 609 eiecti
912 540 1056 587 sunt.

668 624 956 683 LIMENIO
978 623 1068 685 ΕΤ
1089 621 1452 683 CATULINO.

664 719 970 801 Magnentio
1007 717 1148 791 apud
1187 716 1636 790 Augustodunum
1679 717 1971 795 arripiente
2012 716 2187 791 impe-

594 806 1043 891 rium,Constans
1068 810 1212 868 haud
1234 811 1393 883 longe
1418 810 1486 868 ab
1515 811 1793 884 Hispania,
1817 812 1870 875 in
1898 819 2075 869 castro
2096 813 2184 869 cui

589 906 796 965 Helena
835 919 1035 962 nomen
1065 902 1168 973 est,
1206 903 1530 965 interﬁcitur
1570 921 1584 959 :
1631 903 1701 960 ob
1731 919 1892 977 quam
1928 919 2044 967 rem
2072 913 2184 959 tur-

590 1002 715 1061 bata
739 1000 1013 1079 republica
1035 1041 1053 1071 ,
1083 1000 1341 1058 Vetranio
1367 1000 1559 1058 Mursaa
1581 1042 1597 1073 ,
1644 998 1972 1081 Nepotianus
1996 999 2185 1057 Romae

589 1098 945 1172 imperatores
971 1094 1119 1152 facti.

659 1174 823 1263 729
851 1187 1102 1246 SERGIO
1131 1186 1221 1243 er
1248 1178 1599 1244 NIGRIANO.

665 1282 951 1358 Nepotiani
982 1290 1145 1354 caput
1174 1281 1282 1358 pilo
1308 1296 1404 1352 per
1432 1280 1633 1338 Urbem
1665 1280 2063 1337 circumlatum.

662 1376 980 1437 Vetranionl
1008 1374 1149 1448 apud
1176 1372 1425 1430 Naissum
1457 1392 1484 1428 a
1514 1373 1831 1430 Constantio
1861 1373 2065 1445 regium
2096 1371 2179 1426 in-

590 1470 743 1543 signe
780 1470 1108 1535 detractum,
1150 1476 1205 1522 et
1244 1467 1583 1539 Magnentius
1612 1467 1805 1523 Mursaa
1847 1480 2040 1536 magna
2078 1463 2184 1521 rel-

590 1561 819 1633 publicae
847 1559 1001 1616 clade
1030 1567 1315 1629 superatus
1348 1568 1449 1615 est.
1552 1587 1561 1599 -

656 1655 832 1714 POST
855 1653 1050 1711 CONS.
1085 1653 1313 1711 SERGII
1340 1653 1429 1709 ET
1459 1652 1783 1711 NIGRIANI.

659 1748 871 1815 Gallus,
920 1748 1010 1819 qui
1058 1754 1113 1803 et
1155 1745 1527 1815 Constantius,
1575 1745 1877 1802 Constantii
1925 1744 2183 1816 patruelis

592 1843 773 1899 Caesar
804 1841 997 1898 factus.

656 1930 1091 1990 CONSTANTIO
1123 1930 1166 1987 V
1196 1930 1285 1988 ET
1314 1930 1747 1987 CONSTANTIO
1775 1929 1946 1988 CES.

657 2022 1092 2080 CONSTANTIO
1126 2023 1189 2078 Vl
1223 2023 1310 2078 ET
1337 2022 1769 2078 CONSTANTIO
1794 2020 1971 2077 (ΗΕΒ.
2006 2020 2070 2076 ll.

657 2117 1090 2175 CONSTANTIO
1127 2116 1217 2171 Vll
1249 2115 1337 2171 ET
1364 2115 1801 2172 CONSTANTIO
1833 2115 2009 2172 CIES.
2041 2114 2129 2171 Ill.

663 2211 994 2283 Magnentius
1020 2210 1267 2283 Lugduni
1289 2209 1341 2265 in
1374 2210 1575 2282 palatio
1604 2210 1821 2283 propria
1850 2225 2012 2264 manu
2038 2209 2181 2279 seip~

588 2323 706 2364 sum
754 2306 1030 2373 interficit,
1080 2315 1133 2361 et
1177 2304 1463 2360 Decentius
1510 2303 1679 2360 frater
1728 2303 1863 2375 ejus,
1905 2320 2065 2375 quem
2112 2304 2177 2359 ad

590 2398 847 2455 tenendas
896 2397 1098 2453 Gallias
1144 2396 1412 2455 Caesarem
1462 2397 1704 2465 miserat,
1751 2398 1891 2469 apud
1938 2398 2180 2455 Senonas

589 2490 782 2560 laqueo
814 2489 977 2543 vitam
1007 2488 1163 2543 ﬁniit.

660 2584 846 2641 Gallus
892 2581 1075 2639 Caesar
1112 2582 1431 2639 sollicitatus
1477 2598 1509 2638 a
1550 2583 1868 2640 Constantio
1912 2584 2177 2655 patruele,

586 2678 675 2735 cui
711 2678 765 2733 in
804 2676 1167 2748 suspicionem
1198 2685 1226 2714 ει
1248 2675 1319 2732 ob
1349 2676 1551 2748 regiam
1580 2675 1819 2734 indolem
1844 2685 2088 2745 venerat,
2123 2676 2177 2731 in

587 2773 745 2830 Istria
770 2773 1055 2830 occiditur.

655 2866 914 2925 Paulinus
944 2875 998 2924 et
1023 2866 1325 2924 Rhoduuus
1350 2866 1645 2923 Galliarum
1678 2866 1919 2939 episcopi
1951 2864 2004 2922 in
2036 2865 2179 2924 exsi-

589 2954 716 3017 lium
744 2961 813 3017 ob
843 2960 1001 3017 fidem
1032 2959 1187 3016 trusi.

659 3052 925 3109 Eusebius
947 3066 1157 3123 quoque
1179 3051 1541 3108 Verceilensis
1566 3052 1872 3123 episcopus,
1894 3060 1947 3107 et
1968 3051 2179 3107 Lucifer

584 3144 908 3201 Galaritanze
939 3140 1221 3215 Ecclesiae,
1250 3154 1304 3200 et
1327 3142 1742 3200 Mediolanensis
1765 3143 2026 3197 Ecclesiae
2056 3143 2178 3197 Dio-

2356 532 2602 605 Synodus
2648 535 2787 604 apud
2846 534 3143 591 Ariminum
3192 545 3247 593 et
3298 536 3595 595 Seleuciam
3645 539 3824 601 lsauria:

2285 627 2447 695 facta,
2496 628 2553 683 in
2601 643 2705 698 qua
2767 629 2983 699 antiqua
3027 629 3247 689 Patrum
3291 629 3427 691 lides
3472 630 3632 709 73o
3671 631 3823 695 decem

2286 721 2463 791 primo
2509 721 2829 793 legatorum,
2876 721 3073 778 dehinc
3117 724 3357 783 omnium
3391 724 3688 798 proditione
3713 727 3827 787 dam-

2285 822 2409 869 nata
2438 821 2541 868 est.

2359 903 2647 965 EUSEBIO
2675 904 2764 965 ET
2792 904 3111 963 HYPATIO.

2358 997 2665 1065 Gratianus,
2714 998 2804 1069 qui
2852 1007 3039 1070 postea
3081 1000 3371 1072 imperator
3413 999 3583 1059 factus
3628 1013 3723 1073 est,
3760 1022 3833 1063 na.

2285 1089 2471 1149 scitur.

2356 1181 2590 1239 Hilarius
2630 1183 2937 1255 episcopus,
2990 1198 3111 1241 cum
3160 1185 3301 1256 apud
3347 1187 3825 1262 Constantinopolim

2284 1273 2479 1331 librum
2508 1290 2603 1346 pro
2634 1289 2692 1331 se
2717 1274 3030 1332 Constantio
3061 1280 3410 1349 porrexisset,
3453 1279 3521 1336 ad
3552 1279 3740 1338 Gallias
3766 1298 3827 1341 rc-

2284 1367 2400 1423 diit.

2355 1458 2557 1514 Omnes
2586 1474 2723 1531 pene
2756 1460 3005 1517 Ecclesia:
3048 1471 3160 1519 toto
3190 1464 3321 1521 orbe
3346 1465 3448 1521 sub
3480 1470 3687 1525 nomine
3708 1472 3825 1543 pacis

2285 1558 2341 1609 et
2364 1551 2525 1622 regis,
2553 1550 2878 1609 Arianorum
2903 1556 3177 1611 consortio
3208 1557 3542 1627 polluuntur.

2356 1643 2526 1699 Gallia
2579 1659 2672 1716 per
2713 1644 2976 1703 Hilarium
3026 1647 3381 1707 Arirninensis
3430 1652 3664 1725 perﬁdia:
3706 1655 3825 1713 dolos

2288 1736 2523 1792 damnat.

2210 1826 2260 1890 Β
2359 1827 2793 1888 CONSTANTIO
2822 1831 2868 1887 Χ
2896 1832 2987 1889 ET
3012 1832 3300 1892 JULIANO
3330 1835 3420 1892 Ili.

2360 1922 2702 1979 Constantius
2734 1924 3100 1996 Mopsocrenis
3131 1928 3269 1984 inter
3308 1927 3552 1987 Ciliciam
3596 1932 3825 2005 Cappado-

2288 2019 2534 2089 ciamque
2568 2022 2809 2079 moritur.

2358 2111 2638 2181 ermos,
2665 2113 2951 2183 XXXVIII,
2984 2124 3170 2188 regnat
3191 2114 3216 2155 ά
3236 2119 3392 2176 annis
3417 2118 3621 2179 duobus
3641 2129 3689 2178 et
3708 2136 3822 2179 men-

2288 2204 2436 2261 sibus
2463 2215 2606 2261 octo.

2358 2297 2577 2355 Iuliano
2600 2300 2665 2355 ad
2697 2302 2960 2358 idolorum
2984 2304 3186 2361 cultum
3216 2322 3501 2379 converso,
3532 2308 3709 2367 blanda
3733 2326 3824 2382 per-

2286 2392 2494 2448 secutio
2528 2393 2647 2461 fuit,
2674 2393 2904 2451 illiciens
2929 2403 3098 2469 magis
3125 2415 3281 2468 quam
3312 2401 3590 2472 impellens
3615 2404 3673 2459 ad
3691 2404 3824 2460 sacri-

2286 2484 2576 2555 ﬁcandum,
2601 2486 2654 2543 in
2686 2502 2787 2559 qua
2820 2490 2972 2547 multi
3014 2507 3079 2547 ex
3115 2495 3315 2550 nostris
3343 2496 3613 2553 voluntate
3649 2499 3821 2569 propria

2287 2592 2627 2636 COI'I'UQI‘UIIL

2358 2671 2593 2727 TAURO
2621 2673 2705 2729 ET
2738 2672 3146 2732 FLORENTIO.

2358 2767 2590 2839 Georgio
2624 2784 2719 2839 per
2746 2769 3063 2828 seditionem
3088 2771 3267 2843 populi
3298 2772 3541 2842 incenso,
3565 2775 3645 2847 qui
3667 2776 3711 2830 in
3733 2776 3821 2831 loco

2287 2860 2567 2916 Athanasii
2619 2862 2687 2918 ab
2732 2862 2941 2918 Arianis
2990 2864 3167 2920 fuerat
3196 2865 3500 2935 ordinatus,
3548 2867 3824 2923 Athanasius

2286 2954 2467 3011 rediit.

2358 3048 2624 3104 Eusebius
2652 3058 2708 3106 et
2740 3049 2953 3106 Lucifer
2992 3052 3229 3123 episcopi
3262 3052 3329 3111 de
3359 3054 3550 3111 exsilio
3588 3064 3825 3111 revertun-

2285 3148 2389 3209 tur,
2424 3157 2455 3199 e
2479 3143 2670 3213 quibus
2700 3143 2933 3214 Lucifer,
2964 3145 3187 3203 adscitis
3214 3146 3332 3204 aliis
3356 3147 3565 3205 duobus
3592 3149 3829 3206 confesso-

587 3238 772 3312 nysius
803 3238 1110 3308 episcopus,
1167 3237 1589 3306 Pancratlusque
1634 3234 1909 3290 Romanus
1955 3235 2177 3307 presby-
2204 3225 2253 3297 C
2283 3235 2456 3307 ribus,
2510 3237 2789 3293 Paulinum
2850 3239 3115 3296 Eusthatii
3156 3244 3395 3314 episcopi
3452 3244 3828 3316 presbyterum,

588 3336 693 3399 ter,
743 3340 796 3388 et
845 3327 1081 3385 Ililarius
1116 3328 1403 3395 diaconus,
1449 3327 1772 3383 distantibus
1811 3327 1953 3382 inter
1993 3341 2071 3396 se,
2107 3327 2177 3383 ab

584 3423 799 3481 Arianis
829 3431 882 3478 ct
910 3422 1229 3478 Constantio
1258 3420 1581 3475 damnantur
1610 3420 1835 3476 exsiliis.

658 3515 1044 3575 ARBETIANO
1068 3515 1156 3571 ΕΤ
1184 3512 1547 3570 LOLLIANO.

652 3608 898 3664 Julianus
929 3606 1095 3662 frater
1124 3605 1262 3661 Galli
1295 3604 1579 3660 Mediolani
1626 3602 1807 3659 Caesar
1850 3606 2172 3677 appellatur.

650 3698 1084 3758 CONSTANTIO
1113 3697 1231 3754 Vill
1261 3698 1347 3753 ET
1374 3696 1663 3755 ΙΠΠΑΝο
1689 3698 1863 3755 CASS.

652 3796 916 3850 Antonius
948 3791 1242 3849 monachus
1286 3790 1313 3829 δ
1342 3791 1638 3849 centesimo
1680 3808 1822 3849 anno
1853 3794 2029 3849 aetatis
2064 3809 2174 3850 sua:

580 3887 635 3943 in
676 3901 861 3943 eremo
903 3885 1150 3950 moritur,
1184 3884 1377 3940 solitus
1408 3886 1593 3942 multis
1622 3886 1688 3942 ad
1731 3901 1790 3943 se
1833 3886 2175 3943 venientibus

578 3980 648 4036 de
690 3979 853 4034 Paulo
897 3977 1130 4047 quodam
1175 3976 1410 4033 Thebaeo
1457 3978 1609 4033 mirae
1656 3979 2007 4035 beatitudinis
2054 3980 2174 4035 viro

580 4073 812 4147 plurima
839 4086 1160 4128 memorare.

660 4165 893 4223 llilarius
922 4164 1272 4221 Pictaviensis
1312 4166 1599 4235 episcopus
1630 4165 1863 4222 factione
1892 4165 2171 4223 Saturnini

579 4258 911 4316 Arelatensis
958 4256 1221 4328 episcopi,
1271 4255 1710 4329 reliquorumque
1755 4259 1846 4329 qui
1897 4273 2022 4314 cum
2074 4260 2169 4315 ilio

579 4358 732 4407 erant
759 4349 1110 4416 Arianorum,
1156 4348 1208 4405 in
1258 4345 1545 4419 Phrygiam
1586 4359 1609 4386 ο
1650 4350 1854 4419 pulsus,
1899 4351 2067 4408 libros
2099 4351 2170 4408 de

577 4454 766 4507 nostra
793 4442 1054 4516 religione
1080 4442 1402 4515 composuit.

592 4607 611 4620 ν
647 4534 910 4608 Reliquias
953 4534 1223 4592 Timothei
1261 4534 1494 4605 apostoli
1534 4535 2049 4609 Constantinopolim
2081 4540 2166 4597 in-

576 4640 763 4689 vectae.

646 4726 915 4793 Sarmata,
945 4725 1225 4797 Amathas,
1260 4735 1313 4782 et
1355 4724 1615 4787 Macarius
1647 4723 1896 4797 discipuli
1942 4726 2164 4785 Antonii

574 4820 812 4890 insignes
845 4818 1133 4876 habentur.

644 4912 890 4968 Liberius
920 4913 1204 4983 episcopus
1244 4913 1517 4969 Romanus
1542 4913 1594 4969 in
1626 4914 1874 4971 exsilium
1908 4917 2160 4974 mittitur.

642 5001 1071 5063 CONSTANTIO
1102 5004 1173 5063 IX
1203 5005 1291 5061 ET
1321 5004 1611 5062 JULIANO
1640 5006 1818 5066 CIES.
1854 5010 1919 5067 ll.

640 5095 773 5153 Ossa
802 5096 1032 5157 Andreae
1078 5098 1304 5168 apostoli
1352 5108 1406 5155 et
1443 5100 1786 5171 evangelistae
1816 5102 1977 5161 Lucae
2018 5106 2162 5164 Cou-

570 5191 978 5267 stantinopolim
1010 5193 1199 5248 inlata.

640 5283 897 5340 Paulinus
917 5283 1276 5342 Treverorum
1315 5284 1599 5357 episcopus
1630 5288 1685 5343 in
1720 5287 1951 5362 Phrygia
1997 5307 2161 5352 exsu-

571 5376 690 5435 lans
716 5378 964 5441 moritur.

642 5568 669 5639 ξ
697 5558 875 5639 Edith
904 5561 1063 5619 Pont.
1090 5572 1143 5621 et
1169 5578 1301 5639 _r_ns_s.
1335 5563 1489 5621 Coll).
1522 5563 2154 5639 duo,.9_b_egregiamrin-

569 5632 757 5687 dotem.
807 5633 941 5689 Cum
980 5650 1108 5691 vero
1148 5635 1347 5693 dicitur
1391 5649 1547 5705 supra
1596 5632 1917 5691 sollicitdtus'
1946 5657 1977 5692 α
2019 5638 2155 5694 Con—

568 5706 781 5778 stantio,
814 5704 1139 5778 significatur
1165 5704 1535 5763 Constantium
1583 5707 1742 5762 variis
1770 5708 1973 5764 artibus
2020 5711 2153 5767 Gal-

569 5776 676 5833 lum
715 5775 780 5832 ad
813 5775 1209 5852 sc'_peilexisse,
1240 5795 1302 5852 a_c
1328 5779 1543 5852 demum
1562 5778 1798 5852 interfici
1828 5793 2066 5852 curasse,
2098 5792 2159 5840 ut

571 5856 831 5904 testantur
871 5849 1207 5921 Ammianus,
1240 5850 1521 5919 Zozimus,
1562 5850 1769 5921 Victor,
1817 5849 2069 5913 Socrates
2100 5867 2159 5913 et
2200 5906 2203 5907 ν

2202 4616 2261 4682 D

2284 3330 2375 3400 qui
2420 3346 2479 3387 se
2538 3348 2830 3403 numquam
2883 3333 3264 3391 haereticorum
3319 3338 3689 3393 communione
3734 3337 3830 3408 poi-

2277 3422 2490 3490 luerat,
2550 3424 2601 3479 in
2674 3436 2823 3494 parte
2884 3425 3150 3482 catholica
3204 3427 3509 3483 Antiochia:
3562 3428 3830 3498 episcopum

2280 3512 2434 3571 facit.

2350 3610 2718 3666 Prohtercsius
2788 3611 3028 3683 sophista
3076 3613 3444 3681 Atheniensis,
3477 3614 3593 3685 lege
3635 3612 3742 3668 data
3780 3626 3834 3666 ne

2278 3702 2571 3760 Christiani
2609 3705 2910 3761 liberalium
2939 3706 3345 3776 disciplinarum
3378 3706 3631 3763 doctores
3655 3714 3833 3765 essent,

2279 3812 2399 3853 cum
2432 3797 2534 3854 sibi
2574 3797 2877 3867 specialiter
2926 3800 3169 3855 Julianus
3229 3800 3553 3857 concederet
3601 3810 3653 3855 ut
3679 3796 3831 3854 Chris-

2280 3888 2457 3944 tianos
2488 3888 2726 3951 doceret,
2759 3889 3000 3946 scholam
3031 3901 3226 3959 sponte
3254 3891 3519 3948 deseruit.

2350 3980 2766 4038 MAMERTINO
2792 3982 2879 4037 ΕΤ
2906 3982 3234 4038 NEVITTA.

2351 4074 2673 4131 IEmiliauus
2715 4076 2785 4131 ob
2832 4093 3047 4133 ararum
3084 4078 3494 4136 subversionem
3528 4077 3779 4137 Dorostori
3810 4090 3832 4130 a

2278 4167 2493 4226 Vicario
2515 4169 2849 4225 incenditur.

2346 4263 2637 4320 JULIANO
2661 4265 2727 4320 Ill
2755 4265 2840 4321 ET
2868 4265 3226 4323 SALUSTIO.

2346 4365 2610 4423 Ecclesiae
2650 4366 2950 4423 Antiochite
2979 4368 3175 4423 clausa:
3206 4384 3221 4422 :
3255 4377 3308 4424 et
3336 4369 3649 4441 gravissima
3687 4363 3835 4423 immio

2273 4469 2452 4525 nantis
2475 4469 2872 4538 persecutionis
2896 4469 3133 4539 procella
3159 4469 3257 4525 Dei
3280 4470 3555 4528 voluntate
3576 4469 3734 4540 sopita
3750 4474 3834 4525 est.

2283 4570 2417 4628 Nam
2448 4571 2692 4626 Julianus
2724 4572 2775 4625 in
2807 4571 3000 4628 Persas
3030 4571 3324 4645 profectus,
3358 4582 3600 4629 nostrum
3628 4572 3721 4627 diis
3746 4570 3836 4623 suis

2283 4683 2407 4745 post
2444 4674 2728 4730 victoriam
2771 4675 3093 4745 sanguinem
3140 4683 3389 4741 voverat,
3437 4674 3529 4732 ubi
3566 4691 3598 4731 a
3638 4670 3835 4743 quodam

2280 4775 2532 4832 simulato
2558 4774 2778 4847 perfuga
2810 4775 2877 4831 ad
2899 4774 3113 4832 deserta
3142 4776 3454 4847 perductus,
3501 4791 3621 4831 cum
3648 4775 3774 4829 fama
3794 4776 3836 4823 et

2281 4879 2369 4936 siti
2413 4894 2662 4949 magnam
2707 4889 2918 4951 partem
2962 4878 3237 4937 exercitus
3266 4876 3612 4951 perdidisset,
3652 4874 3833 4934 occisus

2280 4988 2385 5037 est.
3284 5036 3291 5042 .

2352 5083 2628 5149 Jovuuus,
2658 5082 2903 5151 XXXIX,
2938 5091 3125 5155 regnat
3150 5097 3367 5142 menses
3398 5098 3476 5151 vr,
3508 5082 3639 5138 alias
3660 5092 3756 5134 t’tll.

2348 5183 2640 5242 JOVIANO
2672 5184 2757 5241 ET
2787 5184 3253 5241 VARRONIANO.

2346 5286 2597 5362 Synodus
2626 5302 2655 5343 a
2684 5287 2900 5344 Meletio
2932 5297 2986 5345 et
3014 5288 3125 5345 suis
3155 5287 3462 5345 Antiochia
3491 5288 3643 5357 facta,
3667 5283 3716 5341 in
3745 5290 3851 5375 quat

2276 5386 2573 5449 Bomousio
2615 5388 2985 5461 Anomzeoque
3022 5390 3248 5461 reiecto,
3298 5388 3539 5449 medium
3576 5389 3706 5445 inter
3733 5381 3832 5437 haec

2272 5572 2381 5629 alii.
2414 5571 2702 5628 Pontacus.

2344 5642 2377 5681 δ
2400 5644 2456 5719 [ῃ
2482 5642 3084 5719 Chronicollieronymi
3106 5687 3120 5711 ,
3140 5644 3425 5719 centesimo
3454 5643 3645 5719 quinto.

2349 5726 2369 5788 ς
2399 5713 2711 5788 Qhronicon
2735 5712 3045 5788 Hieronymi
3080 5714 3268 5788 addit,
3300 5724 3418 5768 ante
3443 5712 3723 5788 triennium.

2344 5784 2369 5822 τ’
2397 5786 2530 5858 Huic
2563 5788 2777 5843 codices
2798 5784 3051 5843 Chro'nici
3076 5785 3480 5858 Hieronyiniani
3504 5798 3685 5858 annum
3697 5784 3836 5830 eum

2272 5856 2491 5930 imperii
2518 5861 2797 5935 assignant
2809 5874 2931 5920 cum
2966 5858 3239 5917 mensibus
3262 5856 3394 5925 octo,
3418 5856 3627 5931 quidam
3646 5858 3835 5920 septa"-
