4006 6356
539 2969 576 2998 Γ-

540 3024 583 3044 ﬁ.

598 428 708 494 585

600 644 854 717 episcopo
901 643 1216 711 constituto,
1260 642 1439 701 omnis
1473 643 1540 700 ad
1593 644 1753 701 [idem
1794 653 1994 701 rectam
2039 645 2190 702 Italia

600 739 957 797 convertitur.

676 833 1055 905 Aquileienses
1092 834 1278 892 clerici
1328 834 1485 907 quasi
1530 834 1731 892 chorus
1772 836 2049 893 beatorum
2101 835 2195 891 ha-

603 924 822 983 bentur.

676 1019 1079 1077 Valentinianus
1131 1020 1310 1078 subita
1362 1021 1639 1092 sanguinis
1702 1023 2013 1093 eruptione,
2076 1037 2194 1092 qua:

603 1112 789 1169 Grzece
813 1112 1093 1182 ap0plexia
1119 1123 1364 1181 vocatur,
1395 1114 1687 1185 Brigitione
1714 1115 1962 1169 moritur.

674 1205 804 1261 Post
824 1220 984 1276 quem
1018 1205 1331 1262 GRA'I'IANUS
1372 1214 1649 1277 assumpto
1680 1207 1731 1261 in
1760 1207 2043 1277 imperium
2087 1205 2197 1261 Va-

605 1314 930 1357 Lnrtrimano
962 1300 1127 1356 fratre
1149 1316 1270 1357 cum
1299 1309 1493 1372 patruo
1519 1301 1745 1357 Valente
1767 1310 1973 1372 regnat.

678 1394 874 1450 Valens
919 1394 1092 1466 legem
1137 1395 1286 1452 dedit
1332 1405 1391 1452 ut
1432 1395 1677 1452 Monachi
1746 1397 2061 1464 militarent,
2092 1411 2191 1452 no-

604 1486 778 1543 lentes
810 1485 1039 1543 lustibus
1064 1495 1409 1543 necarentur.

678 1579 998 1636 VALENTE
1031 1580 1073 1634 V
1105 1580 1194 1636 ET
1226 1580 1759 1637 VALENTINIANO.

678 1672 939 1730 Photinus
969 1674 1021 1730 in
1071 1674 1278 1731 Galatia
1311 1677 1559 1743 moritur,
1592 1691 1619 1730 a
1663 1690 1770 1746 quo
1810 1675 2189 1731 Photinianum

606 1766 799 1838 dogma
838 1767 1135 1835 inductum,
1186 1768 1353 1824 Paulo
1390 1768 1743 1825 Samosateno
1784 1776 1839 1823 et
1871 1766 2188 1838 Artemone,

606 1860 675 1917 de
695 1860 886 1932 quibus
906 1876 1069 1933 supra
1087 1861 1289 1918 dictum
1311 1873 1413 1928 est,
1445 1872 1765 1933 conceptum
1796 1862 2125 1919 auctoribus.

676 1953 1025 2010 GRATIANO
1049 1954 1117 2010 IV
1147 1954 1237 2010 ET
1268 1954 1709 2011 MEROBAUDE.

680 2081 706 2110 ἰ
733 2072 861 2129 Mss.
890 2072 1044 2129 Colb.
1070 2074 1124 2137 5.
1151 2073 1352 2128 circiter
1374 2074 1594 2136 50,000.
1623 2073 1822 2129 Locum
1849 2089 1978 2130 vero
2005 2085 2184 2131 certa-

606 2143 766 2216 minis
793 2144 1190 2216 eruditissimus
1218 2144 1383 2199 Andr.
1419 2144 1676 2201 Schottus
1706 2155 1860 2214 putat
1888 2161 2009 2202 esse
2034 2147 2188 2216 oppi-

606 2214 733 2288 dum
762 2216 813 2269 in
843 2214 1038 2288 finibus
1060 2215 1707 2288 Lemovicensium,quod
1731 2214 2184 2288 Argentoirvulgo.

606 2286 716 2342 Sed
762 2286 1090 2357 probabilius
1128 2296 1275 2355 putat
1320 2285 1592 2342 Pontacus
1624 2302 1747 2342 esse
1796 2285 1986 2343 urbem
2029 2285 2187 2343 sitam

606 2372 767 2428 supra
801 2357 1072 2425 Rhenum,
1111 2356 1271 2428 vulgo
1310 2357 1662 2430 Strasbourg:
1701 2374 1818 2429 quae
1849 2359 1916 2413 ab
1956 2359 2192 2415 Eusebio

1477 479 1483 507 ,
1809 430 1867 489 s.
1906 422 2249 489 PROSPERI
2286 426 2617 499 AQUlTANl

587 554 594 566 '
669 549 801 606 Post
819 545 1070 604 Auxentii
1099 556 1272 605 seram
1301 554 1551 615 mortem,
1574 546 1863 605 Mediolani
1890 549 2175 606 Ambrosio
2203 552 2256 612 Α
2351 549 2768 606 Alemannorum
2814 546 2984 603 multa
3038 544 3201 603 millia
3246 557 3273 586 α

3762 432 3855 497 584⁷

3324 548 3468 620 apud
3514 547 3848 622 Argentariam

2301 643 2461 716 733
2482 644 2740 717 oppidum
2762 642 3057 700 Galliarum
3098 643 3167 699 ab
3194 644 3436 700 exercitu
3461 644 3695 703 Gratiani
3712 661 3845 708 casa.

2370 738 2513 794 Gens
2560 737 2877 795 Hunnorum
2921 736 3128 794 Gothos
3179 719 3516 811 vastat,'qui
3546 756 3579 795 a
3626 737 3866 801 Romanis‘

2300 828 2420 887 sine
2445 845 2717 888 armorum
2746 829 3090 902 depositione
3109 833 3349 903 suscepti
3370 832 3652 889 rebellant.

2375 923 2696 991 VALENTE
2734 924 2803 980 Vl
2841 923 2930 980 ET
2969 923 3491 983 VALENTINIANO
3530 926 3597 983 ll.

2372 1018 2651 1090 Superatis
2681 1019 2975 1089 Romanis,
3021 1019 3185 1077 Gothi
3226 1019 3525 1077 funduntur
3553 1021 3607 1077 in
3637 1020 3850 1083 Thracia.

2368 1111 2569 1168 Valens
2592 1112 2661 1167 de
2693 1112 2978 1169 Antiochia
3007 1114 3157 1169 exire
3191 1114 3501 1185 compulsus
3524 1155 3540 1183 ,
3578 1129 3698 1172 sera
3722 1116 3852 1191 735

2296 1208 2613 1280 poenitentia
2639 1217 2855 1265 nostros
2881 1208 2950 1264 de
2975 1208 3170 1265 exsilio
3197 1218 3438 1266 revocat.

2368 1300 2745 1373 Lacrymahile
2775 1300 2975 1357 bellum
3003 1302 3054 1356 in
3083 1300 3316 1358 Thracia
3343 1320 3357 1356 :
3391 1303 3444 1357 in
3467 1317 3575 1373 quo
3603 1302 3848 1361 deserente

2297 1397 2535 1467 equitum
2569 1395 2841 1466 prasidio,
2868 1395 3123 1452 Romanas
3149 1396 3391 1468 legiones
3425 1411 3598 1468 usque
3624 1397 3690 1453 ad
3715 1397 3847 1453 inter-

2299 1490 2581 1545 necionem
2630 1504 2660 1544 a
2690 1488 2882 1546 Gothis
2919 1504 3079 1547 caesae
3112 1496 3258 1546 sunt.
3304 1489 3425 1561 lpse
3474 1498 3653 1546 autem
3692 1489 3846 1547 Valens

2294 1598 2417 1638 cum
2440 1583 2630 1655 sagitta
2663 1583 2877 1639 saucius
2905 1583 3135 1655 (ngeret,
3183 1594 3239 1639 et
3264 1583 3335 1639 ob
3361 1582 3610 1639 dolorem
3652 1582 3839 1639 nimium

2294 1689 2441 1746 saepe
2475 1690 2617 1745 equo
2656 1674 2948 1743 laberetur,
2988 1675 3057 1731 ad
3086 1674 3369 1744 cujusdam
3398 1675 3541 1731 villae
3576 1689 3741 1731 casam
3764 1667 3868 1730 ἀεῖ

2293 1778 2540 1841 portatus
2564 1776 2669 1826 est.
2716 1768 2835 1837 Quo
2870 1770 3318 1841 persequentibus
3350 1768 3627 1837 barbaris,
3667 1768 3845 1825 incensa

2298 1876 2422 1918 cum
2451 1861 2644 1919 eodem
2671 1861 2856 1930 domo,
2881 1862 3156 1934 sepultura
3184 1875 3399 1933 quoque
3426 1861 3621 1918 caruit.

2297 2076 2439 2148 circa
2491 2075 2857 2148 Olympiadem
2894 2073 3001 2129 284
3040 2081 3269 2148 vocatur
3313 2074 3714 2148 Argentoratum,
3743 2072 3843 2148 duri

2298 2147 2367 2202 de
2396 2143 2566 2203 simili
2587 2143 3008 2203 Alemannorum
3040 2147 3189 2201 crede
3233 2146 3289 2199 lit
3332 2143 3556 2211 mentio,
3588 2152 3709 2199 utet
3732 2143 3845 2213 apud

2299 2218 2433 2274 Mar.
2466 2218 2569 2274 hoc
2600 2219 2740 2274 loco.
2776 2217 2907 2273 Nam
2947 2233 3070 2272 raro
3101 2225 3194 2272 aut
3220 2218 3311 2271 vix
3348 2230 3572 2286 usquam
3599 2216 3843 2286 constabit,

2301 2289 2630 2345 Alemannos
2679 2298 2923 2359 tempore
2975 2289 3218 2359 priorum
3262 2285 3641 2358 imperatorum
3687 2285 3845 2342 Lento.

2308 2361 2457 2415 vicos
2486 2376 2657 2433 usque
2682 2362 2963 2431 irrupisse.

1681 2555 1826 2671 Β.
1903 2555 2834 2677 Ριωειιειιι

2096 2731 2382 2794 AQUITAN
2386 2733 2407 2785 Ι

1054 2850 2283 3003 CHRONICUM
2382 2856 2585 3001 IN
2593 2849 3441 3007 TEGRUM

1614 3065 2031 3173 PﬂRS
2108 3066 2295 3173 SE
2309 3068 2401 3171 C
2418 3068 2619 3174 ΠΝ
2626 3069 2827 3175 DA
2841 3151 2865 3175 .

667 3230 712 3284 Α
758 3227 976 3282 ΜΟΗΤΕ
1026 3226 1341 3281 VALENTIS
1392 3229 1825 3282 IMPERATORIS
1919 3229 2129 3289 USQUE
2179 3230 2267 3280 AD
2320 3230 2566 3281 OBlTUM
2619 3229 3074 3283 VALENTINIANI
3118 3231 3331 3283 TERTII
3376 3230 3457 3284 ET
3501 3229 3712 3283 ROIAM
3762 3230 3802 3284 Δ

1931 3312 2251 3363 VANDALIS
2295 3312 2567 3362 CAPTAM.

674 3466 960 3537 Hucusque
992 3464 1349 3536 Hieronymus
1393 3463 1673 3535 presbyter
1714 3461 1959 3519 ordinem
1990 3479 2192 3534 praace-
2221 3468 2270 3529 B
2370 3460 2711 3532 Longobardi
2741 3463 2807 3519 ab
2835 3464 3093 3520 extremis
3123 3464 3428 3522 Germania
3456 3465 3668 3533 finibus,
3704 3464 3845 3521 Ocean

602 3557 844 3617 dentium
872 3557 1099 3628 digessit
1127 3570 1412 3612 annorum.
1451 3555 1560 3611 Nos
1587 3570 1708 3626 quae
1746 3563 2036 3613 consecuta
2064 3564 2189 3613 sunt

601 3650 835 3723 adjicere
861 3649 1189 3707 curavimus.

670 3742 835 3816 Igitur
878 3742 1106 3799 Valente
1146 3758 1177 3796 a
1219 3740 1410 3797 Gothis
1454 3741 1506 3796 in
1536 3739 1765 3796 Thracia
1815 3749 2184 3812 coneremato,

601 3834 910 3892 GRA'I‘IANUS
939 3850 1060 3890 cum
1088 3834 1252 3889 fratre
1293 3832 1719 3901 VALENTINIANO,
1759 3832 1899 3905 XLI,
1941 3835 2190 3906 regnavit

600 3930 757 3985 annis
787 3945 860 3983 vr.

673 4020 967 4079 AUSONIO
1006 4022 1094 4077 ET
1131 4020 1428 4077 OLYBRIO
1472 4021 1665 4080 COSS.
1699 4032 1723 4061 ⁸

673 4111 958 4168 Gratianus
983 4121 1105 4182 post
1132 4122 1359 4168 mortem
1390 4115 1587 4182 patrui,
1615 4114 1979 4173 Theodosium
2011 4117 2187 4176 Theo-

600 4201 738 4260 dosii
768 4202 936 4259 tilium
966 4206 1019 4259 in
1043 4206 1377 4261 consortium
1407 4208 1633 4263 assumit
1659 4209 1903 4280 imperii,
1933 4213 2061 4269 etei
2103 4228 2188 4269 re-

600 4310 765 4365 gnum
795 4295 958 4351 tradit
984 4295 1243 4352 Orientis.

673 4385 700 4424 ι’
724 4386 1058 4444 Theodosius
1085 4403 1295 4444 summa
1318 4389 1573 4447 felicitate
1601 4392 1787 4450 multis
1810 4404 1970 4466 atque
1995 4399 2185 4468 ingen-

603 4478 745 4534 \ibus
773 4480 970 4551 prreliis
992 4481 1199 4538 Gothos
1226 4492 1443 4554 superat
1470 4491 1525 4539 et
1550 4502 1581 4542 e
1608 4483 1839 4542 Thracia
1864 4490 2108 4560 expellit.

674 4604 698 4631 ⁸
721 4594 820 4651 Ms.
849 4596 1025 4662 Colb.,
1060 4595 1322 4655 Musonio.
1367 4601 1696 4659 Restituerat
1721 4604 1949 4659 Ausonio
1977 4607 2178 4662 Ponta.

600 4681 777 4744 cusnex
802 4668 1271 4744 mss._(_l_uspiniano
1292 4673 1342 4725 in
1361 4673 1603 4729 Cassiod.
1629 4690 1746 4744 pag.
1774 4677 1898 4740 515,
1920 4686 1974 4732 et
1995 4678 2181 4736 Vasaao

599 4738 653 4793 in
685 4737 885 4793 Chron.
911 4738 1156 4810 illispan.
1192 4757 1311 4810 pag.
1345 4744 1469 4799 527.
1507 4737 1955 4803 Nec'liallticinari
1996 4753 2177 4806 existi-

600 4818 712 4863 mat
740 4809 1034 4889 .iosephuni
1055 4811 1385 4889 Scaligernin
1411 4826 1463 4869 et
1489 4817 1821 4889 Onuphrium
1851 4818 2174 4889 Panvinum,

599 4894 719 4935 cum
754 4880 991 4936 indicant
1020 4881 1162 4937 hunc
1186 4882 1481 4941 Ausonium
1512 4880 1632 4942 esse
1653 4888 1950 4945 Ausonium
1981 4880 2177 4948 Burdil

600 4951 871 5027 galensem
903 4961 1114 5027 poetam
1150 4953 1412 5027 insignem
1441 4975 1456 5013 ε
1488 4959 1633 5027 quod
1676 4960 2073 5017 demonstratur
2112 4980 2176 5019 ex

598 5022 718 5088 ipso
747 5024 985 5079 Ausonio
1032 5038 1152 5079 cum
1197 5022 1276 5079 de
1293 5040 1390 5081 suo
1429 5022 1704 5083 consulatu
1752 5033 1993 5088 scribens
2040 5035 2179 5090 inter

598 5090 1018 5166 Epigrammata,
1067 5095 1331 5166 signiﬁcat
1375 5113 1496 5153 eum
1532 5099 1782 5156 incidisse
1823 5104 1873 5157 in
1917 5119 2114 5160 annum
2146 5109 2181 5163 5

594 5163 917 5235 Olympiadis
936 5166 1063 5223 289.

669 5236 1015 5314 [Sequenda
1042 5252 1211 5308 usque
1237 5237 1620 5314 ad_articulum
1656 5244 1745 5311 qui
1776 5244 1963 5314 incipit
1990 5249 2056 5305 ab
2096 5248 2178 5305 his

595 5308 775 5378 verbis
804 5307 883 5363 Ea
922 5307 1234 5378 tempestate,
1276 5312 1471 5366 absunt
1512 5313 1578 5366 ab
1622 5307 1858 5369 editione
1888 5307 2085 5375 Labbei
2127 5330 2180 5375 et

599 5392 705 5458 nis.
734 5375 892 5458 Golb.
918 5394 982 5435 ac
1022 5375 1161 5437 edita
1194 5382 1440 5458 leguntur
1485 5384 1623 5453 apud
1647 5384 1956 5458 _P9ntacum
1988 5391 2180 5458 chara:

596 5448 993 5524 ctere_ltaiic_o,
1015 5467 1133 5524 _quo
1162 5448 1375 5523 vulgato
1411 5448 1659 5524 Prosperi
1696 5456 1966 5514 Chronico
1995 5452 2175 5517 addita

596 5521 770 5604 notari
793 5520 980 5604 voluit.
1014 5520 1285 5604 Habentur
1314 5526 1475 5581 etiam
1513 5520 1565 5580 in
1597 5525 1831 5584 editione
1874 5530 2044 5604 Lugd.
2079 5534 2175 5587 Bi-

596 5588 787 5647 blioth.
819 5589 1035 5646 Patrum
1067 5593 1223 5650 1677.

673 5673 695 5700 ε
728 5660 1095 5740 Emendamus
1114 5680 1216 5740 pro
1231 5667 1292 5721 de
1313 5666 1541 5737 Galatia,
1564 5670 1706 5740 quod
1732 5670 1975 5729 Labbeus
2004 5686 2057 5731 et
2084 5675 2172 5731 Bi-

596 5733 798 5816 Ιριίοιὴ.Δ
820 5732 1037 5789 Patrum
1075 5732 1537 5816 Lugdun._1677;'
1571 5732 1663 5795 aut
1693 5743 1756 5795 de
1786 5741 1969 5800 Galliis
1988 5788 2001 5811 ,
2029 5747 2170 5816 quod

596 5806 939 5889 Augustanus
985 5820 1084 5889 ms.
1142 5810 1507 5889 sucioritatel
1551 5820 1607 5867 et
1660 5816 1959 5889 rationibus
1988 5806 2168 5873 'ill'ust.

599 5876 824 5953 {emaci
856 5878 909 5931 in
941 5879 1082 5933 notis
1116 5877 1182 5934 ad
1216 5879 1441 5953 ‘Cbron.
1474 5883 1745 5953 Prosperi.
1798 5887 1928 5941 Cum
1959 5899 2171 5946 constet

598 5944 991 6009 Priscillianum
1042 5963 1148 6007 non
1205 5949 1443 6008 Galatam
1492 5944 1680 6026 fuisse,
1709 5972 1775 6015 ex
1824 5958 1917 6015 illa
1964 5944 2172 6019 scilicet

2292 3556 2458 3626 nique
2502 3556 2745 3625 protinus
2806 3554 3010 3623 littore,
3060 3556 3400 3629 Scandiaque
3450 3558 3643 3624 insula,
3684 3572 3845 3629 magna

2292 3649 2638 3707 multitudine
2667 3650 2890 3719 egressi,
2931 3659 2985 3705 et
3025 3664 3286 3707 novarum
3325 3651 3534 3708 aedium
3564 3650 3719 3722 avidi,
3744 3650 3844 3706 Ibo-

2294 3758 2388 3800 rea
2410 3750 2466 3798 et
2495 3741 2666 3798 Aione
2687 3741 2916 3799 ducibus
2946 3743 3213 3799 Vandalos
3246 3744 3476 3815 primum
3505 3747 3759 3801 vicerunt.

2366 3838 2717 3907 Sempronius
2747 3838 2828 3892 vir
2852 3838 3093 3909 apprime
3116 3838 3360 3895 eruditus
3389 3840 3708 3911 agnoscitur.

2366 3930 2445 3986 Ea
2476 3938 2796 4001 tempestate
2834 3929 3204 3988 Priscillianus
3232 3931 3523 4003 episcopus
3554 3942 3577 3971 ο
3602 3931 3667 3988 de
3694 3929 3845 3987 Galle-

2295 4026 2401 4093 cia,
2434 4039 2497 4080 ex
2520 4023 2937 4080 Manichaeorum
2964 4032 3023 4081 et
3046 4024 3427 4081 Gnosticorum
3456 4024 3724 4097 dogmate,
3752 4022 3843 4078 ha:-

2296 4121 2460 4177 resim
2492 4120 2724 4176 nominis
2749 4119 2833 4176 sui
2862 4118 3121 4175 condidit.

2367 4213 2722 4271 GRATIANO
2766 4211 2806 4269 V
2852 4213 2942 4269 ET
2973 4212 3356 4271 THEODOSIO
3381 4211 3572 4271 COSS.

2364 4309 2391 4349 ά
2422 4312 2528 4367 Pro
2567 4310 2833 4367 catholica
2871 4311 2977 4368 ﬁde
3021 4311 3191 4367 multa
3230 4311 3536 4369 sublimiter
3565 4305 3844 4367 Ambrosius

2292 4403 2499 4460 scribit.

2368 4508 2391 4535 ο
2419 4497 2757 4555 Theodosius
2802 4512 2924 4555 cum
2968 4496 3368 4555 Thessalonica:
3411 4504 3712 4568 aegrotaret,
3749 4490 3845 4548 ‘ab

2286 4613 2493 4686 Galatia
2526 4616 2746 4686 regione
2773 4616 2916 4671 Asia:
2946 4614 3013 4670 ad
3050 4614 3280 4686 Pontum
3322 4615 3621 4684 Euxinum,
3647 4628 3748 4686 iam
3778 4624 3834 4666 ex

2286 4684 2620 4757 Hieronymo
2652 4688 2813 4757 epist.
2846 4687 2937 4754 66,
2960 4685 3166 4758 lsidoro
3197 4687 3254 4758 in
3280 4687 3631 4758 Etymologiis
3653 4685 3737 4758 lib.
3766 4696 3842 4758 vni

2285 4770 2408 4825 cap.
2440 4754 2507 4825 6,‘
2528 4767 2589 4829 et
2612 4754 2910 4829 Augustino
2939 4757 3007 4813 de
3036 4754 3365 4829 Haeresibusl
3397 4754 3555 4825 Quod
3578 4756 3727 4812 fuerit
3747 4754 3843 4824 epi-

2286 4840 2495 4899 scopus
2529 4828 2820 4897 Hispaniae,
2867 4836 3013 4898 patet
3058 4843 3122 4882 ex
3165 4828 3403 4899 Sulpicio
3448 4830 3665 4895 Severo,
3705 4835 3754 4881 et
3786 4840 3843 4880 ex

2284 4897 2404 4971 ipso
2435 4898 2663 4954 Hieron.
2691 4899 2828 4954 libro
2858 4897 2927 4955 de
2956 4899 3152 4967 Script.
3209 4897 3446 4971 Eccles.,
3479 4902 3567 4971 qui
3613 4904 3844 4971 testantur

2284 4966 2460 5041 ipsum
2490 4971 2656 5025 fuisse
2698 4972 3009 5041 episcopum
3042 4966 3222 5041 A’oilw,
3252 4970 3413 5025 hodie
3434 4966 3614 5036 Auito;
3635 4979 3687 5026 et
3705 4966 3839 5023 Joan.

2284 5039 2557 5111 Marianas
2586 5041 2683 5095 lib.
2712 5039 2765 5095 iv
2803 5039 2922 5111 cap.
2955 5039 3048 5104 20,
3078 5040 3147 5095 de
3174 5040 3355 5096 Rebus
3398 5042 3683 5109 Hispaniae,
3708 5045 3845 5093 vocat

2285 5110 2679 5165 Priscillianum
2728 5110 3000 5181 prwsitlem
3028 5110 3352 5167 Abulensem.
3387 5111 3541 5168 Unde
3568 5119 3705 5181 patet
3740 5124 3845 5162 cor-

2285 5191 2443 5255 rupte
2479 5182 2585 5255 legi
2610 5183 2769 5255 apud
2810 5182 3103 5252 Sulpicium
3141 5184 3412 5255 inioppido
3450 5182 3730 5255 Labiknsi,
3758 5192 3844 5248 pro

2284 5252 2710 5308 Abilensiﬁldem
2744 5255 2873 5308 alias
2902 5262 3155 5322 corrupte
3186 5252 3487 5320 dicebatur,
3521 5254 3843 5322 Priscianus;

2282 5325 2424 5393 quod
2449 5332 2751 5380 correctum
2778 5328 2910 5393 jam,
2937 5336 2990 5382 et
3015 5317 3081 5380 ei
3109 5339 3242 5380 mss.
3267 5324 3421 5381 Colb.
3446 5317 3652 5382 duobus
3669 5317 3845 5389 corrigi

2282 5395 2534 5466 debuisse
2563 5398 2895 5466 agnoscitur.

2351 5463 2377 5502 ά
2402 5466 2501 5522 Ms.
2537 5463 2674 5521 unus
2696 5468 2851 5522 Colb.
2880 5477 2933 5522 et
2959 5467 3320 5534 Augustanus,
3342 5467 3639 5523 Ambrosius
3666 5466 3845 5534 episeo-

2280 5552 2387 5617 pus.
2412 5553 2505 5617 pro
2541 5539 2808 5617 catholica.
2822 5539 2926 5608 ﬁde
2953 5537 3118 5592 multa
3151 5539 3433 5593 sublimiter
3458 5540 3674 5611 scripsit.
3697 5536 3841 5592 Pont.

2280 5611 2481 5680 omittit
2510 5624 2694 5680 vocem
2728 5611 3017 5680 episcopus.
3462 5640 3469 5647 -

2356 5678 2505 5752 {Hic
2535 5673 2793 5752 articulus
2815 5673 2933 5735 cum
2965 5681 3178 5737 duobus
3203 5683 3552 5752 sequentibus
3583 5682 3761 5736 absunt
3782 5673 3843 5752 ab

2279 5747 2516 5823 editione
2548 5749 2850 5823 Labbciflet
2873 5766 3005 5823 mss.
3030 5745 3341 5823 Augustano
3370 5762 3426 5809 et
3443 5752 3617 5821 Colb.,
3645 5760 3695 5807 et
3716 5745 3843 5820 apud

2277 5820 2575 5891 Pontacnm
2608 5836 2706 5891 pro
2733 5821 2929 5876 additis
2962 5820 3249 5879 habentur.

2358 5888 2391 5968 ‘_
2426 5888 2679 5968 Aliasfa
2738 5891 2955 5946 Basilio.
3004 5893 3136 5960 Quae
3190 5895 3351 5968 lectio
3405 5898 3505 5968 (ex
3541 5897 3768 5952 Pontaco
3798 5890 3843 5968 in

2280 5962 2443 6033 notis)
2476 5980 2582 6022 non
2610 5972 2821 6036 poterat
2841 5973 3094 6026 constare
3120 5981 3241 6027 cum
3280 5967 3347 6028 iis
3382 5962 3505 6041 quae
3532 5969 3768 6038 leguntur
3797 5963 3844 6024 in
