4006 6356
221 407 326 466 895

223 528 479 593 expertus
515 525 682 588 esset.
723 519 977 580 celeriter
1002 532 1064 577 se
1090 517 1159 574 ad
1187 523 1403 588 portum
1439 515 1615 581 urbis,
1655 521 1816 585 atque
1843 517 1895 577 Α
1992 515 2277 574 Patroclus
2299 519 2637 578 Arelatensis
2658 523 2950 595 episcopus
2981 539 3013 579 a
3037 524 3256 582 tribuno
3282 527 3516 596 quodam

223 613 347 672 inde
371 613 441 670 ad
467 611 705 671 Africam
738 614 1040 685 proripuit,
1086 610 1251 682 idque
1279 607 1590 680 reipublicae
1621 605 1823 662 multo-

230 723 349 764 rum
382 707 630 762 laborum
657 708 870 763 initium
904 707 1021 762 fuit.

291 797 682 856 MARINIANO
727 798 814 856 ΕΤ
851 793 1371 856 ASCLEPIODOTO
1406 791 1599 852 COSS.

289 889 536 945 Placidia
570 893 810 960 Augusta
833 907 861 944 a
884 891 1051 946 fratre
1079 887 1318 944 Honorio
1341 887 1518 956 pulsa,
1547 885 1613 940 ad
1640 886 1828 943 Orien-

226 989 332 1038 tem
370 997 495 1036 cum
523 981 758 1038 llonorio
791 991 848 1040 et
872 981 1249 1038 Valentiniano
1287 978 1411 1034 ﬁliis
1440 978 1824 1046 proﬁciscitur.

291 1073 677 1142 Canusinus,
709 1073 846 1142 XLI,
873 1075 1127 1130 Romana
1152 1072 1405 1128 Ecclesia:
1434 1072 1690 1142 praesidet
1706 1072 1828 1141 epi-

230 1182 432 1239 scapus
461 1169 618 1223 annis
644 1183 698 1224 ιι
733 1179 780 1222 ⁸.

292 1258 325 1300 ³
365 1259 847 1332 Langobardorum
874 1258 950 1316 XI
990 1259 1235 1331 regnavit
1260 1257 1541 1314 Lamissus
1580 1256 1831 1311 meretri-

228 1353 305 1410 cis
337 1351 486 1408 illius
503 1352 657 1408 annis
679 1367 762 1407 ιιι.

298 1446 576 1502 llonorius
601 1446 855 1511 moritur,
875 1455 930 1502 et
950 1461 1177 1516 regnum
1200 1445 1318 1516 ejus
1340 1444 1581 1499 Joannes
1605 1451 1832 1513 occupat

230 1540 587 1607 connivente,
603 1548 663 1594 ut
680 1539 992 1609 putabatur,
1007 1538 1251 1605 Castiuo,
1266 1538 1357 1609 qui
1377 1537 1639 1593 exercitui
1662 1533 1833 1606 magi-

232 1643 350 1690 ster
383 1633 617 1688 militum
650 1629 884 1702 praefuit.

303 1735 328 1764 σ
363 1723 728 1786 Τηυιιοειω,
788 1721 970 1790 XLVI,
999 1721 1303 1778 Romanum
1355 1721 1641 1789 imperium
1686 1727 1836 1776 tenet

231 1819 396 1874 annis
419 1833 556 1872 xxx.

298 1907 601 1967 CASTINO
636 1906 726 1963 ΕΤ
746 1903 774 1946 ἀ
802 1904 1102 1962 VICTORE
1141 1903 1336 1962 COSS.

298 2006 650 2064 Theodosius
671 2003 1102 2060 Valentinianum
1126 2003 1307 2057 amita:
1327 2016 1443 2057 suae
1467 2001 1633 2055 lilium
1656 1998 1836 2054 Caesa-

235 2114 352 2156 rem
390 2096 544 2162 facit,
574 2107 628 2152 et
656 2111 778 2152 cum
808 2098 1053 2166 Augusta
1096 2105 1268 2149 matre
1299 2103 1323 2131 ο
1345 2107 1442 2147 sua
1475 2093 1542 2146 ad
1575 2089 1840 2160 recipien-

232 2193 365 2248 dum
387 2190 725 2246 occidentale
748 2188 914 2242 mittit
935 2188 1218 2257 imperium
1242 2205 1255 2242 ε
1275 2203 1388 2258 quo
1416 2197 1660 2255 tempore
1681 2185 1842 2242 Joan-

235 2298 360 2353 nes,
389 2283 520 2338 dum
550 2282 808 2348 Africam,
839 2297 1000 2352 quam
1023 2281 1334 2336 Bonifacius
1362 2280 1667 2343 obtinebat,
1696 2277 1838 2335 bello

240 2375 509 2444 reposcit.
543 2374 607 2427 ad
633 2373 1004 2429 defensionem
1034 2373 1112 2427 sui
1145 2373 1407 2428 infirmior
1433 2375 1602 2428 lactus
1627 2381 1730 2427 est.

303 2465 699 2523 THEODOSIU
740 2464 832 2522 XII
867 2465 953 2520 ΕΤ
1002 2465 1517 2521 VALENTINIANU
1550 2464 1570 2503 ί
1603 2463 1793 2521 COSS.

310 2557 560 2614 Placidia
593 2558 856 2628 Augusta,
879 2568 935 2613 et
957 2557 1367 2612 Valentinianus
1389 2555 1571 2612 Caesar
1596 2557 1730 2612 mira
1754 2555 1836 2612 fe-

234 2653 451 2710 licitate
498 2651 762 2708 Joannem
807 2663 1094 2724 tyrannum
1141 2652 1475 2723 opprimunt,
1515 2662 1568 2706 et
1612 2665 1837 2721 regnum

240 2747 488 2802 victores
533 2744 820 2814 recipiunt,
871 2744 995 2799 data
1035 2745 1194 2800 venia
1238 2745 1426 2806 Aetio,
1467 2744 1612 2814 quod
1659 2743 1838 2798 llunni

236 2853 383 2908 quos
413 2853 516 2908 per
541 2839 714 2906 ipsum
743 2837 978 2894 Joannes
1009 2847 1035 2885 α
1061 2837 1350 2903 acciverat,
1385 2836 1625 2904 ejusdem
1661 2835 1840 2890 studio

237 2931 308 2986 ad
333 2928 555 3000 propria
578 2929 785 2986 reversi
809 2937 954 2984 sunt.
981 2926 1009 2966 ιι
1031 2928 1283 2984 Castinus
1305 2936 1483 2981 autem
1510 2927 1564 2981 in
1588 2925 1838 2981 exsilium

238 3032 403 3077 actus
431 3029 556 3077 est:
587 3023 712 3092 quia
743 3021 1030 3076 videbatur
1058 3019 1319 3076 Joannem
1352 3019 1468 3074 sine
1498 3017 1841 3074 conniventia

238 3113 420 3184 ipsius
449 3127 675 3183 regnum
705 3129 810 3168 non
841 3114 1082 3184 potuisse
1113 3127 1413 3168 assumere.

317 3203 734 3260 Valentinianus
759 3203 980 3261 decreto
1000 3202 1296 3260 Theodosii
1317 3203 1591 3273 Augustus
1607 3201 1843 3274 appella-

239 3303 357 3352 tur.
1859 3304 1906 3367 C

320 3390 340 3425 ⁸
387 3386 584 3443 Arelas
610 3387 792 3444 nobile
813 3387 1070 3459 oppidum
1107 3387 1398 3443 Galliarum
1417 3400 1445 3438 a
1468 3383 1631 3457 75.3
1652 3383 1845 3440 Gothis

239 3481 423 3538 multa
458 3482 510 3534 vi
539 3490 905 3551 oppugnatum
953 3490 1060 3547 est,
1108 3478 1283 3535 donec
1321 3478 1639 3532 imminente
1686 3476 1842 3532 Aetio

237 3589 360 3631 non
395 3573 645 3642 impuniti
676 3573 1041 3630 discederent.

315 3633 712 3723 τιιεὸιιυειο
741 3666 836 3722 Xll
867 3666 956 3722 ET
987 3663 1496 3723 VALENTINIANO
1529 3663 1544 3714 i
1581 3663 1624 3718 ll
1655 3633 1840 3720 COSS.

291 3792 351 3822 σι
384 3783 513 3837 llas.
545 3780 700 3837 Colb.
722 3793 775 3835 et
797 3783 1046 3846 August.
1077 3782 1325 3837 Romanis
1357 3778 1604 3833 Ecclesia:
1634 3778 1698 3833 ιι
1738 3778 1852 3848 epi-

239 3865 509 3926 copatsnn
550 3855 770 3926 suscepit
815 3854 1119 3926 Calatinus
1173 3853 1318 3926 annis
1370 3855 1424 3905 9.
1473 3850 1620 3926 Unus
1675 3850 1848 3913 addit,

241 3923 424 3980 mens.
454 3923 542 3986 10,
569 3923 750 3978 diebus
782 3926 869 3989 l7,
898 3934 955 3978 ut
977 3925 1030 3978 in
1055 3924 1262 3978 Chron.
1293 3923 1534 3977 l’ontaci.

317 4003 354 4044 δ
399 4004 585 4059 Monet
615 4005 882 4059 Pontacus
906 4005 956 4057 in
984 4005 1122 4056 notis
1151 4003 1266 4057 ha-c
1290 4001 1581 4057 desiderari
1614 4002 1666 4054 in
1713 4014 1845 4054 mss.

235 4075 676 4146 plorilius(non
731 4076 978 4142 leguntur
1025 4076 1188 4129 etiam
1229 4077 1278 4146 in
1310 4074 1520 4127 duobus
1538 4069 1744 4146 Colb.)
1794 4081 1849 4125 et

237 4143 610 4217 quacumque
655 4149 708 4200 in
759 4149 857 4201 hoc
903 4145 1172 4217 Chronico
1223 4144 1472 4217 dicuntur
1520 4143 1590 4217 de
1636 4143 1846 4210 Longo-

241 4215 470 4279 hardis,
498 4217 665 4272 videri
695 4225 938 4286 tempore
973 4216 1292 4286 posteriora,
1316 4227 1367 4268 et
1390 4215 1606 4268 aliunde
1634 4224 1812 4286 asSuta
1831 4255 1846 4277 ,

239 4301 306 4343 ut
340 4304 413 4344 ex
437 4287 674 4343 Diacono
713 4283 857 4342 libi!
884 4288 949 4341 de
976 4283 1357 4353 Longobanlis
1393 4300 1511 4352 cap.
1565 4286 1630 4339 lt)
1658 4293 1712 4337 et
1750 4283 1848 4347 ll,

239 4359 349 4482 rbi
391 4357 692 4482 geminum
729 4359 816 4414 hic
858 4367 1223 4428 nuncupatuttt
1274 4355 1644 4409 Lamissionem
1665 4354 1849 4424 appel-

261 4438 353 4482 τι.
433 4439 613 4482 ontac.

240 4433 353 4485 lat.
392 4433 613 4484 Pontac.

327 4520 358 4548 ⁸
403 4509 501 4564 Ms.
549 4510 705 4564 Colb.
753 4523 896 4565 unus
935 4517 989 4564 et
1026 4506 1228 4563 Chron.
1264 4505 1447 4573 Pont.,
1502 4506 1856 4560 Romanorum

239 4595 412 4642 ιινι,
441 4579 763 4636 Theodosius
793 4581 1022 4651 regnavit
1051 4578 1204 4632 annis
1234 4579 1326 4634 50.

323 4656 362 4697 ιι
403 4659 456 4712 In
497 4660 775 4716 codicibus
801 4659 1074 4715 nonnullis
1109 4657 1397 4723 Victorino,
1427 4672 1492 4712 ex
1523 4657 1717 4727 quibus
1745 4671 1849 4711 ms.

239 4728 423 4785 Colb.
452 4747 613 4786 unus.

331 4819 362 4846 ο
404 4809 577 4866 Abest
619 4825 724 4866 vox
775 4809 890 4865 haec
912 4825 1008 4865 sua
1033 4824 1061 4864 a
1093 4823 1196 4863 ms.
1232 4807 1388 4864 Colb.
1412 4823 1518 4863 uno
1539 4815 1595 4862 et
1625 4808 1852 4878 August.

239 4889 308 4935 et
340 4894 379 4934 a
415 4881 613 4936 Labbei
638 4880 927 4938 Cbronico.

338 4956 364 4996 ί
410 4960 657 5026 Quidam,
698 4961 838 5015 inter
865 4974 1001 5028 quos
1023 4959 1158 5014 Lab.
1196 4957 1398 5013 addunt
1425 4955 1647 5022 Carere,
1673 4965 1733 5012 ut
1762 4956 1856 5012 ha-

240 5029 402 5086 bent
429 5045 619 5086 omnes
649 5029 826 5094 Fasti.
859 5029 1204 5086 Marcellinus
1230 5041 1286 5084 et
1314 5028 1562 5084 Cassiod.
1594 5029 1747 5082 Pont.

333 5118 373 5158 σ
411 5110 509 5164 Ms.
535 5109 691 5165 Colb.
718 5124 873 5175 unus,
906 5119 1191 5181 acceperat.

330 5187 376 5229 ιι
411 5190 510 5246 Hic
535 5191 819 5254 articulus,
850 5190 953 5244 etsi
980 5204 1087 5242 non
1122 5188 1327 5256 legatur
1353 5188 1408 5240 in
1442 5185 1626 5256 multis
1650 5182 1856 5239 codici-

240 5263 400 5328 bus,
441 5271 496 5314 et
535 5277 632 5330 pro
659 5259 910 5314 addititiu
963 5255 1240 5330 reputetur
1267 5258 1320 5312 in
1354 5256 1561 5330 Chron.
1593 5255 1813 5330 Pontaci
1841 5297 1856 5322 ,

241 5325 518 5387 ﬁrmatur
537 5325 729 5386 tamen
762 5325 1068 5386 testimonio
1104 5329 1323 5384 Diaconi
1354 5329 1450 5382 lib.
1495 5341 1570 5390 tv,
1617 5335 1670 5380 et
1718 5325 1860 5380 idem

237 5412 489 5457 constat
515 5417 583 5458 ex
609 5401 769 5470 epist.
804 5401 872 5457 10
899 5402 952 5455 in
978 5400 1276 5470 appendtce
1301 5396 1608 5470 Augustini.
1655 5395 1730 5453 Ad
1775 5411 1864 5451 su-

239 5472 544 5544 periorem
567 5468 748 5528 tamen
768 5468 1102 5526 consulatum
1120 5468 1310 5524 referri
1332 5472 1445 5522 vult
1470 5469 1632 5522 idem.

347 5552 372 5588 ⁸
420 5551 739 5607 Emendavit
756 5551 892 5606 Lah.
917 5558 1039 5621 post
1056 5549 1215 5604 Pont.
1237 5548 1440 5621 Chron.
1465 5545 1863 5621 proArcltillas.

239 5621 439 5691 Quod
459 5623 622 5678 etiam
650 5617 936 5691 legendum
961 5630 1171 5674 notarat
1200 5619 1264 5673 ad
1288 5633 1436 5691 oratu
1463 5617 1864 5691 librisuillen.

239 5687 345 5748 Ca
358 5693 551 5748 nisius.
571 5687 810 5748 Lecti—oni
830 5701 1029 5747 nostra:
1045 5691 1366 5758 sulfragatur
1385 5688 1575 5743 Isidor.
1597 5689 1647 5741 in
1662 5687 1866 5758 Chron.

242 5762 450 5823 Gnsb.
483 5762 857 5825 Theodericus,
890 5763 1064 5832 inquit
1090 5757 1233 5831 (rex
1251 5759 1549 5823 Gothorum
1572 5760 1591 5828 )
1613 5757 1868 5832 Arelatem

241 5832 658 5890 nobilissimum
703 5827 1180 5904 Oppidum-Gellio:
1218 5832 1446 5904 obsidet,
1480 5847 1510 5880 n
1538 5827 1686 5904 cujus
1735 5827 1870 5904 obsi-

1435 401 1845 461 CHRONICUM
1884 402 2265 462 INTEGRUM.

3412 407 3518 468 sas
3551 375 3616 495 ,χ

3577 649 3622 680 ξ),

1928 700 2138 758 facinus
2165 704 2232 757 ad
2258 705 2522 761 occultam
2550 708 2846 776 jussioncm
2879 708 3074 764 Felicis
3104 711 3343 781 magistri
3375 712 3518 765 niili-

1929 801 2042 847 tum
2075 793 2414 850 referebatur
2450 796 2602 867 cujus
2643 798 2878 865 impulsu
2906 796 2932 836 ¹ι
2959 800 3198 855 creditus
3245 813 3326 855 est
3355 802 3515 856 etiam

1931 885 2086 942 Titus
2110 886 2370 944 diaconus
2395 889 2478 944 vir
2499 900 2720 944 sanctus
2753 890 2942 948 Romae
2965 893 3220 962 pecunias
3259 894 3518 962 pauperi-

1930 977 2032 1034 bus
2061 980 2395 1035 distribuens
2431 982 2803 1052 interemptus.
3567 991 3577 1000 ‘

2003 1071 2242 1128 IllElllO
2282 1073 2371 1128 ET
2420 1073 2796 1131 ARDABURE
2832 1075 3018 1134 COSS.

2005 1164 2309 1233 Bouifacio,
2335 1166 2488 1236 cujus
2516 1169 2754 1236 potentia
2774 1169 3048 1238 gloriaque
3074 1166 3092 1208 ι
3119 1170 3259 1226 intra
3284 1171 3518 1227 Africam

1935 1260 2252 1330 augebatur,
2280 1261 2480 1317 bellum
2505 1261 2573 1316 ad
2602 1263 2882 1318 arbitrium
2913 1263 3131 1329 Felicis,
3162 1267 3287 1336 quia
3317 1264 3383 1319 ad
3417 1263 3520 1318 lta-

1937 1353 2062 1406 liam
2091 1351 2332 1406 venire
2358 1351 2642 1418 abnuerat,
2674 1353 2888 1421 publico
2924 1355 3141 1410 nomine
3169 1355 3372 1410 illatum
3414 1365 3521 1420 est,

1935 1446 2164 1502 ducibus
2191 1446 2473 1512 Mavortio,
2496 1455 2550 1501 et
2570 1445 2850 1511 Galbioue,
2873 1457 2927 1501 et
2956 1446 3156 1502 Sinoce
3181 1465 3196 1501 :
3219 1447 3373 1517 cujus
3395 1461 3523 1516 pro-

1935 1538 2139 1594 ditione
2167 1537 2456 1593 Mavortius
2476 1547 2531 1592 et
2550 1539 2767 1604 Galbio,
2794 1554 2913 1593 cum
2948 1538 3277 1594 Bonifacium
3303 1539 3522 1595 obside-

1936 1641 2078 1698 rent,
2114 1631 2424 1702 inlercmpti
2451 1641 2578 1686 sunt
2599 1649 2613 1685 :
2638 1646 2867 1699 moxque
2890 1632 3004 1702 ipse
3033 1648 3063 1686 a
3096 1631 3368 1686 Bonilacio
3398 1632 3524 1688 dolo

1937 1733 1966 1762 ιι
1991 1724 2260 1789 detectus,
2287 1725 2499 1779 occisus
2527 1735 2630 1779 εει.

2011 1818 2222 1874 Exinde
2244 1817 2515 1888 gentibus,
2539 1833 2658 1888 quze
2683 1819 2909 1873 navibus
2939 1817 3015 1871 uti
3045 1817 3374 1882 nesciebant,
3398 1815 3526 1872 dum

1992 548 2016 570 ι
2036 548 2108 572 au
2121 548 2277 574 vctu:
2299 548 2637 578 nrcuwnela
2658 548 2950 595 εριδευριιδ
2981 548 3013 579 I
3037 548 3256 582 ιηυυῐιο
3282 548 3516 596 QUOD!!!)
3599 561 3605 570 ν

1928 610 2160 667 barbaro
2195 613 2383 670 multis
2410 616 2726 671 vulneribus
2762 617 2991 672 laniatus
3035 617 3297 674 occiditur
3331 636 3342 672 :
3375 619 3516 687 quod

1870 1906 1919 1967 Β
1944 1925 1973 1966 a
2018 1910 2458 1966 concertantibus
2490 1911 2538 1963 in
2571 1910 2831 1964 auxilium
2868 1919 3154 1974 vocantur,
3206 1924 3356 1964 mare
3402 1925 3525 1978 per-

1941 2003 2083 2056 vium
2119 2003 2314 2057 factum
2348 2011 2450 2065 est,
2498 2002 2734 2070 bellique
2777 2014 2965 2057 contra
3000 2001 3327 2057 Bonifacium
3366 2001 3526 2072 empti

1941 2097 1996 2151 in
2025 2093 2376 2165 Sigisvultum
2407 2096 2662 2150 comitem
2691 2111 2822 2150 cura
2852 2095 3108 2150 translata
3134 2104 3236 2151 est.

2011 2187 2156 2242 Gens
2177 2187 2538 2242 Vaudalorum
2564 2198 2588 2224 ο
2613 2189 2682 2241 ab
2705 2189 2957 2257 llispania
2973 2191 3038 2243 ad
3061 2188 3295 2243 Africam
3317 2191 3528 2245 transit.

2013 2277 2262 2334 FELICE
2313 2279 2400 2334 ET
2444 2279 2682 2337 TAURO
2728 2279 2916 2336 COSS.

2013 2370 2295 2425 Nestorius
2322 2369 2954 2440 Constantinpolitanus
2999 2376 3286 2444 episcopus
3333 2389 3531 2430 novum

1941 2464 2201 2521 Ecclesiis
2234 2466 2454 2520 molitur
2474 2481 2714 2521 errorem
2741 2467 3013 2532 inducere,
3053 2469 3348 2536 praedicans
3376 2467 3534 2523 Chri-

1941 2567 2082 2612 stum
2114 2573 2182 2612 ex
2215 2558 2378 2613 Maria
2410 2559 2682 2615 hominem
2714 2569 2947 2624 tantum,
2985 2571 3010 2610 ι)
3033 2577 3136 2614 non
3166 2561 3327 2616 etiam
3363 2561 3532 2616 Deum

1943 2667 2148 2724 uatum,
2177 2659 2336 2729 eique
2382 2659 2716 2716 divinitatem
2746 2662 2997 2716 collatam
3029 2676 3150 2716 esse
3190 2677 3288 2730 pro
3315 2662 3530 2718 merito.

1943 2761 2038 2815 Cui
2071 2760 2331 2830 impietati
2361 2761 2630 2830 praecipua
2672 2761 2860 2830 Cyrilli
2890 2760 3239 2816 Alexandrini
3293 2759 3534 2830 episcopi

1945 2861 2233 2928 industria,
2263 2871 2320 2916 et
2341 2875 2491 2932 papae
2512 2860 2792 2918 Caelestini
2821 2870 3086 2932 repugnat
3113 2862 3422 2917 auctoritas.

2018 2967 2150 3021 Pars
2164 2965 2457 3021 Galliarum
2476 2967 2775 3036 propinqua
2795 2966 3005 3030 Rheno,
3026 2981 3186 3035 quam
3202 2963 3396 3018 Franci
3411 2976 3536 3032 poe-

1947 3068 2230 3124 sidendam
2257 3066 2838 3136 occupaverunt,Aetii
2858 3065 3075 3120 comitis
3097 3066 3262 3120 armis
3290 3072 3536 3133 recepta.

2021 3169 2410 3225 FLORENTIO
2455 3169 2542 3224 ET
2593 3166 2905 3223 DIONYSIO
2947 3164 3138 3221 CUSS.

2022 3270 2204 3326 Felice
2235 3271 2300 3326 ad
2333 3271 2609 3340 patriciam
2659 3269 2972 3339 dignitatem
3029 3276 3306 3336 provecto,
3353 3265 3542 3321 Aet-ius

1955 3373 2210 3441 magister
2244 3371 2472 3424 militum
2502 3369 2676 3424 factus
2701 3377 2783 3422 est
2813 3378 2861 3420 ιι.

2025 3471 2272 3540 Agricola
2322 3470 2677 3538 Pelagianos,
2729 3469 3008 3523 Severiani
3060 3468 3332 3537 Pelagiani
3377 3467 3544 3541 7“

1952 3562 2190 3630 episcopi
2225 3559 2365 3615 illius
2387 3601 2400 3624 ,
2448 3561 2722 3615 Ecclesias
2755 3570 2776 3597 ι’
2812 3559 3126 3624 Britannite
3153 3559 3418 3626 dogmatis
3461 3561 3544 3614 sui

1956 3663 2320 3719 insinuatione
2345 3663 2604 3732 corrupit.
2639 3661 2743 3717 Sed
2776 3663 2840 3716 ad
2871 3662 3136 3715 actionem
3161 3660 3385 3715 Palladii
3420 3663 3543 3716 Dia—

1958 3789 2180 3832 remotus
2200 3778 2440 3831 abscedit.
2469 3776 2689 3830 Accedit
2711 3775 3034 3829 ('hronicnm
3060 3773 3415 3830 Pithaiauum.
3443 3777 3544 3832 Vix

1958 3865 2192 3934 usqua‘n'i
2214 3851 2403 3934 legitur
2431 3847 2546 3934 fieri
2581 3848 2794 3934 mentio.
2812 3847 2890 3934 de‘
2907 3845 3378 3934 Al’t‘ll‘llllt‘1tlllllilii”.

2033 3916 2053 3968 ἱ
2100 3920 2245 3973 ΕιΙῦι.
2274 3920 2477 3972 Chron.
2508 3917 2641 3972 LGlt.
2678 3919 2819 3968 addit
2858 3918 3106 3985 Augusto.
3137 3916 3269 3970 Vide
3292 3918 3446 3971 Pont.
3485 3935 3540 3988 p.

1959 3990 2056 4046 ’781
2094 3990 2243 4059 (σοι.
2278 3991 2414 4043 H99
2443 3990 2602 4042 nostri
2630 3986 2858 4042 XXVII
2891 3998 3012 4040 tom.
3044 3988 3081 4053 ).

2028 4069 2051 4107 ¹ί
2093 4073 2260 4127 Alias.
2295 4071 2555 4134 traditur;
2599 4081 2653 4124 et
2684 4069 2839 4131 infra,
2883 4070 3196 4137 interfectus.
3245 4068 3342 4123 Ms.
3390 4068 3540 4124 Colb.

1957 4156 2116 4205 unus,
2150 4144 2372 4195 creditur
2392 4182 2403 4194 .
2436 4183 2446 4194 .
2469 4180 2485 4195 .
2507 4180 2520 4194 .
2545 4143 2894 4211 interemptus.

2033 4221 2048 4260 ι
2099 4223 2189 4277 Sic
2215 4240 2312 4276 ms.
2349 4222 2500 4276 Colb.
2530 4233 2584 4276 et
2625 4221 2717 4275 alii
2749 4221 2970 4289 aliquot.
3006 4219 3062 4272 In
3092 4219 3234 4281 aliis,
3263 4221 3316 4274 in
3345 4221 3544 4289 Africa.

2031 4312 2072 4339 ω
2112 4303 2212 4357 Ms.
2235 4301 2386 4357 Colb.
2419 4318 2572 4360 unus,
2605 4313 2873 4362 nnnueret,
2901 4300 3058 4363 alius,
3087 4300 3364 4352 amittebat.
3404 4301 3544 4353 l‘Idit.

1956 4371 2090 4428 Lall.
2126 4384 2181 4426 ιιι
2209 4389 2390 4440 snpta.
2420 4373 2636 4426 Ilectitts
2676 4372 2890 4438 quidem
2917 4386 2932 4425 :
2956 4385 3097 4435 cum,
3141 4379 3277 4424 teslc
3310 4371 3548 4425 Iliacotto

1960 4444 2053 4497 lib.
2088 4461 2174 4499 μιν
2198 4460 2360 4499 causa
2384 4445 2509 4498 belli
2543 4455 2725 4497 umtra
2759 4441 3090 4495 Βοιιίίιιείιιιιι
3113 4451 3277 4506 esset,
3307 4444 3440 4507 quod
3461 4459 3550 4496 ac-

1961 4519 2172 4569 cersitus
2203 4517 2266 4569 ab
2294 4517 2626 4581 imperatore,
2675 4513 2915 4566 accedere
2943 4511 3164 4564 distulit.
3216 4514 3366 4576 Quod
3417 4527 3544 4567 veno

1881 4601 1938 4661 Β
1964 4590 2165 4661 Auctor
2181 4588 2404 4661 scribit,
2439 4585 2768 4661 hoebclluut
2803 4583 3006 4661 illatum
3035 4582 3098 4635 ad
3128 4584 3404 4661 arliiirimn
3441 4583 3540 4636 Fe-

1963 4657 2098 4723 licis,
2133 4657 2398 4711 Diaconos
2426 4665 2478 4708 el
2503 4654 2812 4722 Sigebertus
2848 4653 3091 4707 tribuunt
3119 4653 3292 4708 Aetio.
3324 4653 3541 4706 Ponlac.

2031 4747 2058 4774 ιι
2099 4739 2195 4791 Ms.
2239 4736 2392 4791 Colb.
2429 4751 2587 4800 unus,
2622 4734 2874 4786 detentus.

2033 4829 2058 4856 ο
2096 4819 2194 4873 Ms.
2217 4818 2371 4871 Colb.
2404 4830 2543 4869 unus
2568 4825 2624 4870 et
2649 4815 2738 4868 alii
2770 4815 3006 4881 codices,
3038 4814 3100 4867 ab
3125 4812 3412 4882 Hispaniis.

2031 4909 2060 4948 tt
2095 4897 2154 4952 In
2186 4898 2307 4951 aliis
2336 4894 2636 4962 codicibus,
2668 4903 2714 4949 et
2743 4911 2846 4948 non
2876 4895 3057 4948 Deum.

2032 4987 2061 5027 ιι
2111 4978 2207 5032 Hic
2236 4975 2484 5048 mendum
2509 4976 2802 5048 irrepserat
2830 4976 2879 5048 in
2911 4975 3086 5035 editis,
3121 4971 3210 5026 ubi
3240 4969 3543 5048 insinuabaj

1961 5059 2050 5103 tur
2075 5049 2259 5102 Aetius
2300 5047 2552 5114 magister
2596 5041 2822 5100 militum
2855 5045 3023 5098 factus
3050 5059 3113 5096 ex
3163 5041 3428 5114 agri'rolaj
3457 5043 3541 5114 cui

1963 5119 2135 5174 errori
2186 5110 2427 5171 favebant
2461 5117 2621 5172 etiam
2656 5133 2786 5170 mss.
2818 5126 2872 5169 et
2909 5115 3005 5168 hos
3050 5119 3188 5164 inter
3235 5127 3335 5165 ms.
3386 5110 3538 5165 Colb.

1963 5189 2032 5244 At
2061 5205 2162 5242 ms.
2195 5189 2346 5243 Colb.
2375 5191 2510 5242 alter
2543 5197 2767 5243 testatur
2801 5195 2945 5240 recte
2975 5182 3311 5237 emendatum
3342 5197 3369 5233 a
3398 5180 3541 5234 Pon-

1965 5271 2084 5313 taco
2113 5268 2169 5314 et
2198 5258 2411 5312 Labbeo
2441 5269 2675 5327 utsupra
2707 5257 2930 5327 Iegitur._
2951 5255 3082 5306 Cum
3107 5267 3368 5327 nusquam
3397 5252 3544 5327 andi-

1968 5339 2079 5389 tum
2111 5330 2270 5383 fuerit
2302 5331 2508 5382 Aetium
2541 5322 2706 5382 fuisse
2737 5322 3058 5392 agricolam:
3083 5334 3137 5377 et
3179 5322 3356 5386 inepte
3401 5323 3486 5376 hic
3514 5340 3543 5376 a

1967 5401 2233 5470 Prospero
2280 5399 2380 5453 hoc
2420 5399 2859 5470 additum_foret._,
2915 5397 3003 5470 qui
3036 5395 3348 5470 dnm‘sa-pe
3403 5395 3544 5447 illius

1972 5464 2296 5525 mentionem
2343 5479 2496 5522 antea
2531 5466 2735 5531 fecerit,
2772 5465 2932 5531 priori
2968 5465 3083 5516 loco
3115 5464 3259 5517 illius
3297 5481 3464 5530 genus
3495 5476 3544 5514 (οι

1970 5542 2333 5595 conditionem
2365 5539 2604 5593 debuerit
2641 5549 3088 5589 cotnmemorare.
3127 5535 3284 5588 Plura
3335 5535 3451 5586 vide
3495 5535 3544 5584 in

1972 5624 2094 5666 nota
2127 5611 2343 5665 Pontaci
2372 5612 2480 5664 col.
2504 5609 2607 5663 782
2633 5607 2652 5679 (
2679 5606 2778 5661 Ubi
2803 5604 3012 5679 supra).

2046 5681 2064 5705 '
2103 5684 2194 5736 Sic
2222 5681 2502 5749 legendum
2525 5720 2539 5741 ,
2575 5673 2700 5749 non
2723 5673 3188 5738 vero'Braslania’,
3216 5673 3548 5749 Aaut_llybcr-

1972 5755 2091 5813 uite,
2117 5744 2327 5806 constat
2360 5765 2424 5804 ex
2456 5764 2557 5803 ms.
2591 5748 2742 5803 Colb.
2777 5764 2884 5801 uno
2915 5759 2967 5801 ct
3008 5749 3125 5801 aliis
3179 5744 3417 5811 pluribus
3450 5761 3463 5796 :
3495 5751 3548 5795 et

1975 5825 2204 5876 maxime
2231 5837 2297 5875 ex
2326 5836 2388 5872 eo
2418 5819 2559 5889 quod
2613 5829 2824 5873 constet
2854 5835 2922 5873 ex
2971 5819 3246 5889 Sigeberto
3297 5817 3348 5866 in
3380 5814 3548 5889 (Ebro-

1209 5883 1452 5955 Romance
1494 5883 1688 5952 militia:
1727 5899 1872 5952 ducis
1976 5897 2118 5958 nico,
2150 5883 2478 5944 Germanum
2528 5889 2838 5958 episcopum
2891 5883 3437 5950 Antis'siodvrcnscm,
3482 5883 3548 5939 du
