4006 6356
555 302 660 359 599

1772 288 1831 345 S.
1878 282 2220 341 PROSPERI
2260 278 2583 351 AQUITANI
3710 280 3791 341 σοι)

623 417 775 472 Hanc
828 422 1004 470 autem
1054 410 1417 475 captivitatem
1468 405 1739 475 Carthago
1779 402 1944 458 subiit
1995 415 2138 455 anno
2166 400 2214 459 Α
2242 400 2579 465 cuntirmata,
2633 404 2688 451 et
2714 395 2880 451 certis
2924 395 3114 465 spatiis
3157 394 3339 451 Africa
3376 394 3521 451 inter
3544 404 3791 473 utrumque

550 518 833 581 postquam
859 505 1027 560 Roma
1054 516 1175 557 esse
1204 508 1440 569 casperat
1468 512 1711 553 uuxxv.

620 599 785 672 743
836 594 1341 654 VALENTINIANO
1381 589 1708 650 AUGUSTO
1762 590 1804 643 v
1854 587 1943 644 ET
1974 585 2143 643 ANA-

552 691 804 747 THOLIO
826 690 1017 746 COSS.

626 785 885 841 Defuncto
917 783 1073 839 Xisto
1098 784 1387 851 episcopo,
1443 795 1514 835 ιι.
1542 778 1774 847 amplius
1813 772 2004 831 diebus
2031 772 2143 827 Ro-

549 894 709 936 mana
743 879 981 933 Ecclesia
1012 878 1127 931 sine
1159 874 1398 928 antistite
1420 870 1540 936 fuit,
1577 870 1807 924 mirabili
1832 883 1959 937 pace
1981 876 2140 936 atque

550 970 807 1043 patientia
836 978 862 1006 α
896 968 1233 1038 prmsentiam
1292 965 1503 1019 diaconi
1556 962 1750 1016 Leonis
1784 968 2138 1029 exspectans,

547 1078 709 1134 quem
739 1070 865 1116 tunc
907 1061 1049 1115 inter
1074 1058 1281 1113 Aetium
1303 1066 1359 1111 et
1386 1054 1636 1109 Albinum
1670 1052 1931 1105 amicitias
1960 1049 1986 1087 δ
2018 1049 2139 1103 red-

550 1156 906 1225 integrantem
947 1152 1140 1207 Gallia:
1168 1148 1499 1203 detinebant.
1543 1144 1703 1214 Quasi
1731 1144 1849 1197 ideo
1875 1154 1895 1182 ο
1933 1143 2140 1211 longius

546 1258 693 1304 esset
722 1248 1008 1309 abductus,
1041 1255 1101 1299 ut
1128 1255 1181 1299 et
1204 1243 1365 1298 electi
1395 1242 1647 1295 meritum
1668 1281 1680 1301 .
1738 1250 1789 1293 et
1823 1240 2135 1307 eligentium

541 1341 804 1411 judicium
836 1340 1173 1409 probaretur.
1226 1335 1390 1405 Igitur
1430 1335 1539 1389 Leo
1569 1333 1829 1386 diaconus
1872 1332 2138 1402 legatione

544 1434 758 1502 publica
811 1433 1050 1496 accitus,
1110 1439 1162 1482 et
1208 1427 1464 1497 gaudenti
1526 1427 1717 1494 patria:
1761 1434 2132 1493 prtcsentatus,

545 1525 708 1581 XLIII
736 1526 994 1579 Romanae
1027 1523 1281 1577 Ecclesiae
1315 1522 1603 1590 episcopus
1624 1518 1926 1573 ordinatur.

618 1618 925 1673 Geisericus
948 1617 1183 1671 Siciliam
1203 1613 1440 1683 graviter
1464 1612 1729 1681 afﬂigens,
1757 1620 1976 1679 accepto
1999 1626 2130 1664 nun-

546 1712 623 1765 tio
652 1708 677 1746 ά
708 1711 773 1763 de
808 1709 1107 1763 Sebastiani
1138 1709 1203 1759 ab
1234 1705 1483 1775 Hispania
1516 1705 1580 1757 ad
1613 1704 1847 1759 Africam
1882 1704 2130 1767 transitu,

2246 489 2413 543 divisa
2444 500 2549 545 est.

2321 584 2374 638 In
2406 583 2739 641 Geisericum
2766 588 2928 640 etiam
2956 586 3097 656 apud
3123 600 3253 641 suos
3273 591 3342 642 de
3372 602 3623 644 successu
3646 607 3789 651 rerum

2246 682 2671 750 superbientem,
2704 684 2921 753 quidam
2967 683 3257 751 optimates
3285 682 3456 751 ipsius
3488 691 3791 751 conspirate.

2247 783 2390 828 runt.
2453 774 2557 829 Sed
2588 775 2866 828 molitione
2893 774 3136 841 detecta,
3163 774 3344 827 multis
3368 775 3439 829 ab
3465 792 3530 828 ro
3554 779 3790 848 suppliciis

2245 868 2534 920 excruciati
2570 875 2731 935 atque
2776 867 3030 920 exstincti
3064 875 3209 919 sunt.
3242 866 3485 935 Cumque
3539 867 3671 923 idem
3714 888 3789 926 au-

2245 959 2477 1013 dendum
2507 958 2667 1012 etiam
2723 959 2789 1013 ab
2830 960 2951 1012 aliis
2980 957 3284 1022 videretur,
3344 960 3529 1013 multis
3570 962 3697 1029 regis
3722 979 3791 1018 su-

2244 1051 2413 1120 spicio
2443 1052 2609 1105 exitio
2640 1051 2758 1115 fuit,
2788 1062 2845 1105 ut
2874 1054 2971 1104 hac
2999 1051 3079 1106 sui
3114 1067 3239 1105 cura
3274 1051 3390 1120 plus
3420 1054 3610 1106 virium
3635 1054 3789 1123 perde-

2243 1152 2343 1203 ret,
2372 1160 2529 1211 quam
2557 1143 2597 1194 si
2624 1142 2767 1196 bello
2795 1153 3163 1211 superaretur.

2315 1235 2589 1290 MAXIMO
2631 1236 2671 1289 Il
2712 1235 2799 1289 ET
2833 1236 2847 1273 ί
2885 1233 3185 1289 PATEIth
3222 1233 3411 1290 COSS.

2312 1328 2475 1400 ’149
2529 1329 2642 1383 Hoc
2694 1339 2934 1397 tempore
2984 1329 3245 1397 plurimos
3305 1328 3629 1383 Maniclitcos
3680 1330 3790 1388 intra

2242 1420 2438 1476 Urbem
2470 1423 2637 1476 latere
2670 1420 2685 1471 ἱ
2726 1421 3002 1489 diligentia
3035 1435 3186 1488 papa“:
3229 1421 3420 1473 Leonis
3456 1422 3696 1481 innutuit.
3722 1424 3791 1492 qui

2240 1527 2334 1567 eos
2364 1515 2429 1565 de
2461 1513 2688 1568 secretis
2716 1513 2828 1566 suis
2848 1522 3051 1578 erutus,
3081 1521 3138 1565 et
3168 1513 3343 1567 oculis
3367 1514 3532 1567 totius
3570 1517 3790 1573 Ecclesia

2241 1605 2566 1673 publicatos,
2598 1618 2787 1658 omnes
2809 1603 3073 1673 dogmatis
3095 1605 3176 1658 sui
3210 1604 3570 1672 turpitudines
3599 1618 3652 1661 ct
3674 1609 3791 1664 dam-

2240 1714 2371 1753 nare
2420 1699 2550 1753 fecit
2599 1710 2651 1752 et
2695 1699 2958 1767 prodere;
3006 1698 3237 1753 incensis
3284 1702 3790 1770 eorum.codicibus,

548 1811 573 1838 ο
606 1803 857 1857 celeriter
880 1798 1255 1869 Carthaginem
1275 1799 1451 1864 rediit,
1476 1806 1622 1851 ratus
1644 1797 2009 1866 periculosum
2033 1796 2131 1849 sibi
2166 1788 2213 1848 Β
2240 1808 2466 1863 quorum
2501 1807 2707 1861 magna:
2736 1793 2905 1846 moles
2935 1791 3145 1847 fuerant
3177 1792 3509 1860 interceptis.
3543 1795 3669 1861 Qua:
3691 1812 3789 1852 cura

546 1908 609 1947 ac
638 1894 751 1947 suis
781 1894 912 1955 fore,
943 1894 985 1946 si
1014 1894 1095 1944 vir
1126 1889 1361 1945 bellandi
1392 1889 1594 1967 peritus
1646 1888 1971 1954 recipienda:
1999 1888 2134 1940 Car-

550 1986 751 2055 thagini
801 1984 1152 2039 incubuisset.
1238 1983 1432 2036 Verum
1477 1983 1565 2036 ille
1604 1983 1831 2034 amicum
1880 1994 1938 2033 se
1967 1980 2136 2049 magis

544 2094 702 2147 quam
750 2078 955 2131 hostem
987 2076 1155 2131 videri
1200 2074 1426 2136 volens,
1456 2074 1669 2127 diversa
1709 2073 1887 2127 omnia
1943 2071 1961 2109 ί
1998 2072 2135 2141 apud

547 2170 757 2226 barbari
794 2170 1032 2223 animum
1065 2184 1223 2237 quam
1255 2174 1673 2235 praesumpserat
1697 2165 1897 2233 reperit
1924 2181 1937 2219 :
1966 2180 2136 2233 eaque

546 2279 672 2331 spes
710 2279 869 2317 causa
903 2263 981 2315 illi
1020 2262 1250 2314 maxima
1283 2268 1337 2312 et
1366 2258 1688 2313 calamitatis
1727 2266 1782 2311 et
1822 2255 2138 2311 infelicissi-

546 2370 646 2408 mm
675 2356 862 2407 mortis
890 2352 1008 2407 fuit.

613 2445 793 2502 CYRO
823 2444 882 2500 V.
914 2445 972 2499 C.
1004 2441 1334 2499 CONSULE.

613 2548 950 2602 Theodosius
983 2548 1274 2616 imperator
1296 2545 1497 2600 bellum
1520 2552 1705 2599 contra
1729 2542 2002 2599 Vandalos
2020 2559 2135 2599 mo-

539 2658 629 2705 vet
658 2660 683 2695 κ
719 2652 1021 2705 Areobinda
1044 2693 1058 2716 ,
1091 2660 1145 2705 et
1174 2649 1454 2716 Anaxilla,
1492 2657 1653 2719 atque
1686 2649 1956 2704 Germano
1986 2649 2135 2703 duci-

540 2750 638 2803 bus
669 2764 789 2804 cum
820 2766 1008 2819 magna
1055 2751 1230 2805 classe
1273 2750 1494 2803 directis
1527 2768 1538 2801 :
1572 2749 1662 2818 qui
1700 2748 1875 2819 longis
1915 2760 2134 2804 cuncta-

540 2853 773 2907 tionibus
823 2855 1092 2921 negotium
1123 2852 1458 2919 diil'erentes,
1510 2851 1705 2907 Siciliae
1749 2852 1918 2921 magis
1957 2852 2130 2918 oneri,

537 2969 697 3022 quam
730 2953 926 3008 Africa:
959 2954 1213 3022 przesidio
1245 2954 1477 3007 fuerunt.

609 3052 947 3108 DIOSCORU
979 3052 1042 3105 V.
1078 3054 1139 3105 C.
1173 3052 1257 3105 ET
1295 3049 1602 3106 EUDOXIO
1632 3049 1821 3105 COSS.

2240 1888 2357 1938 viro
2401 1897 2587 1939 sancto
2628 1885 2904 1949 divinitus,
2956 1896 3014 1937 ut
3062 1886 3332 1953 apparuit,
3386 1886 3665 1955 inspirata,
3703 1904 3786 1944 non

2240 1978 2412 2031 solum
2445 1978 2701 2029 Itomantr
2730 1976 2868 2039 urbi,
2902 1975 2995 2028 sed
3030 1976 3191 2028 etiam
3225 1976 3483 2029 universi)
3515 1979 3630 2030 orbi
3660 1978 3792 2046 pluri-

2242 2085 2385 2123 mum
2442 2066 2665 2135 profuit.
2723 2066 3002 2134 Siquidem
3059 2067 3493 2123 confessiooihus
3561 2070 3612 2122 itt
3675 2069 3792 2127 Urbe

2239 2171 2515 2229 captorum
2537 2201 2551 2226 ,
2584 2160 2675 2230 qui
2705 2160 2961 2213 doctores
2990 2174 3178 2213 eorum
3197 2204 3211 2226 ,
3246 2160 3332 2228 qui
3361 2161 3599 2226 ειιίεοοιιί
3618 2203 3631 2225 ,
3666 2163 3792 2230 quire

2241 2253 2580 2322 presbyteri,
2626 2252 2676 2304 in
2708 2250 2901 2319 quibus
2930 2251 3215 2317 provinciis
3247 2251 3331 2305 vel
3376 2252 3681 2306 civitatibus
3717 2252 3793 2307 de-

2239 2353 2458 2415 gerent,
2500 2342 2819 2411 patefactum
2856 2352 2960 2395 εει.
3014 2340 3266 2411 Multique
3304 2341 3659 2395 Orientalium
3698 2357 3793 2411 par-

2240 2438 2371 2490 tium
2404 2434 2714 2488 sacerdotes
2760 2432 3080 2487 industriam
3119 2433 3397 2501 apostolici
3435 2436 3660 2489 rectoris
3698 2434 3791 2488 imi-

2240 2530 2335 2584 tati
2368 2538 2512 2581 sunt.

2311 2620 2697 2676 THEOUOSIO
2718 2618 2883 2674 XVIII
2916 2619 3003 2673 ΕΤ
3028 2618 3279 2673 ALBINO
3303 2618 3489 2675 COSS.

2311 2715 2423 2768 Hoc
2454 2729 2597 2767 anno
2640 2714 2844 2768 Pascha
2889 2712 3100 2767 Domini
3145 2728 3196 2766 is
3228 2710 3488 2767 kalendas
3516 2710 3633 2766 Maii
3672 2712 3791 2767 cele-

2237 2807 2448 2863 bratum
2471 2817 2576 2869 est,
2624 2820 2725 2859 nec
2755 2813 2996 2858 erratum
3030 2814 3131 2858 est.
3174 2804 3309 2868 Quia
3342 2804 3393 2856 in
3421 2804 3511 2857 die
3538 2802 3791 2857 undecima

2237 2900 2587 2954 kalendarum
2632 2897 2890 2951 Maiarum
2937 2896 3053 2950 dies
3098 2896 3372 2949 Passionis
3409 2894 3529 2949 fuit.
3562 2896 3645 2948 0b
3667 2893 3795 2963 cujus

2237 2995 2595 3049 reverentiam
2651 2991 2844 3046 natalis
2897 2990 3046 3044 urbis
3090 2990 3272 3043 Itonia:
3318 2990 3439 3044 sine
3489 2988 3794 3045 circensibus

2239 3090 2468 3144 transiit.

607 3152 815 3205 Ilunnis
841 3151 1125 3205 Thraciam
1150 3160 1200 3203 et
1229 3150 1500 3221 Illyricum
1532 3164 1672 3203 saeva
1700 3151 2125 3221 depopulatione
2154 3173 2197 3233 ρ
2301 3182 2465 3235 Alma
2502 3194 2596 3234 rex
2629 3177 2948 3231 Hunnorum
2982 3175 3200 3229 meum“
3239 3172 3461 3228 mtrem
3488 3184 3542 3229 ει
3580 3187 3794 3240 [comma

536 3255 901 3319 vastantibus,
945 3256 1219 3310 exercitus
1250 3256 1337 3323 qui
1394 3255 1445 3307 itt
1476 3253 1659 3308 Sicilia
1697 3257 2027 3324 morabatur,
2062 3260 2128 3313 ad

538 3356 907 3411 defensionem
940 3355 1282 3411 orientalium
1311 3352 1339 3391 ιι
1373 3356 1605 3424 partium
1636 3358 1945 3412 revertitur.

605 3456 740 3512 Cum
771 3455 1048 3511 Geiserico
1073 3464 1251 3510 autem
1280 3471 1309 3510 a
1340 3456 1717 3510 Valentiniano
1752 3458 1991 3526 Augusto
2024 3475 2125 3530 pax

535 3594 620 3648 lus
643 3608 813 3648 novus
856 3593 1216 3648 Constituatur
1264 3592 1331 3645 ab
1358 3591 1439 3643 his
1471 3592 1763 3655 incipiens,
1798 3592 2057 3663 Carthago
2088 3612 2121 3647 a

543 3664 794 3718 Vandalis
834 3676 985 3728 capta
1037 3680 1172 3716 anno
1212 3676 1481 3732 postquam
1531 3662 1694 3714 Itonia
1750 3680 1855 3715 esse
1900 3662 2121 3731 coeperat

535 3751 754 3792 IIXXCIII.
784 3735 914 3789 alias
944 3750 1138 3789 Dxxcv.
1192 3735 1422 3788 Pontaco
1451 3748 1556 3785 non
1584 3734 1830 3785 videntur
1854 3750 1975 3788 esse
2010 3743 2120 3788 .~\u-

533 3810 717 3861 Cllll'ls.
769 3806 919 3859 Prior
944 3818 1122 3859 autem
1154 3820 1407 3858 numerus
1434 3807 1633 3873 optime
1659 3806 1944 3867 respondet
1978 3820 2120 3860 anno

536 3878 808 3946 30lymp.
864 3878 1003 3937 158,
1047 3892 1151 3940 quo
1200 3876 1457 3929 Eusebius
1500 3876 1699 3928 notat-it
1735 3874 2117 3942 Carthaginem

534 3948 700 4001 fuisse
733 3960 943 4013 captain
968 3964 995 3998 a
1028 3946 1320 3999 Romanis:
1353 3946 1513 3999 modo
1554 3962 1656 3998 non
1692 3946 1935 4000 includas
1978 3950 2026 3999 in
2056 3965 2117 4001 ea

534 4020 869 4071 consulatum
905 4020 1045 4069 hunc
1070 4028 1395 4081 extremum,
1423 4034 1527 4084 quo
1550 4022 1756 4083 capitur
1783 4033 1811 4069 a
1842 4018 2115 4071 Vaudalis.

536 4090 757 4143 Ρυιιιςιε.

609 4170 630 4193 η
664 4159 717 4211 In
753 4158 872 4211 aliis
903 4157 1203 4217 Codicibtts,
1236 4158 1531 4210 aduentum.

605 4228 632 4266 ι)
667 4228 718 4281 lit
753 4229 1291 4301 quibusdamlibris,
1325 4230 1565 4281 anticitia:
1602 4229 2012 4301 rediutegrandaz
2033 4230 2123 4285 de-

536 4301 759 4352 tinebant
792 4309 879 4350 not
906 4299 1243 4351 detinebatttr.

614 4382 633 4407 ε
667 4371 763 4423 Alii
794 4370 1033 4429 codices,
1061 4371 1239 4437 [angus
1272 4377 1396 4420 esset
1428 4368 1692 4421 adventus.
1721 4370 1774 4422 in
1812 4370 1964 4427 Colb.
1990 4390 2118 4438 uno,

537 4442 738 4511 longius
766 4451 891 4493 esset
923 4443 1196 4506 adductus,
1231 4441 1279 4492 in
1325 4440 1443 4492 aliis
1471 4451 1523 4492 et
1562 4440 1700 4508 Aug.
1748 4443 1867 4496 cod.
1923 4446 2121 4499 desunt

540 4513 673 4564 IKEC.

605 4579 629 4617 δ
667 4581 719 4635 In
749 4580 1069 4651 quibusdam
1109 4581 1409 4645 codicibus,
1441 4581 1504 4635 de
1523 4580 1897 4636 Sebastiano...

535 4663 701 4705 eunte.

611 4734 632 4759 ι·
671 4723 795 4776 Erat
816 4732 999 4793 autem
1014 4720 1381 4793 Sebastianus
1404 4722 1482 4793 (nt
1504 4724 1578 4776 ait
1606 4722 1788 4777 Victor
1809 4724 1874 4777 de
1896 4725 2113 4782 Perseo.

535 4792 759 4847 Vandal.
792 4792 883 4845 lib.
915 4790 974 4863 tt)
1006 4792 1192 4845 famosi
1228 4794 1372 4845 illius
1398 4790 1608 4866 comitis
1642 4794 1897 4849 Bonitacii
1928 4812 2114 4866 gener,

534 4880 658 4918 acer
691 4866 902 4933 ingenio
930 4875 984 4918 et
1023 4874 1275 4916 strenuus
1306 4866 1356 4918 in
1396 4865 1537 4919 bello
1568 4883 1581 4917 :
1617 4866 1770 4933 cujus
1810 4865 2119 4922 Geis’ericus

534 4936 676 5005 sicut
703 4935 928 4987 consilia
959 4938 1260 5005 necessaria
1314 4935 1541 4996 habens,
1575 4936 1647 4989 ita
1690 4947 1743 4989 et
1770 4940 2114 5005 pneseutiaui

535 5004 847 5066 formidans.
873 5004 1213 5058 occa~ionem
1245 5006 1361 5069 ejus
1392 5004 1825 5074 exstinguendia
1856 5008 2117 5075 religione

534 5078 797 5143 qua-sivit.
827 5078 930 5131 Sed
958 5076 1095 5144 quod
1130 5078 1243 5141 ipse
1264 5076 1525 5131 Geiserici
1544 5077 1823 5131 suasiones
1847 5080 1919 5133 de
1943 5089 2119 5133 trans-

536 5148 788 5220 tnutanda
824 5149 937 5220 Iide»
952 5146 1215 5220 catholica
1246 5150 1294 5220 in
1326 5146 1875 5220 pertitliamArianam
1903 5152 2115 5220 egregia

532 5217 779 5271 elu-isset
800 5218 1149 5290 similitudine
1169 5218 1317 5284 panis
1341 5217 1601 5273 situilacei
1635 5217 1999 5285 utundtssitni,
2023 5217 2115 5290 qui

534 5291 577 5341 si
633 5292 681 5340 in
733 5290 899 5340 Irttsta
932 5288 1264 5349 contraetus,
1298 5299 1350 5341 et
1399 5304 1531 5352 aqua
1588 5292 1888 5343 madidatus
1922 5288 2116 5344 iterum

535 5370 819 5425 coquatur,
851 5360 1086 5411 deterior
1133 5359 1309 5410 evadit
1338 5378 1349 5410 :
1381 5361 1627 5412 eumdem
1659 5361 1877 5413 alterius
1900 5364 2119 5427 generis

534 5442 853 5493 argumento
903 5428 1209 5481 Getwricus
1261 5441 1441 5497 po~tea
1489 5431 1701 5483 occidit.
1754 5431 1946 5483 Narrat
2000 5432 2117 5486 haec

540 5499 739 5550 γλαον,
783 5498 888 5551 Sed
934 5514 1038 5566 quo
1072 5500 1258 5552 tnottis
1299 5512 1613 5569 argumento
1648 5500 1725 5553 vel
1764 5517 1961 5567 genere
1986 5517 2113 5555 eu-

538 5571 733 5621 tinctus
776 5570 1120 5623 Sebastianus
1152 5570 1310 5624 fuerit
1340 5590 1443 5622 n~.n
1475 5571 1655 5623 tradit.
1694 5570 1885 5625 Fuerat
1934 5582 2114 5626 autem

537 5642 626 5695 ille
680 5641 872 5692 invidia
926 5639 1293 5711 praefectorum
1342 5642 1567 5694 Romani
1613 5643 1901 5704 extrrcitus,
1959 5643 2115 5711 quasi

537 5712 823 5782 perduellis
854 5710 1189 5782 existimatus
1231 5712 1455 5765 Romani
1500 5714 1736 5779 imperii;
1768 5712 1838 5766 ob
1884 5710 2115 5782 eantque

535 5798 751 5842 causam
789 5781 957 5836 factus
990 5781 1237 5846 extorris,
1294 5798 1357 5836 ex
1393 5784 1641 5851 Hispania
1678 5785 1727 5836 itt
1762 5784 1992 5837 Atricatn
2029 5781 2109 5837 ad

1944 4596 2120 4637 trans-

2150 4478 2207 4538 Β
2231 4462 2347 4538 ηκιὲ

2243 3286 2348 3328 teni
2372 3276 2423 3327 in
2458 3288 2618 3341 regno
2646 3287 2798 3325 suum
2838 3269 3076 3339 perimit,
3109 3268 3331 3339 ejusque
3354 3269 3584 3339 populos
3607 3267 3698 3323 sibi
3721 3280 3797 3337 pa-

2238 3381 2361 3422 rere
2379 3363 2679 3431 compellit.

2313 3456 2822 3515 VALENTINIANO
2857 3454 2919 3509 VI
2949 3454 3036 3510 ET
3061 3454 3085 3492 κ
3118 3454 3303 3510 ΝΟΜΟ
3328 3455 3515 3513 COSS.

2227 3594 2559 3652 Geisericutn
2594 3608 2651 3645 se
2680 3590 2927 3645 contulit.
2964 3590 3285 3658 Spondanus
3328 3598 3459 3643 tom.
3493 3589 3790 3659 lEpitomes

2270 3682 2353 3718 εδει.
2389 3667 2513 3718 ($57.
3348 3677 3393 3703 κ

2270 3685 2293 3716 il
2344 3707 2353 3716 .
2389 3682 2513 3718 (ηι.
3348 3682 3393 3703 κ

2230 3682 2263 3736 p
2301 3682 2333 3774 fg
2363 3736 2458 3789 llic
2492 3735 2697 3786 variant
2724 3732 2940 3786 codices
2972 3750 2983 3784 :
3018 3732 3108 3786 alii
3136 3732 3517 3799 lt:tltent,.apud
3544 3731 3794 3794 barbaros;

2227 3808 2336 3864 alii.
2364 3808 2501 3874 apud
2546 3805 2849 3864 barbarum;
2891 3805 2977 3856 alii
3006 3845 3021 3867 ,
3073 3803 3213 3867 apud
3253 3804 3537 3874 barbarnnt
3560 3818 3795 3856 animum.

2228 3872 2530 3932 Notandum
2565 3877 2779 3927 interitu
2816 3878 2867 3927 in
2901 3877 2998 3926 hoc
3032 3874 3256 3928 arttCulo
3284 3886 3335 3926 et
3364 3877 3483 3927 aliis
3502 3872 3797 3927 Griseiit‘um

2228 3950 2334 4018 legi
2368 3958 2420 4000 et
2449 3946 2799 4009 Gensericum,
2842 3950 2893 3999 in
2943 3945 3171 3998 diversis
3215 3945 3363 3997 libris
3402 3954 3457 3999 et
3508 3945 3798 3999 anetortbus

2236 4036 2371 4088 quos
2396 4029 2674 4070 enumerat
2708 4018 2992 4070 Pontacns.

2310 4101 2333 4137 ετ
2366 4090 2419 4143 In
2448 4089 2761 4158 quibusdam
2796 4088 3092 4141 Alriovinda
3118 4095 3164 4140 et
3194 4087 3395 4150 Ausila,
3446 4100 3541 4140 seu
3599 4084 3762 4138 Ansila
3782 4122 3795 4145 .

2232 4163 2451 4225 Ausilia,
2482 4173 2535 4213 et
2566 4160 2829 4213 Anarilia.

2306 4231 2332 4269 in
2371 4233 2425 4285 1η
2459 4230 2778 4297 quibusdam
2806 4228 3101 4291 codicibus,
3135 4229 3535 4291 provinciarum.

2310 4314 2325 4340 ι
2370 4303 2442 4357 lia
2480 4296 2615 4355 redit.
2667 4301 2869 4354 Chron.
2913 4299 3147 4361 Labbei,
3206 4314 3337 4352 mss.
3384 4299 3537 4354 Colb.
3582 4296 3719 4355 duo.
3753 4301 3804 4350 et

2229 4376 2366 4441 Aug.
2400 4373 2599 4426 codex.
2633 4372 3005 4435 Pontacus,t-x
3038 4386 3163 4424 mss.
3190 4371 3511 4425 CaSsiodoro
3535 4378 3592 4424 et
3618 4367 3799 4429 Fastis.

2336 4447 2399 4512 gis
2432 4444 2619 4512 probat
2648 4443 2772 4508 legi,
2811 4441 3055 4512 Paterno.

2308 4508 2512 4581 i'Ap'ud
2546 4514 2699 4577 l.ab.,
2725 4526 2854 4565 mss.
2882 4510 3038 4564 Colb.
3074 4512 3207 4563 duos
3232 4520 3286 4563 et
3307 4511 3532 4579 August.
3560 4509 3708 4571 cod.,
3729 4508 3803 4562 di-

2232 4586 2464 4657 tigcntia.
2497 4584 2675 4657 Alibi,
2704 4582 3003 4657 diligentiae.
3040 4582 3107 4636 Et
3134 4581 3277 4635 intra
3308 4584 3359 4636 in
3393 4582 3586 4637 eodem
3608 4582 3798 4636 Chron.

2235 4655 2455 4721 Lahbei,
2486 4655 2872 4724 turpitudinem.

2305 4725 2328 4763 ἰ
2354 4728 2453 4780 Ms.
2498 4722 2652 4778 Colb.
2697 4740 2855 4786 unus,
2896 4722 3219 4793 NomoaSic
3259 4724 3448 4778 scribit
3487 4722 3801 4793 Spondauus

2232 4813 2351 4864 pag.
2400 4794 2535 4858 651,
2576 4810 2674 4847 nec
2711 4794 2813 4863 legi
2848 4795 3045 4862 patitur
3081 4791 3274 4864 Nonio.
3317 4791 3600 4860 Quomodo
3634 4806 3799 4847 tamen

2230 4863 2487 4921 scribitur
2541 4868 2593 4919 in
2641 4865 2843 4918 Chron.
2894 4863 3116 4927 Labbci,
3169 4873 3224 4918 et
3269 4866 3508 4921 editione
3557 4872 3798 4933 antiqua.

2231 4938 2595 5004 licetAugust.
2616 4934 2785 4989 Nonio
2809 4936 3080 5003 prmferat.
3109 4934 3531 5004 Lectioncmque
3560 4947 3801 5004 nosnam

2230 5018 2411 5063 tuetur
2442 5003 2586 5061 idem
2618 5006 2881 5060 Pontacus
2910 5006 3109 5059 ibidem
3138 5022 3207 5060 ex
3240 5022 3368 5060 mss.
3403 5003 3681 5074 pluribus,
3712 5003 3803 5058 Fa-

2226 5081 2327 5133 stis
2358 5078 2575 5140 Siculis,
2604 5078 2936 5141 Marcellino,
2971 5077 3321 5141 CaSsiodoro,
3355 5088 3475 5146 post
3506 5077 3699 5132 Ἐπειοὸ
3723 5090 3804 5129 ca-

2229 5151 2511 5217 pitoliuos.
2537 5150 2811 5217 Sigonium
2837 5158 2892 5201 et
2916 5148 3181 5201 actionem
3211 5148 3234 5201 I
3273 5148 3487 5203 concilii
3512 5147 3836 5202 Chalcedon

2228 5222 2429 5275 neusis.
2481 5220 2605 5273 Post
2654 5223 2767 5273 haec
2825 5226 3006 5271 autem
3049 5219 3099 5288 in
3147 5218 3278 5272 edit.
3324 5222 3544 5288 antiqua
3593 5230 3652 5274 et
3706 5230 3803 5288 ms.

2224 5292 2377 5345 Colb.
2413 5307 2517 5343 uno
2544 5289 2741 5343 desinit
2773 5288 3021 5356 Prosperi
3044 5286 3351 5343 Cltrouieou
3382 5292 3434 5342 iit
3462 5286 3584 5343 haec
3619 5287 3803 5347 verba.

2225 5361 2328 5414 Hic
2365 5363 2477 5425 finit
2514 5359 2737 5426 Prosper
2778 5370 2888 5429 post
2921 5358 3315 5429 Hieronymum.
3348 5360 3615 5415 Nonnulla
3647 5362 3802 5412 etiam

2222 5433 2617 5500 subiunguntur
2654 5434 2704 5483 iit
2748 5446 2855 5483 uno
2882 5446 2947 5482 ex
2978 5445 3108 5483 mss.
3146 5430 3476 5485 Colbertints
3515 5438 3595 5500 (et
3636 5429 3805 5482 Lodo-

2224 5506 2393 5555 niensi
2426 5499 2453 5552 a
2487 5500 2723 5554 Pontacu
2748 5499 2921 5567 lecui)
2957 5516 3126 5566 ttsque
3149 5504 3213 5555 ad
3244 5499 3577 5556 Consulatum
3617 5500 3803 5552 Valen-

2221 5573 2409 5626 tiuiaui
2442 5586 2556 5635 vlle,
2595 5573 2821 5639 ejusque
2852 5586 3041 5625 necem
3070 5587 3121 5625 et
3156 5571 3356 5627 Urbem
3389 5585 3596 5639 ettptattt
3624 5586 3653 5623 a
3688 5568 3803 5625 Gei-

2221 5645 2396 5696 sericn
2429 5659 2442 5695 :
2470 5642 2609 5694 inter
2631 5648 2766 5711 fqua:
2809 5643 3055 5711 leguntur
3104 5644 3168 5695 ad
3212 5644 3416 5699 calcent
3451 5644 3640 5697 eadem
3694 5654 3809 5704 qua:

2224 5715 2405 5767 itidem
2460 5722 2583 5765 sttnt
2612 5714 2677 5765 ad
2734 5715 2934 5767 calcem
2977 5714 3027 5764 in
3069 5713 3338 5781 Prospero
3379 5716 3606 5777 Pitltai,
3651 5714 3812 5780 idque

2222 5784 2409 5839 iisdem
2442 5783 2552 5838 fere
2574 5784 2749 5841 verbis
2764 5796 2979 5857 sumpto
3004 5784 3157 5838 initio
3184 5784 3252 5839 ab
3273 5800 3335 5841 ea
3365 5785 3609 5854 periodo,
3650 5782 3813 5837 Attila
