4006 6356
221 386 314 444 601

286 503 476 561 ᾸΞΤΙΟ
510 503 578 560 ΙΙΙ
635 504 722 560 ΕΤ
743 504 1148 563 SYMMACIIO.

282 610 305 635 ι
331 596 673 653 CALLEPIO
704 597 793 653 ET
825 598 1227 675 ABDABURE.

280 690 596 765 [Eutychos
646 690 1039 746 bieresiarches
1076 692 1625 763 Coustantinopolitis
1675 707 1802 765 pre-

218 788 425 856 ;byter,
468 784 636 840 fretus
664 784 958 839 Theodosii
1003 786 1234 855 Augusti
1275 787 1544 850 amicitia,
1576 796 1801 842 conatus

210 889 288 932 c~t
333 891 442 932 non
490 875 784 938 perfectum
832 876 1107 931 hominem
1159 876 1213 931 in
1259 878 1477 933 Christo
1528 893 1796 933 asserere.

211 970 412 1024 Contra
462 983 620 1039 quem
668 967 961 1022 Flavianus
1013 968 1258 1033 ejusdem
1319 969 1467 1023 urbis
1512 970 1799 1039 episcopus

212 1063 634 1130 suscipiens...”
668 1078 786 1115 cum
817 1060 1197 1117 sacerdotibus
1224 1061 1337 1115 suis
1365 1062 1647 1115 damnatus
1678 1070 1795 1124 est,

136 1155 146 1167 '
206 1164 428 1208 auctore
463 1156 723 1209 Dioscoro
756 1153 1138 1208 Alexandrina:
1168 1153 1319 1207 urbis
1356 1153 1629 1223 episcopo.
1654 1153 1797 1208 Con-

208 1259 281 1297 ira
305 1261 473 1315 quem
502 1260 636 1315 papa
668 1244 828 1300 Urbis
851 1244 960 1299 Leo
988 1245 1134 1299 misit
1159 1244 1492 1314 episcOpiim,
1521 1245 1799 1317 presbyte-

208 1352 345 1402 rum,
379 1348 437 1391 et
469 1337 782 1393 diaconum.
817 1337 917 1404 Qui
962 1337 1208 1406 injuriam
1254 1338 1432 1405 passi,
1480 1337 1793 1393 Flavianum

207 1430 463 1483 nuntiant
489 1432 540 1484 in
573 1430 890 1485 defensione
928 1429 1191 1484 catholica
1218 1445 1310 1500 per
1336 1429 1562 1499 injurias
1591 1430 1797 1499 gravis-

204 1523 370 1575 simas
401 1522 687 1577 defecisse.

273 1611 772 1669 POSTIIUMIANO
805 1612 890 1667 ET
915 1611 1211 1668 ΖΕΝΟΝΕ.

268 1705 619 1762 Theodosius
649 1709 939 1771 imperator
973 1721 1069 1775 pro
1096 1705 1412 1761 defensione
1442 1706 1793 1777 Eutbyehetis

204 1798 447 1853 Leonem
476 1814 663 1867 papam
698 1797 855 1853 Urbis
888 1798 953 1852 ad
988 1814 1047 1853 se
1075 1811 1234 1853 vocat
1266 1816 1279 1851 :
1311 1799 1541 1868 quidum
1573 1800 1652 1853 ire
1680 1800 1794 1853 vei-

1412 389 1808 448 CHRONICUM
1852 392 2227 452 INTEGltUM.

1828 513 1875 571 Α
1905 510 1993 566 nis
2036 514 2361 568 sententiam
2412 517 2580 572 tulit:
2630 519 2959 575 reclamante
3007 518 3213 576 Hilario
3256 521 3490 577 diacono

3384 404 3490 463 602

1906 602 2171 659 Ecclesiae
2225 606 2513 674 Romanae,
2546 611 2635 678 qui
2683 612 2803 667 vice
2852 614 3026 669 sancti
3076 614 3275 670 Leonis
3315 632 3486 686 papa,

1903 710 2029 750 cum
2083 696 2229 750 Julio
2278 701 2536 770 episeopo
2579 702 2882 761 Puteolano
2923 721 2952 759 a
2990 707 3120 762 sede
3176 711 3488 776 Apostniica

1902 787 2079 843 fuerat
2126 788 2427 846 destinatus
2459 804 2506 847 ε.
2547 794 2678 849 Nam
2727 812 2847 851 cum
2892 812 3085 853 omnes
3132 801 3374 869 episcopi
3432 802 3487 857 in

1901 882 2133 937 concilio
2158 885 2461 950 constituti,
2492 887 2539 939 vi
2570 898 2624 942 et
2655 899 2798 944 metu
2820 892 3104 959 comitum,
3124 894 3208 947 vel
3232 894 3488 960 militum,

1899 988 2036 1044 quos
2060 973 2320 1029 Dioscoro
2344 976 2724 1034 Alexandrina:
2758 983 2910 1038 urbis
2938 984 3197 1055 episcopo
3224 986 3490 1042 attribue-

1899 1074 1983 1119 rat
2018 1066 2345 1134 imperator.
2386 1072 2846 1140 compellerentur
2883 1074 3006 1129 huic
3043 1075 3238 1132 haeresi
3269 1093 3487 1134 accom-

1901 1160 2121 1213 modare
2165 1175 2525 1227 consensum;
2559 1176 2887 1221 memoratus
2931 1168 3189 1223 diaconus
3226 1172 3367 1226 inter
3408 1179 3487 1226 tot
3554 1158 3557 1163 ’

1898 1248 2019 1303 vita:
2037 1252 2270 1317 pericula
2284 1252 2633 1315 constitutus.
2650 1271 2782 1309 voce
2795 1258 3238 1315 contradictionis
3260 1263 3481 1331 emissa,

1895 1355 2018 1395 cum
2048 1344 2101 1394 in
2132 1342 2249 1411 ejus
2278 1352 2504 1412 propter
2533 1345 2635 1401 hoc
2679 1348 2974 1414 perniciem
3009 1364 3107 1403 szei
3122 1351 3321 1418 iretur;
3353 1354 3482 1409 reli-

1895 1434 1998 1488 ctis
2028 1433 2139 1488 illic
2165 1436 2417 1489 omnibus
2444 1437 2577 1505 suis,
2614 1438 2843 1493 latenter
2864 1440 3148 1507 abscessit,
3177 1454 3232 1496 ut
3262 1445 3485 1512 praefato

1899 1541 2069 1595 papm,
2118 1526 2201 1581 vel
2243 1528 2453 1581 cteteris
2486 1528 2652 1583 Italia:
2697 1532 3103 1598 sacerdotibus,
3148 1536 3378 1604 qualiter
3409 1537 3483 1593 ibi

1895 1618 2161 1673 catholica
2206 1619 2337 1673 fides
2368 1620 2541 1675 fuerat
2572 1623 2803 1689 violata,
2837 1640 2931 1679 sua
2960 1626 3236 1685 delatione
3268 1645 3483 1701 prome-

1895 1717 2000 1763 ret.

1964 1799 2197 1856 Sanctus
2232 1804 2370 1858 vero
2416 1804 2707 1859 Flavianus
2730 1847 2743 1871 ,
2776 1807 2918 1862 inter
2964 1824 3157 1867 manus
3195 1827 3417 1881 eorum,
3451 1830 3483 1871 a

204 1892 293 1958 lei,
325 1906 358 1944 a
398 1894 595 1961 popqu
625 1892 953 1962 prohibitus,
975 1892 1142 1964 750
1172 1892 1521 1962 presbyteros
1538 1902 1591 1946 et
1612 1891 1793 1946 diaco-
1826 1899 1869 1956 Β
1898 1894 2093 1963 quibus
2117 1897 2167 1950 in
2203 1897 2451 1951 exsilium
2483 1897 2809 1965 ducebatur,
2842 1902 3083 1970 glorioso
3108 1903 3176 1960 ad
3205 1906 3481 1965 Christum

205 1999 294 2038 nes
320 1971 555 2037 dircxii.

264 2074 290 2113 δ
318 2073 631 2130 ASTURIO
665 2073 752 2129 ET
774 2072 1216 2129 PROTOGENE.

264 2165 473 2222 lterum
505 2166 677 2219 vocati
704 2164 958 2220 catholici
992 2164 1307 2237 audiendi.]

268 2258 385 2313 Hoc
418 2264 667 2327 tempore
713 2257 1045 2329 Eutycliiaua
1077 2257 1301 2312 haeresis
1332 2267 1521 2311 exorta
1550 2248 1668 2323 est,
1698 2272 1793 2311 ao-

200 2360 351 2406 ctore
384 2348 631 2421 Eutyche
652 2350 883 2419 quodam
900 2349 1241 2419 presbytero,
1262 2349 1351 2417 qui
1366 2348 1503 2418 apud
1528 2348 1795 2403 Constan-

202 2443 485 2512 tinopolim
516 2443 849 2498 monasterio
879 2442 1237 2497 celeberrimo
1268 2442 1612 2511 prtesidebat,
1657 2458 1793 2511 pra:-

200 2536 385 2589 dicans
425 2533 613 2589 Iesum
649 2534 926 2588 Christum
975 2533 1264 2588 Dominum
1313 2543 1587 2596 nostrum,
1623 2533 1792 2587 beata:

200 2627 382 2682 Maria:
414 2624 653 2696 Virginis
682 2624 905 2690 Filium,
925 2625 1058 2679 nihil
1086 2634 1352 2679 materna:
1381 2626 1635 2678 habuisse
1664 2624 1792 2678 sub-

198 2722 437 2786 stauiim,
483 2720 581 2775 sed
612 2720 713 2774 sub
741 2723 922 2788 specie
964 2719 1198 2774 hominis
1229 2719 1399 2773 solam
1436 2718 1489 2772 in
1531 2733 1597 2772 eo
1630 2717 1788 2771 Verbi

200 2816 291 2871 Dei
342 2817 521 2870 fuisse
563 2828 832 2869 naturam.
896 2815 977 2869 0b
1010 2829 1171 2883 quam
1214 2812 1547 2881 impietatem
1594 2827 1622 2865 a
1670 2810 1791 2865 Fla-

199 2909 360 2965 viano
387 2907 636 2976 ejusdem
680 2907 829 2962 urbis
858 2907 1146 2975 episcopo,
1180 2906 1302 2975 quia
1336 2904 1535 2973 corrigi
1580 2903 1749 2957 uoluit
1770 2945 1785 2969 ,

200 3001 607 3056 condemnatus
632 3008 735 3053 est.
767 2996 876 3054 Sed
921 2997 1095 3052 fidens
1124 2998 1359 3051 amicitia
1396 2998 1537 3063 regia
1566 3003 1620 3047 ct
1655 2995 1793 3049 auli—

199 3106 387 3147 corum
423 3093 630 3157 favore,
662 3090 730 3145 ab
757 3089 1049 3144 universali
1090 3090 1301 3161 synodo
1328 3102 1385 3141 se
1412 3087 1658 3157 poposcit
1695 3101 1791 3139 au-

199 3183 297 3238 diri
326 3200 341 3236 :
374 3189 655 3236 annuente
684 3181 1014 3249 imperatore
1037 3178 1369 3244 Theodosio,
1400 3178 1493 3248 qui
1529 3178 1600 3232 oh
1632 3176 1790 3245 hujus

1897 1985 2001 2039 fine
2032 1988 2295 2041 transivit.

1970 2077 2487 2135 VALENTIMANO
2515 2081 2605 2135 VII
2637 2082 2722 2136 ET
2750 2083 3027 2140 AVIENO.

1964 2167 2301 2224 Prievalente
2350 2172 2543 2225 iterum
2600 2188 2735 2243 papa
2788 2174 3009 2240 Leone,
3058 2178 3366 2249 diriguntur
3412 2182 3482 2238 ad

1891 2258 2168 2314 Orientem
2192 2258 2216 2297 ἀ
2240 2264 2607 2333 presliyteriet
2636 2264 2917 2332 diacunes,
2944 2268 3010 2321 ad
3042 2269 3198 2342 751
3229 2271 3478 2328 hareslm

1890 2352 2295 2407 confutandam.
2356 2354 2423 2409 Et
2461 2358 2652 2411 eodem
2696 2373 2840 2413 anno
2892 2360 3090 2415 defecit
3134 2362 3480 2421 Theodosius

1894 2447 2183 2512 Augustus.
2208 2454 2230 2481 ⁸

1964 2534 2274 2589 Theodosio
2299 2536 2624 2605 imperatore
2650 2539 2794 2595 diem
2823 2541 3027 2608 functo,
3057 2553 3112 2598 et
3135 2543 3479 2616 Clirysaphio

1894 2627 2212 2695 prieposito,
2242 2629 2333 2696 qui
2364 2628 2598 2683 amicitia
2643 2632 2905 2700 principis
2936 2634 3078 2688 male
3108 2650 3235 2690 usus
3264 2635 3439 2692 fuerat
3458 2678 3475 2704 ,

1892 2716 2246 2785 interempto;
2274 2719 2586 2775 Mucuaus
2614 2722 2978 2777 consensione
3006 2725 3175 2779 totius
3205 2728 3479 2783 exercitus

1891 2812 2125 2878 suscepit
2179 2827 2427 2881 regnum,
2477 2809 2558 2867 vii-
2606 2814 2992 2884 gravissimus,
3049 2827 3105 2872 et
3145 2834 3251 2874 non
3298 2819 3473 2875 solum

1891 2901 2223 2970 reipublicae.
2257 2904 2352 2957 sed
2378 2903 2544 2959 etiam
2576 2906 2832 2961 Ecclesia:
2860 2910 3317 2977 pernecessarius.

1964 2992 2131 3062 Hujus
2159 2993 2352 3049 ciliciis
2374 2996 2691 3064 apostolicae
2722 2998 2870 3051 sedis
2906 2999 3283 3055 auctoritatem
3320 3013 3479 3054 secu-

1894 3086 1982 3148 tis,
2013 3087 2253 3157 synodus
2287 3087 2562 3155 Ephesina
2586 3088 2900 3155 damnatus,
2928 3100 2982 3143 et
3008 3090 3148 3159 apud
3175 3088 3481 3147 Chalcedo-

1892 3192 2014 3232 neiu
2049 3177 2313 3232 celebrari
2350 3178 2635 3233 concilium
2668 3179 2982 3249 episcOpale
3022 3180 3339 3235 decernitur
3379 3200 3392 3234 :
3421 3191 3482 3238 ut

198 3291 379 3331 causa:
412 3274 855 3328 rctractationem
894 3285 1083 3326 omnes
1104 3272 1389 3341 episcopos
1412 3270 1575 3339 jussit
1606 3268 1787 3337 Ephe-
1814 3267 1862 3327 C
1894 3270 2153 3325 correctis
2179 3272 2337 3325 venia
2362 3273 2693 3340 mederetur,
2722 3281 2778 3329 et
2808 3275 3111 3343 pertinaces
3137 3289 3258 3330 cuin
3285 3274 3482 3331 haeresi

199 3382 312 3423 sum
334 3366 663 3423 convenire.

264 3461 323 3516 In
346 3476 465 3529 quo
494 3458 728 3515 concilio
759 3457 1048 3512 Dioscorus
1072 3455 1474 3511 Alexandrinus
1496 3454 1786 3524 episcopus

200 3552 499 3622 primatum
526 3548 628 3603 sibi
658 3548 957 3615 vindicans,
994 3548 1244 3601 absoluto
1285 3547 1549 3617 Eutyche,
1584 3548 1636 3598 in
1662 3544 1786 3597 Fla-

201 3645 422 3699 vianum
455 3643 766 3712 episcopum
796 3640 1455 3709 Constantinopolitaniim
1484 3638 1785 3693 damnatio-

200 3827 251 3878 in
275 3824 489 3879 sedibus
519 3831 738 3887 mortuo,
775 3840 959 3893 inagna
990 3832 1121 3875 mter
1164 3822 1297 3889 ﬁlios
1329 3821 1485 3893 ipsius
1515 3831 1793 3873 certamina

199 3898 261 3949 de
286 3894 569 3949 obtinendo
598 3909 752 3961 regno
777 3904 978 3958 exorta,
1014 3904 1119 3949 etc.
1164 3893 1313 3948 Unde.
1343 3892 1652 3946 certissime
1681 3896 1793 3945 col-

200 3967 307 4035 ligo
337 3965 555 4033 (subdit
583 3966 983 4019 illustris-iuius
1004 3962 1345 4035 Vasatensis)
1374 3964 1523 4015 illuni
1546 3962 1791 4016 codicem

199 4034 305 4091 non
342 4037 526 4088 solum
558 4049 681 4089 esse
707 4050 1025 4104 germanum
1051 4034 1296 4101 Prospeii
1320 4036 1649 4104 Chronicou,
1668 4050 1788 4104 cuin

198 4124 262 4162 ea
295 4106 485 4159 omnia
512 4103 841 4170 haheatiiuze
878 4106 1080 4172 pridem
1110 4104 1422 4158 Gennadius
1459 4103 1788 4167 designavit.

199 4178 429 4234 Orditiir
457 4177 599 4228 cuiui
623 4178 691 4228 ab
712 4177 941 4239 Adamn,
972 4186 1025 4230 et
1051 4176 1265 4229 tandem
1297 4178 1348 4228 iii
1374 4190 1560 4229 necem
1595 4173 1788 4228 Valen-

199 4246 393 4303 tiniani
450 4245 679 4309 desiuit,
727 4259 781 4299 et
823 4246 983 4301 Urbis
1024 4246 1471 4313 expugnationem
1520 4246 1711 4299 faciam
1759 4260 1790 4299 a

200 4320 511 4374 Geiserico.
554 4318 657 4371 Sed
693 4320 855 4370 etiam
890 4317 1024 4369 illud
1058 4318 1252 4371 PilhtBi
1290 4331 1407 4369 esse
1437 4316 1663 4369 alti-rius
1696 4332 1791 4368 au-

198 4390 396 4450 ctoris,
430 4388 520 4456 qui
546 4388 786 4455 quaedam
818 4388 1105 4453 exscripsit
1131 4402 1196 4441 ex
1220 4385 1486 4441 Chronico
1512 4388 1785 4454 Prosperi,

199 4472 251 4514 et
292 4472 551 4513 n0sirum
594 4474 687 4511 scit
727 4457 1056 4513 Ulricianum
1107 4458 1125 4527 (
1164 4463 1535 4525 Augiistanum
1560 4457 1791 4527 ﬁsucavi-

200 4531 354 4599 mns)
380 4538 440 4581 et
467 4531 570 4581 alia
602 4528 907 4595 hujusmodi
932 4544 1054 4583 esse
1077 4530 1292 4597 quidem
1325 4526 1790 4599 Piosperiniajori

199 4618 262 4656 ex
296 4597 485 4668 parte;
513 4599 604 4651 sed
632 4613 785 4653 aucia
812 4600 881 4651 ab
910 4600 1050 4661 aliis,
1074 4600 1155 4651 vel
1190 4615 1215 4648 a
1242 4599 1422 4651 Mileto
1448 4597 1783 4668 seuMelito,

198 4667 305 4740 qui,
325 4670 585 4723 similiter
609 4670 1083 4740 aiixitClironicon
1111 4669 1323 4733 lsidori,
1356 4668 1437 4740 vel
1464 4669 1531 4720 ab
1549 4667 1668 4740 ipso
1687 4668 1787 4740 _Ti-

201 4738 371 4806 rone,
433 4740 585 4806 cujus
643 4739 857 4807 praefert
919 4756 1141 4801 nomen,
1207 4755 1270 4793 es
1331 4738 1525 4807 quibus
1571 4738 1786 4792 duobus

196 4810 553 4873 excerpsisse
581 4824 639 4863 se
672 4808 953 4877 profitetur
977 4810 1245 4863 Marianas
1280 4826 1292 4861 :
1325 4809 1483 4876 idque
1518 4808 1567 4861 iu
1600 4809 1679 4862 eis
1710 4810 1783 4863 lo-

196 4883 275 4933 cis
320 4895 451 4947 qua:
494 4880 794 4932 imiaviiuus
839 4879 1139 4933 desiderati
1186 4894 1456 4933 consensu
1503 4878 1781 4934 librorum.

198 4951 484 5004 Hactenus
517 4950 785 5002 Arualdus
819 4950 1106 5002 Pontanus.

272 5033 296 5058 ι
332 5021 429 5076 sic
459 5032 611 5075 vocat
635 5020 835 5073 Chron.
863 5018 1084 5073 Labbei.
1106 5019 1199 5072 Ms.
1229 5019 1411 5081 Colb.,
1432 5018 1616 5071 Alibio.
1648 5022 1781 5085 Aug.

193 5094 355 5157 rod.,
386 5090 556 5145 Albia.
584 5090 792 5155 SpOnd.
822 5091 889 5142 ad
916 5105 1113 5143 annum
1144 5090 1282 5153 447,
1312 5089 1495 5158 Alypio
1525 5089 1627 5141 sive
1662 5088 1782 5141 Cal-

194 5165 343 5232 lypio
367 5172 417 5217 et
453 5161 759 5232 Ar‘daburio.
796 5160 1067 5232 Ai'tiCiilus
1102 5160 1418 5232 subiunctus
1451 5174 1554 5211 non
1588 5159 1786 5227 legitur

194 5228 490 5287 inChrou.
518 5229 738 5293 Labhei,
764 5231 857 5283 sed
884 5232 936 5282 in
969 5246 1097 5282 mss.
1129 5228 1285 5283 Colb.
1312 5241 1361 5283 et
1393 5228 1530 5296 Aug.

268 5305 293 5339 ι’
340 5302 475 5370 Qua:
526 5301 613 5356 hic
650 5299 857 5371 duobus
898 5299 979 5371 his
1018 5301 1187 5368 signis
1221 5298 1243 5371 [
1386 5296 1406 5369 ]
1441 5298 1784 5354 includuntur

188 5375 397 5427 nihil!“
426 5373 646 5425 omnino
684 5388 710 5423 a
745 5370 929 5423 codice
959 5370 1156 5423 Lalibei
1191 5370 1486 5439 {leguntur
1516 5381 1697 5423 autem
1731 5373 1779 5424 in

192 5460 301 5497 ius.
361 5441 677 5496 Colbertiuo
721 5451 774 5495 et
816 5445 1131 5509 Augiistano
1172 5442 1388 5506 codice,
1429 5456 1551 5493 cum
1594 5441 1780 5495 eadem

190 5517 432 5570 lacuna.
489 5526 648 5576 quam
702 5526 833 5564 mss.
876 5510 1086 5564 defectu
1139 5512 1349 5579 replere
1410 5511 1779 5578 nequivimus.

187 5584 358 5651 Αρκά
402 5583 674 5636 Labbeuni
707 5597 833 5635 vero
868 5582 1176 5634 indicantur
1207 5592 1405 5635 tantum
1441 5592 1554 5651 tres
1588 5595 1785 5634 consu-

188 5656 343 5708 latus
379 5669 539 5719 supra
577 5652 742 5713 editi,
786 5652 986 5719 absque
1026 5651 1131 5704 ulla
1171 5652 1393 5705 historia
1424 5650 1555 5715 alia;
1587 5663 1783 5718 praeter

187 5725 535 5778 exactiorem
566 5723 949 5793 Eutliyjchianae
980 5721 1207 5775 haeresis
1240 5723 1632 5788 narrationem,
1663 5737 1782 5791 qua:

184 5800 297 5849 sub
330 5794 541 5847 Asturio
560 5802 605 5863 et
634 5790 919 5863 Protogene
946 5793 1266 5863 consulibus
1291 5795 1543 5863 refertur.

270 5882 277 5899 α
332 5864 539 5917 Praeter
566 5861 669 5917 hos
696 5861 999 5916 desiiiiaius
1022 5861 1193 5919 fuerat
1225 5872 1273 5916 ct
1298 5862 1531 5919 lienatus
1563 5861 1785 5932 presby-

1891 3362 2309 3431 depellerentur.

1969 3453 2207 3507 Placidia
2236 3454 2488 3508 defuncta
2514 3465 2593 3508 est
2624 3472 2652 3507 v
2684 3456 2944 3510 kalendas
2977 3456 3314 3511 Decembris.

1966 3544 2319 3599 MARCIANO
2344 3545 2671 3602 AUGUSTO
2705 3548 2793 3602 ET
2828 3546 3080 3601 FLAVIO
3109 3548 3476 3605 ADELPIIIO.

1970 3636 1987 3674 ι
2019 3638 2183 3691 Attila
2231 3648 2349 3708 post
2396 3654 2582 3694 necem
2629 3640 2831 3710 fratris,
2862 3654 3054 3699 auctus
3084 3642 3279 3711 upibus
3310 3646 3479 3698 inter-

1903 3826 1988 3897 ter
2019 3817 2158 3874 tituli
2197 3818 2254 3876 S.
2298 3820 2626 3897 Clementis_,
2668 3824 2757 3891 qui
2799 3823 2851 3877 in
2871 3822 2963 3897 via
3010 3821 3063 3877 in
3108 3822 3265 3897 Delos
3303 3825 3479 3897 insula

1895 3888 2037 3959 diem
2068 3904 2368 3944 extremum
2395 3891 2547 3945 obiit.
2584 3888 2790 3959 Quibus
2818 3894 3103 3959 adjunctus
3126 3902 3180 3947 et
3216 3893 3480 3951 Dulcitius

1896 3957 2093 4031 Leonis
2123 3964 2380 4021 notarius,
2406 3964 2488 4016 vir
2519 3957 2757 4031 probata:
2789 3957 2933 4017 fidei.

1966 4026 1993 4064 τι
2021 4032 2127 4107 lloc
2147 4048 2296 4107 anno
2326 4033 2385 4087 S.
2421 4026 2531 4107 Leo
2564 4034 2640 4107 ad
2667 4035 3029 4107 Theodosium
3059 4036 3280 4090 miserat
3306 4038 3478 4107 coepi-

1892 4116 2071 4165 scopos
2094 4103 2384 4156 Abundium
2407 4116 2455 4158 et
2477 4105 2753 4166 Asterium,
2778 4106 2867 4157 sed
2895 4114 2940 4157 et
2965 4104 3219 4159 Basiliam
3242 4116 3288 4158 et
3307 4103 3473 4163 Seria-

1893 4171 2430 4247 toremIfresiyteros,
2450 4192 2535 4239 per
2551 4192 2677 4244 quos
2698 4192 2812 4246 qua:
2842 4186 3013 4228 nostra
3036 4178 3133 4247 (ait
3160 4178 3211 4229 in
3240 4178 3477 4241 Epistola

1896 4256 2037 4293 nunc
2059 4242 2127 4294 52
2152 4243 2169 4307 )
2196 4242 2365 4311 [arma
2394 4260 2457 4299 sit
2482 4242 2623 4315 ﬁdei.
2655 4242 2995 4315 manifestatis
3028 4242 3475 4313 instructionilius,

1892 4327 2021 4380 quas
2046 4317 2297 4387 misimus,
2324 4320 2527 4385 possitis
2549 4318 2815 4387 dignanter
2836 4333 3119 4387 agnoscere.
3150 4317 3479 4374 Dediaconis

1896 4392 2073 4435 tamen
2123 4386 2175 4439 in
2223 4400 2285 4439 ea
2327 4388 2471 4441 nulla
2502 4386 2725 4440 meiiiio.
2772 4388 2833 4441 lli
2872 4386 3058 4442 autem
3109 4387 3476 4444 Theodosium

1887 4450 1999 4519 jam
2025 4452 2340 4526 defunctum
2365 4458 2715 4511 advenientes
2748 4468 3091 4526 repererunt.

1968 4532 1991 4560 ο
2022 4524 2117 4579 llic
2151 4529 2250 4580 loci
2286 4531 2337 4579 in
2369 4542 2469 4581 ms.
2504 4524 2823 4599 Colberiino
2847 4539 2903 4580 ei
2937 4528 3126 4599 codice
3156 4530 3478 4599 Augustano

1892 4590 2148 4662 leguniur
2170 4600 2446 4666 sequentia
2478 4597 2673 4667 quibus
2697 4614 2784 4650 res
2815 4598 2953 4666 apud
2989 4590 3270 4655 Labheuni
3304 4599 3478 4655 fusius

1892 4676 2121 4721 narratae
2150 4672 2309 4737 paulo
2335 4668 2498 4720 aliter
2555 4668 2886 4737 referuntur,
2937 4669 3150 4724 scilicet
3179 4687 3195 4725 :

2292 4739 2559 4793 Aoeuuio
2588 4736 2650 4790 ν.
2681 4735 2743 4793 C.
2789 4752 3047 4795 CONSULI.

1962 4806 2282 4863 Theodosius
2308 4822 2422 4860 cum
2454 4825 2637 4878 magna
2677 4824 2861 4878 pompa
2908 4828 2939 4861 a
2971 4809 3207 4862 Placidia
3230 4816 3277 4863 et
3309 4807 3476 4864 Leone

1889 4893 1934 4933 ei
1962 4880 2099 4933 omni
2124 4889 2304 4929 senatu
2328 4878 2597 4943 deductus,
2636 4891 2680 4931 et
2722 4880 2774 4932 in
2812 4881 3073 4933 niausoleo
3093 4880 3161 4931 ad
3184 4880 3475 4946 apostolum

1894 4949 2100 5003 Petrum
2124 4948 2389 5010 depositus
2420 4958 2512 5002 est.

1962 5018 2272 5089 Iyuntiaiiir,
2290 5018 2531 5086 defuncto
2548 5017 2861 5084 Theodosio,
2879 5033 3091 5089 regnare
3108 5016 3435 5072 Marcianum
3455 5036 3474 5073 :

1888 5100 1937 5144 et
1965 5088 2242 5142 Pulclieria
2284 5089 2397 5157 ejus
2444 5094 2636 5161 conjua:
2669 5088 3083 5161 Augusta’facta
3128 5097 3217 5141 est.
3276 5088 3318 5141 Α
3373 5106 3477 5161 quo

1888 5162 2183 5213 damnatur.
2205 5161 2257 5212 lu
2280 5164 2439 5230 Aug”
2462 5160 2573 5229 ejus
2601 5162 2870 5230 coniugem
2888 5160 3172 5230 Augustam
3194 5162 3405 5230 factum.
3432 5160 3475 5213 Α

1885 5235 2292 5318 εἰειῇιίαηιηαιυτ
2321 5226 2575 5301 Εἱιινὸιιεε
2593 5239 2641 5283 et
2663 5226 2834 5284 omnes
2864 5226 2986 5300 ejus
3006 5226 3251 5297 fautores.
3289 5227 3343 5281 In
3371 5245 3475 5284 ms.

1885 5303 2037 5356 Culb.
2068 5319 2079 5353 :

1958 5372 2263 5427 Maacunus
2292 5385 2591 5426 iurennoa
2617 5368 2777 5424 XLV.
2810 5368 3081 5425 REGNAVIT
3106 5384 3256 5424 ANNIS
3286 5386 3401 5425 vui.

1959 5441 2015 5495 In
2050 5447 2273 5505 August.
2318 5444 2525 5504 codice,
2575 5440 2639 5493 Et
2672 5443 2862 5492 levatus
2907 5449 2978 5493 est
3020 5441 3303 5508 imperator
3328 5441 3470 5495 Mar-

1886 5512 2065 5564 cianus
2087 5510 2305 5566 XLVII
2333 5513 2481 5564 annis
2516 5509 2653 5563 VIII

1961 5582 2107 5652 ‘_Ms.
2142 5587 2290 5637 tiolb.
2317 5593 2370 5635 et
2398 5586 2625 5648 August.
2659 5579 2830 5652 codex
2864 5578 3098 5647 brevius,
3130 5579 3317 5652 Pugna
3334 5585 3473 5650 facta

1885 5652 1936 5703 in
1970 5650 2154 5705 Galliis
2182 5657 2308 5705 inter
2338 5654 2533 5705 Aciium
2576 5658 2621 5701 et
2665 5648 2875 5701 Attilam
2917 5666 3081 5720 regem
3137 5648 3473 5720 Hunnorum,

1885 5738 1999 5775 cum
2026 5727 2283 5788 utriusque
2323 5722 2497 5788 populi
2540 5722 2693 5773 crede.
2731 5719 2882 5772 Attila
2926 5719 3132 5791 {rigatus
3178 5724 3227 5772 in
3276 5719 3472 5775 Gallias

1886 5800 2193 5860 superiores.
