4014 6348
163 433 254 497 617

1168 434 1448 497 CARMEN
1489 440 1576 495 DE
1618 437 2072 496 PROVIDENTIA
2116 439 2342 496 DIVINA

167 553 270 622 Quo
283 552 489 637 factum
513 552 925 637 estutLabbeus
949 553 1078 606 libro
1095 555 1168 637 de
1199 553 1970 637 Scriptoribus‘Ecclesiasticis,
1998 556 2111 604 tiret
2141 551 2348 637 a‘Jo‘an.
2380 552 2588 607 Hessels
2615 564 2661 637 et
2683 552 2841 637 J_oan.
2878 558 3126 637 Olivario.
3155 579 3281 637 quos
3308 565 3418 637 ipse

163 640 253 677 non
278 622 554 683 improbat,
585 624 780 676 idcirco
809 639 1063 677 annexum
1086 625 1258 693 fuerit,
1291 634 1343 677 ut
1365 629 1479 698 jam
1511 627 1825 678 observatum
1857 635 1946 686 est,
1972 624 2216 693 opusculo
2246 624 2364 676 ltuic
2385 640 2573 747 poema
2598 626 2660 677 de
2692 624 2938 697 Ingratis,
2972 648 3069 683 non
3101 622 3239 702 quod
3277 622 3416 690 ἱείωά

165 695 293 747 initio
318 692 567 747 Prosperi
600 695 939 747 existimatum
959 698 1042 747 sit.
1062 698 1152 747 sed
1175 706 1227 747 ut
1251 700 1532 747 remedium
1554 712 1777 747 presens
1805 712 1991 747 veneno
2014 703 2318 747 pararetur:
2343 696 2380 747 il
2406 713 2431 746 ε
2454 707 2618 747 tamen
2641 697 2691 747 in
2720 699 2812 747 hoc
2835 704 3144 747 nronendmt
3167 713 3223 747 ιιι
3243 708 3416 747 tradat

2406 713 2431 746 e

165 695 293 767 initi_o
318 692 573 767 Prosperi
600 695 939 767 etsistimatum
959 698 1042 755 sit,
1062 692 1152 748 sed
1175 706 1227 748 ut
1251 692 1532 750 remEdium
1554 712 1777 767 presens
1805 692 2318 767 veneno'pararetur;
2343 696 2380 748 il

2454 707 2618 749 tanien
2641 697 2691 770 in
2712 699 2812 770 _It0c
2833 697 3144 770 propendeat
3167 713 3223 759 ιιι
3243 708 3418 762 credat

163 781 216 818 ea:
245 762 601 841 Prosperianis
625 765 941 841 lineamentis
969 782 1082 841 qua
1104 769 1156 818 in
1185 767 1277 820 hoc
1305 783 1457 841 opere
1482 762 1750 841 agitavisse
1775 782 1828 820 se
1851 762 2125 829 existimat,
2157 765 2380 841 primum
2401 767 2633 841 deceptos
2661 762 2895 822 librarios
2924 762 3022 824 λος
3055 791 3183 841 opus
3215 779 3418 832 indubi.

164 845 312 912 tenter
334 834 594 912 Aquitano
631 850 805 912 nostro
847 835 1134 912 aﬂinxisse;
1164 854 1221 912 ea
1262 854 1388 904 pene
1423 834 1764 912 indiligentia,
1799 846 2176 912 qua‘tractatus
2207 836 2336 888 alios
2368 834 2668 912 istiusistylo
2695 842 2853 912 magis
2884 834 3222 912 repugnantes
3251 847 3418 902 eidem

163 905 398 982 ascribere
425 922 525 957 non
561 905 896 982 dubitarunt;
927 909 1019 982 etsi
1044 909 1174 982 illud
1202 913 1366 979 ipsum
1393 908 1456 960 ab
1490 905 1772 982 incmaro
1800 905 1862 982 ut
1884 905 2296 982 Prosperianum
2330 905 2640 982 recognitum
2669 905 3030 982 esse'legat'ur:
3048 917 3186 982 quod
3213 919 3420 982 quidem

162 975 448 1057 sententiam
474 977 812 1057 antiquiorem
835 979 1038 1057 probat.
1079 975 1398 1057 llttic'autem
1433 979 1662 1045 Opinioni
1695 979 1894 1057 occasio
1921 975 2059 1057 nasci
2092 978 2251 1057 potuit
2277 976 2413 1057 quod
2440 981 2652 1047 scriptor
2681 980 2777 1057 ille
2800 975 2902 1057 atro
2946 975 3187 1052 Proipert
3212 975 3415 1057 floruit,

163 1048 464 1116 carptimque
485 1062 580 1127 suo
600 1048 654 1099 in
685 1049 910 1101 carmine
946 1047 1297 1127 Yandalorum
1327 1047 1666 1127 Getarumque
1695 1065 1807 1127 seu
1825 1046 2109 1102 Gothorum
2149 1051 2201 1099 in
2230 1049 2396 1099 solum
2420 1046 2647 1100 nostrum
2673 1049 2980 1120 irruptiones
3005 1046 3247 1126 attigerit,
3292 1046 3422 1127 quo;

163 1131 265 1188 rant
291 1115 500 1169 sanans
536 1115 759 1185 Prosper
787 1128 834 1171 et
860 1121 1003 1172 testis
1025 1129 1070 1169 et
1095 1129 1332 1171 narrator
1362 1122 1458 1188 [uit
1483 1121 1535 1172 in
1568 1115 1854 1172 Chronicis.

227 1186 353 1271 Quae
379 1188 549 1271 omnia
577 1189 820 1268 attentius
849 1189 1178 1271 considerans
1206 1186 1773 1271 supradictusCen-sor,
1800 1205 1890 1271 nec
1916 1187 2206 1271 ulluntdtulc
2235 1197 2529 1267 tempestate
2562 1189 2613 1271 in
2644 1187 2847 1271 Galliis,
2875 1194 2989 1271 ubi
3009 1195 3126 1271 lure
3159 1201 3421 1271 ρνωιιὶραε

163 1261 490 1328 contigerunt,
526 1259 821 1326 scriptorem
851 1259 1072 1320 alicuius
1100 1259 1320 1313 nominis
1347 1260 1464 1313 huic
1501 1262 1842 1313 elucubrando
1886 1260 2098 1312 carmini
2131 1260 2367 1309 idoneum
2395 1259 2824 1322 animadvertetis,
2863 1264 3016 1325 facile
3043 1259 3284 1322 tribueret
3318 1259 3417 1326 'hoc

166 1343 276 1402 opus
309 1327 565 1402 Prospero
593 1340 784 1402 nostro,
817 1331 916 1402 nisi
936 1331 1154 1402 aliunde
1175 1332 1504 1384 dissimulare
1525 1332 1621 1383 sibi
1647 1331 1871 1397 nequiret
1900 1340 2147 1400 quantum
2179 1329 2383 1394 (lt/ferul
2405 1344 2611 1402 carmen
2643 1330 2778 1380 istud
2806 1347 2836 1382 a
2871 1337 3270 1402 fastigatissimi;
3300 1359 3418 1394 ειη-

164 1397 290 1480 sibus
319 1400 485 1480 sancti
521 1397 783 1480 Prospeti.
802 1398 972 1480 .Und‘e
1002 1418 1258 1480 quousque
1287 1402 1658 1480 endoc‘tiorum
1685 1397 1974 1480 criticoriim
2005 1403 2235 1480 egramine
2260 1411 2306 1452 et
2330 1400 2525 1480 iudicio
2551 1399 2640 1450 lux
2667 1404 2834 1472 major
2867 1397 3135 1474 a/fulbeat,
3167 1425 3198 1461 a
3210 1410 3419 1480 judicio

166 1469 327 1541 hacin
361 1486 414 1521 re
447 1470 656 1536 ferendo
683 1471 1036 1541 abstinendum
1064 1471 1160 1523 sibi
1189 1473 1400 1541 putavit.
1434 1470 1530 1524 Cui
1557 1488 1645 1524 nos
1687 1487 1882 1540 quoque
1905 1471 2004 1522 huc
2031 1472 2082 1521 in
2105 1480 2247 1540 parte
2277 1469 2660 1521 subscribimus.

226 1537 352 1620 Cum
383 1550 672 1620 nictent‘per
703 1540 870 1620 decem
899 1557 1078 1620 annos
1093 1537 1316 1620 integros
1337 1544 1418 1594 hic
1441 1543 1712 1620 descriptis
1736 1537 2387 1620 ealutnitatibusoppressa:
2412 1541 2744 1620 ingemuerint
2775 1539 2963 1595 Gallia:
2990 1555 3194 1612 nostras,
3218 1550 3421 1620 inquas

165 1609 247 1688 sub
268 1613 397 1688 armi
419 1609 525 1663 406
549 1611 700 1688 tinem
723 1613 1012 1673 irruperant
1034 1609 1285 1676 Barbari;
1306 1630 1406 1688 quo
1431 1624 1653 1688 tempore
1678 1613 1866 1664 Aucwr
1885 1620 2042 1688 antea
2065 1611 2343 1688 scribendis
2371 1610 2678 1688 cantantibus
2707 1628 2881 1688 renum
2906 1631 3139 1671 exercere
3164 1609 3418 1688 assuetus,

167 1679 482 1761 publicarunt
514 1680 831 1761 miseriarum
863 1692 1056 1761 partem
1080 1698 1197 1761 _non
1241 1679 1497 1761 modicam
1527 1679 1770 1761 [ειεῃεηιξ
1795 1682 2066 1761 scribendo
2105 1682 2604 1761 ‘retardat‘us‘fuerat
2629 1695 2647 1741 ;
2678 1685 2882 1736 tondent
2913 1701 3070 1755 anno,
3101 1698 3154 1741 ut
3184 1679 3420 1761 videtur;

163 1749 276 1815 416,
301 1752 487 1804 iterum
510 1767 564 1804 se
594 1753 662 1804 ad
691 1766 818 1818 Opus
848 1749 1042 1805 tamdiu
1074 1753 1421 1807 intermissum
1449 1749 1684 1806 accinxit.
1723 1751 1873 1806 Unde
1903 1753 2068 1820 operis
2095 1762 2293 1804 tetatem
2321 1749 2473 1818 facile
2501 1766 2769 1820 agnoscas.

188 1868 3422 1899 ________________________—______

769 1961 1290 2043 'CABMEN
1367 1973 1508 2041 DE
1585 1967 2337 2040 PROVIDENTIA
2411 1968 2822 2042 DIVINA.

298 2101 464 2175 785
504 2107 522 2126 '
560 2103 779 2158 MAXIIA
809 2118 931 2174 pars
962 2103 1125 2174 lapsis
1151 2103 1284 2159 abiit
1331 2103 1436 2158 iam
1467 2103 1737 2159 mensibus
1766 2108 1817 2165 Α

373 2284 488 2352 Quo
513 2286 719 2354 scripta
753 2295 836 2340 est
863 2301 1022 2340 versu
1055 2287 1243 2356 pagina
1266 2287 1406 2340 nulla
1439 2297 1546 2340 tuo.

299 2379 433 2448 Qua:
463 2389 569 2432 tant
603 2381 758 2448 longa
786 2381 884 2434 tibi
915 2395 1170 2450 peperere
1195 2379 1405 2435 silentia
1428 2379 1639 2434 causre‘l

375 2471 572 2538 Quisve
600 2470 754 2525 dolor
783 2482 1032 2526 maestum
1059 2472 1360 2541 comprimit
1396 2470 1706 2539 ingenium?

197 2566 230 2620 5
303 2565 640 2636 Quamquam
672 2574 726 2619 et
751 2564 859 2634 jam
907 2562 1090 2637 [Forte
1131 2562 1314 2638 etiam]
1356 2564 1608 2635 gravibus
1638 2579 1742 2617 non

519 2656 693 2710 absint
715 2658 949 2709 carmina
979 2658 1143 2722 curis,

379 2749 442 2804 Et
467 2749 714 2818 proprios
745 2748 975 2802 habeant
1000 2748 1173 2802 tristia
1196 2748 1358 2802 corda
1390 2748 1578 2804 modos
1604 2765 1614 2798 :

299 2844 382 2895 Ac
412 2841 457 2894 si
486 2848 538 2894 te
570 2837 723 2893 fracti
747 2840 1118 2908 perstringunt
1141 2840 1598 2905 vulneramundi,

374 2931 774 2999 Turbatumque
800 2945 900 2984 una
932 2931 974 2984 si
1002 2940 1114 2985 rate
1133 2929 1237 2985 fert
1260 2934 1506 3002 pelagus;

302 3022 570 3078 invictum
599 3023 786 3077 deceat
814 3023 1009 3078 studiis
1040 3037 1257 3078 servare
1285 3025 1541 3093 vigorem.

380 3112 486 3168 Cur
514 3129 765 3168 mansura
795 3124 1010 3183 pavent,
1041 3115 1085 3168 si
1113 3115 1318 3169 ruitura
1350 3115 1547 3170 cadunt
1567 3116 1593 3168 '.’

298 3209 348 3262 0
377 3206 502 3262 felix
527 3208 611 3262 cui
645 3215 790 3260 tanta
826 3207 933 3261 Deo
965 3206 1239 3262 tribuente
1267 3207 1488 3262 facultas

374 3301 630 3370 Contigit,
665 3311 722 3355 ut
750 3301 840 3355 tali
870 3311 1109 3370 tempore
1136 3301 1272 3356 liber
1296 3301 1451 3369 agat!

298 3393 476 3461 Quem
510 3408 616 3446 non
648 3392 920 3446 concutiat
947 3394 1120 3445 vicina
1143 3401 1324 3462 strage
1357 3393 1531 3454 ruina.

382 3484 713 3553 Intrepidum
752 3484 994 3538 ﬂammas
1025 3485 1164 3537 inter
1193 3493 1246 3536 et
1277 3484 1417 3537 inter
1445 3486 1646 3552 aquas?
1779 3493 1824 3552 Β

301 3575 418 3632 Nos
445 3586 627 3630 autem
657 3584 802 3629 tanta
829 3577 929 3629 sub
953 3583 1270 3643 tempestate
1301 3575 1586 3640 malorum,

377 3670 599 3725 lnvalidi
628 3669 826 3740 passim
859 3668 1118 3723 caadimur
1137 3677 1189 3722 et
1211 3667 1474 3721 cadimus.

299 3763 550 3834 Cumque
579 3765 816 3816 animum
850 3762 1034 3830 patria:
1064 3761 1229 3814 subiit
1275 3759 1527 3812 fumantis
1556 3760 1750 3826 imago,

375 3857 442 3912 Et
466 3857 617 3912 stetit
645 3869 772 3910 ante
799 3855 986 3909 oculos
1014 3855 1269 3922 quidquid
1301 3853 1497 3922 ubique
1520 3853 1676 3922 perit,

301 3951 652 4020 Frangimur,
685 3951 985 4005 immodicis
1011 3958 1066 4004 et
1095 3949 1310 4004 ﬂetibus
1335 3964 1428 4002 ora
1471 3951 1708 4018 rigamus
1736 3963 1748 3999 :

379 4043 622 4113 Dumque
651 4040 767 4111 pios
793 4042 1020 4109 agimus,
1054 4042 1312 4094 vertimur
1340 4040 1391 4094 in
1419 4041 1693 4108 querulos.

295 4133 416 4192 Nec
458 4145 690 4206 parcunt
723 4134 937 4206 quidam
971 4134 1240 4188 turbatam
1291 4132 1563 4188 incessere
1595 4146 1750 4186 men-

521 4235 631 4281 tem
650 4243 666 4292 ;

379 4321 706 4391 Linguarum
733 4328 788 4374 et
811 4319 1004 4388 jaculis
1029 4318 1207 4374 saucia
1231 4317 1393 4372 corda
1421 4326 1627 4385 petunt.

295 4413 404 4470 Dic
452 4412 648 4486 (aiunt)
674 4428 883 4480 causas,
913 4413 1003 4484 qui
1033 4427 1212 4468 rerum
1250 4412 1638 4482 hominumque
1667 4411 1747 4466 la-

527 4505 687 4559 bores

383 4596 622 4652 Arbitrio
651 4596 828 4650 credis
856 4603 999 4650 stare
1027 4597 1247 4665 regique
1283 4595 1371 4648 Dei
1395 4613 1408 4649 :

136 4687 215 4747 25
293 4687 428 4757 Quo
455 4687 660 4742 scelere
687 4686 945 4750 admisso,
973 4689 1172 4755 pariter
1204 4685 1411 4756 periere
1450 4695 1526 4740 tot
1556 4685 1751 4741 urbes?

377 4778 542 4850 787
589 4778 693 4832 Tot
741 4778 894 4845 loca,
944 4786 1022 4832 tot
1067 4778 1284 4848 p0puli,
1333 4778 1459 4848 quid
1503 4792 1752 4834 meruere

521 4871 688 4925 mali?
1777 4871 1822 4933 C

288 4966 359 5022 Si
393 4973 537 5020 totus
564 4963 752 5020 Gallos
773 4978 896 5019 sese
919 4962 1196 5018 effudisset
1223 4963 1274 5016 in
1301 4977 1460 5032 agros

373 5057 650 5122 Oceanus,
677 5059 842 5111 vastis
865 5057 980 5126 plus
1005 5066 1312 5126 superesset
1341 5056 1496 5125 aquis

285 5151 462 5219 Quod
491 5165 623 5204 sane
645 5149 837 5204 desunt
853 5149 1104 5218 pecudes.
1119 5148 1260 5217 quod
1282 5147 1491 5201 semina
1518 5145 1751 5214 frugum,

373 5245 645 5316 Quodque
670 5244 818 5298 locus
849 5257 954 5297 non
987 5250 1070 5297 est
1100 5241 1316 5304 vitibus,
1349 5247 1441 5292 aut
1465 5238 1629 5304 oleis;

283 5339 462 5407 Quod
496 5337 783 5392 {aridorum
826 5334 972 5390 aedes
1013 5335 1094 5390 vis
1121 5332 1344 5388 abstulit
1383 5330 1521 5401 ignis
1549 5339 1604 5386 et
1649 5330 1754 5386 im-

526 5430 662 5498 bris,

1846 2379 1914 2433 55

1847 2837 1917 2892 40

166 3113 231 3169 10

1854 3293 1923 3349 45

161 3575 227 3630 15

1853 3753 1922 3807 50

151 4041 222 4098 20

1856 4311 1923 4366 55

1855 4959 1924 5016 60

123 5249 197 5305 30

196 5621 230 5651 ι
267 5607 570 5674 Scriptum
598 5606 737 5674 circa
770 5618 968 5657 annum
996 5601 1192 5655 Christi
1219 5601 1344 5656 M6.

195 5685 220 5710 "
255 5673 475 5736 Carus
508 5677 523 5730 Ι
549 5693 638 5729 seu
661 5673 957 5730 Pnowcus.
989 5677 1180 5725 Auctor
1209 5673 1449 5725 carminis
1475 5689 1507 5726 a
1533 5673 1756 5727 scriben-

119 5754 208 5808 dis
245 5751 508 5807 υετιιὺιω
546 5746 921 5799 calamitatibus
962 5745 1179 5811 publicis
1215 5743 1523 5804 retardatus,
1569 5759 1756 5812 queru-

117 5829 313 5880 lorum
361 5821 581 5873 vat-ibus
616 5832 819 5868 coactus
853 5816 943 5866 Dei
974 5816 1342 5881 providentiam
1367 5815 1498 5867 tueri
1521 5813 1750 5884 suscipit.

116 5895 251 5955 Hos
303 5891 555 5947 maxime
594 5886 766 5940 urebat
801 5886 936 5956 quod
975 5886 1126 5938 etiam
1155 5885 1332 5938 insons
1375 5898 1518 5949 tetas,
1549 5894 1596 5939 et
1640 5886 1753 5954 ipsa

471 5981 735 6037 PATROL.
779 5974 883 6045 LI.

2060 2102 2294 2169 Quarum
2319 2111 2464 2157 stare
2487 2105 2690 2173 aliquas
2716 2108 2924 2162 tristius
2952 2119 3034 2164 est
3056 2126 3251 2170 vacuas
3274 2133 3289 2168 :

1988 2196 2042 2250 Si
2076 2196 2349 2249 toleranda
2382 2197 2504 2249 mali
2534 2198 2700 2262 labes,
2736 2200 2869 2256 ben!
2901 2204 3047 2257 caede
3077 2205 3302 2263 decenni

2063 2286 2371 2342 Vandalicis
2400 2288 2591 2356 gladiis
2617 2291 2906 2345 sternimur
2935 2303 2988 2347 et
3015 2293 3237 2351 Geticis.

1987 2379 2104 2434 Non
2129 2381 2346 2434 castella
2379 2382 2566 2448 petris,
2592 2397 2696 2435 non
2728 2385 2920 2452 Oppida
2953 2388 3222 2444 montibus
3249 2391 3371 2447 altis

2061 2473 2330 2542 Imposita,
2362 2486 2446 2526 aut
2484 2474 2640 2528 nrbes
2670 2477 2914 2531 amnibus
2945 2483 3234 2548 aequoreis,

1987 2564 2257 2618 Barbariei
2287 2581 2541 2633 superare
2566 2566 2719 2620 dolos
2747 2581 2909 2637 atque
2938 2587 3081 2624 arma
3107 2573 3300 2630 furoris

2061 2657 2325 2710 Evaluere
2355 2671 2566 2721 omnes,
2599 2659 2780 2710 ultima
2818 2661 3156 2726 pertulimus.

1989 2747 2095 2801 Nec
2125 2763 2320 2816 querar
2347 2748 2663 2801 exstinctam
2691 2750 2836 2803 nullo
2857 2750 3170 2809 discrimine
3193 2755 3425 2824 plebem,

2061 2837 2204 2892 Mors
2232 2854 2440 2908 quoque
2463 2840 2759 2907 primorum
2783 2851 2958 2896 ceSset
2987 2843 3054 2898 ab
3078 2845 3296 2902 invidia.

1993 2929 2225 2996 Majores
2255 2929 2379 2982 anni
2413 2945 2476 2982 ne
2509 2929 2645 2984 forte
2675 2939 2729 2984 et
2759 2934 2984 3001 nequior
3009 2944 3160 3003 tetas,

2061 3019 2278 3074 Oﬂ'enso
2304 3020 2524 3074 tulerint
2547 3036 2665 3090 qua:
2699 3037 2942 3078 meruere
2977 3024 3084 3078 Deo
3111 3043 3123 3078 :

1988 3112 2126 3179 Quid
2159 3115 2306 3182 pueri
2337 3113 2610 3166 insontes?
2641 3113 2766 3182 quid
2799 3115 3122 3170 commisere
3152 3117 3367 3187 puellas,

2064 3205 2218 3256 Nulla
2245 3204 2440 3273 quibus
2473 3203 2696 3258 dederat
2723 3204 2945 3258 crimina
2975 3206 3078 3260 vita
3112 3206 3327 3264 brevis"

1994 3294 2172 3361 Quare
2202 3295 2395 3361 templa
2432 3294 2522 3348 Dei
2551 3295 2696 3348 licuit
2724 3295 3028 3364 popularier
3057 3297 3205 3368 igni?

2063 3385 2171 3442 Cttr
2201 3387 2394 3440 violata
2424 3390 2560 3441 sati-ri
2589 3403 2714 3441 vasa
2738 3389 3058 3443 ministerii?

1995 3480 2107 3534 Non
2134 3481 2304 3532 bOnor
2333 3480 2584 3547 innuptas
2611 3481 2818 3534 derutzo
2845 3484 3187 3551 virginitatis,

2067 3568 2178 3622 Nec
2207 3571 2338 3621 texit
2362 3568 2546 3622 viduas
2572 3571 2869 3639 relligionis
2898 3587 3071 3626 arnor.

1994 3661 2098 3730 Ipsi
2132 3661 2359 3716 desertis
2389 3663 2476 3731 qui
2510 3664 2669 3716 vitam
2699 3663 2897 3718 ducere
2920 3665 2972 3718 in
3004 3668 3173 3722 antris

2066 3753 2320 3821 Suerant,
2353 3753 2630 3807 laudantes
2660 3766 2817 3809 nocte
2847 3756 3040 3826 dieque
3073 3758 3262 3829 Deum,

1998 3846 2110 3900 Non
2147 3846 2304 3900 aliam
2345 3846 2558 3900 subiere
2598 3861 2803 3913 necem,
2846 3863 3004 3918 quam
3046 3851 3274 3922 quisque
3303 3868 3434 3922 pro-

2213 3943 2404 3993 ianus:

2069 4034 2211 4089 Idem
2237 4032 2391 4086 turbo
2420 4032 2588 4085 bonos
2617 4030 2830 4086 sustulit
2858 4041 3016 4101 atque
3039 4033 3228 4090 malos.

1999 4128 2156 4183 Nulla
2189 4124 2500 4180 sacerdotes
2526 4124 2830 4178 reverentia
2861 4126 3094 4180 nominis
3117 4126 3244 4182 almi

2067 4217 2331 4272 Discrevit
2361 4215 2544 4269 miseri
2573 4216 2848 4284 suppliciis
2881 4218 3060 4286 populi
3088 4234 3103 4272 :

1997 4309 2088 4367 Sic
2118 4308 2268 4363 duris
2296 4307 2421 4362 caesi
2450 4305 2651 4374 ﬂagris,
2682 4307 2760 4361 sic
2785 4307 2907 4376 igne
2938 4313 3160 4375 perusti,

2067 4405 2296 4458 Inclusa:
2323 4400 2513 4455 vinclis
2538 4401 2616 4454 sic
2644 4414 2899 4469 gemuere
2930 4416 3144 4458 manus.

1998 4495 2077 4551 Tu
2099 4509 2313 4565 quoque
2344 4493 2634 4562 pulvereus
2661 4492 2900 4561 plaustra
2925 4492 3067 4548 inter
3084 4505 3138 4550 et
3170 4513 3318 4556 arma
3338 4502 3445 4559 Ge-

2210 4596 2260 4639 ta
2269 4600 2383 4638 rum

2071 4677 2344 4747 Carpebas
2368 4676 2578 4738 duram,
2614 4689 2720 4730 non
2750 4676 2871 4732 sine
2898 4678 3064 4747 fasce,
3097 4679 3266 4747 viam;

1995 4771 2131 4826 Cum
2163 4783 2318 4825 sacer
2357 4766 2446 4822 ille
2490 4780 2657 4822 senex
2706 4767 2942 4837 plebem,
2976 4780 3093 4825 usta
3140 4773 3329 4840 pulsus
3373 4774 3444 4830 ab

2209 4861 2367 4924 urbe,

2067 4956 2179 5010 Ceu
2213 4961 2394 5022 pastor
2421 4954 2628 5008 laceras
2653 4953 2873 5010 duceret
2894 4955 3044 5010 exsul
3073 4970 3220 5012 oves.

1998 5047 2199 5102 Verum
2231 5045 2342 5099 haec
2371 5046 2468 5099 sub
2491 5045 2617 5099 belli
2648 5044 2908 5100 sileantur
2937 5045 3150 5100 turbine
3174 5057 3342 5116 gesta,

2068 5138 2318 5192 Confusis
2343 5138 2599 5206 quoniam
2627 5153 2732 5191 non
2762 5137 2863 5192 fuit
2893 5137 3025 5191 ordo
3047 5137 3224 5202 malis,

1999 5231 2162 5287 Forte
2209 5229 2408 5286 etenim
2456 5229 2692 5299 placidas
2734 5244 2824 5284 res
2864 5229 3070 5295 mundi,
3114 5239 3170 5287 et.
3200 5241 3448 5305 tempora

2221 5323 2389 5391 pacis,

2073 5414 2290 5469 Arbitra
2317 5411 2570 5482 dignetur
2591 5423 2818 5466 cernere
2845 5425 2973 5466 cura
3000 5412 3118 5469 Dei.

1861 5616 2009 5657 sacra
2037 5597 2270 5676 hostilem
2297 5599 2524 5676 furorem
2550 5607 2826 5651 senserant.
2869 5597 3062 5676 ductor
3087 5600 3197 5671 ipse
3220 5603 3314 5676 sub
3355 5623 3448 5676 ρο.

1861 5680 2091 5724 testatem
2141 5666 2386 5732 hostium,
2442 5666 2566 5720 urbe
2611 5683 2706 5720 sua
2756 5666 3128 5739 conﬂagrante,
3184 5666 3445 5732 redactus.

1860 5739 2033 5814 Etiam
2057 5745 2197 5814 pacis
2220 5739 2840 5814 tempore-boni.gemuut,
2868 5741 2993 5795 ntali
3019 5741 3266 5814 gaudent.
3304 5741 3449 5804 Hine

1861 5807 2104 5884 pulsatur
2131 5812 2302 5864 divina
2320 5807 2660 5878 providentia.

2735 5973 2813 6034 20
