4014 6348
536 366 642 427 MO
1165 364 1222 419 5.
1266 361 1599 418 PROSPERI
1646 357 1975 427 AQUITA‘NI
2016 350 2251 412 UPERA
2291 352 2621 411 INCERTE
2663 349 3189 409 AUCTORITATIS.
3692 362 3781 423 σω

539 488 608 544 6⁵
681 482 736 541 Si
766 491 988 539 cuncms
1011 496 1185 534 annos
1217 491 1461 534 veterum
1496 480 1797 532 recolam,”
1821 490 2064 540 avorum,
2151 471 2205 531 Α
2375 472 2438 525 Et
2468 488 2687 538 gettPrn,
2719 480 2773 524 et
2803 470 2941 523 vitas
2968 480 3210 524 statuens
3235 477 3285 524 et
3317 470 3514 526 semina
3546 476 3706 534 rebus.

760 576 825 630 Et
849 573 1105 643 quidquid
1139 574 1312 642 potuit
1345 580 1526 624 nostra
1550 570 1733 624 videre
1765 569 1910 633 dies;
2233 559 2335 619 H5
2372 564 2636 631 Quidquid
2664 562 3255 633 inestcmlo,quidqttid
3277 566 3779 641 terraequcmnrique,

682 666 947 723 Maximus
980 664 1191 732 injuStis
1225 664 1372 717 locus
1405 662 1714 716 invenietur
1744 660 1797 714 in
1828 660 1982 724 orbe,
2370 654 2641 726 Quidquid
2669 672 3006 727 quocumque
3032 665 3116 712 est
3143 654 3198 710 in
3236 670 3497 728 corpore,
3536 660 3644 717 sive
3677 666 3782 720 aniv~

752 756 1040 826 Oppressis
1069 766 1247 809 autem
1277 770 1402 824 pars
1428 769 1593 821 prope
1620 753 1760 806 nulla
1788 750 1965 804 bonis.
2510 756 2737 802 rnatum.
3102 826 3109 829 ν

681 850 783 917 Qui
818 848 981 903 fuerit
1008 849 1294 909 violentus,
1326 854 1501 911 atrox,
1535 855 1807 909 versutus,
1841 848 2068 905 avarus;
2371 838 2502 897 Sive
2530 852 2725 910 expers
2752 840 2947 896 animae
2967 883 2983 910 ,
3015 834 3189 897 calida
3215 886 3229 911 ,
3275 836 3494 899 humida
3514 885 3532 912 ,
3578 830 3781 917 i'rigida,

540 942 610 999 70
754 940 918 1011 Cujus
943 940 1103 993 corde
1137 938 1269 992 lides
1291 936 1537 1001 cesserit,
1567 950 1663 990 ore
1694 932 1889 1005 pudor,
2515 932 2694 1002 Sicca,

690 1032 843 1089 iiuiic
872 1030 1059 1086 omnes
1088 1038 1373 1098 mirantur,
1411 1038 1615 1097 amant,
1657 1037 1993 1093 reverentur,
2037 1024 2136 1080 bo-
2379 1028 2499 1085 Uno
2524 1032 2739 1085 exstant
2764 1036 2988 1084 auctore
3018 1022 3132 1084 D‘eo
3160 1047 3173 1085 :
3203 1032 3295 1101 qui
3324 1032 3487 1087 divite
3512 1030 3696 1101 Verbo,

902 1133 1119 1185 norant,
2377 1121 2565 1193 (Quod
2598 1122 2741 1175 Deus
2763 1124 2870 1190 est)
2898 1138 3077 1176 rerum
3106 1116 3344 1190 naturas,
3377 1114 3533 1193 atque
3560 1123 3787 1181 elementa

757 1214 892 1269 Huic
918 1214 1119 1267 summi
1152 1212 1351 1276 fasces),
1384 1212 1509 1265 hIIiC
1536 1209 1842 1265 tribuuntur
1874 1220 2023 1279 ορθε.
2238 1212 2342 1269 120
2383 1212 2627 1281 Protulit,
2661 1225 2713 1270 et
2739 1215 2967 1270 summis
2991 1214 3169 1283 opifex
3202 1213 3439 1269 intentus
3464 1223 3523 1268 et
3548 1216 3678 1269 imis.

687 1304 844 1373 Quod
892 1304 936 1358 si
982 1304 1104 1374 quis
1159 1305 1337 1372 justus
1390 1312 1590 1357 castam
1635 1313 1684 1356 et
1738 1302 1860 1356 sine
1910 1300 2133 1355 crimine
2377 1307 2531 1374 Quod
2560 1320 2687 1361 vero
2710 1307 2953 1361 adversis
2978 1314 3340 1377 compugnant
3370 1307 3579 1361 condita
3610 1308 3786 1372 causis,

902 1399 1067 1451 vitam
2379 1398 2553 1466 Atque
2582 1398 2704 1453 aliis
2728 1398 2831 1453 alia
2862 1396 3149 1467 obsistunt,
3181 1395 3452 1452 Contraria
3481 1396 3677 1452 discors

759 1488 1015 1545 Dissimili
1048 1489 1227 1541 studio
1252 1488 1452 1541 ducere
1478 1486 1755 1550 maluerit.
2383 1490 2574 1547 Omnia
2604 1504 2781 1546 motus
2812 1491 2938 1557 alit;
2968 1490 3203 1560 dumque
3230 1492 3310 1546 illi
3351 1496 3642 1545 occurritur
3678 1492 3788 1555 illo,

540 1584 616 1641 75
694 1582 790 1638 llic
839 1584 1157 1647 inhonorus,
1193 1581 1369 1651 inops,
1420 1580 1601 1636 odium
1640 1580 2005 1649 juvenumque
2048 1594 2133 1633 se-
2385 1583 2615 1638 Vitalem
2646 1584 2868 1651 capiunt
2896 1594 3089 1639 cuncta
3119 1585 3383 1653 exagitata
3409 1584 3673 1651 vigorem:

893 1690 1151 1743 numque,
2243 1676 2345 1732 125
2380 1677 2511 1743 Quae
2541 1678 2621 1730 vel
2653 1678 2803 1746 pigra
2832 1677 2959 1743 situ,
2990 1675 3075 1730 vel
3102 1690 3273 1745 prono
3302 1672 3510 1729 ltibri‘ta
3542 1668 3696 1744 lapsu,

762 1767 817 1820 In
852 1769 978 1821 tatis
1007 1768 1187 1821 mundi
1213 1768 1452 1835 partibus
1479 1764 1629 1821 exsul
1659 1768 1785 1836 agit.
2382 1772 2487 1825 Aut
2513 1786 2670 1823 cursu
2703 1768 2964 1832 instabili,
3000 1768 3177 1822 stabili
3205 1777 3295 1823 aut
3326 1779 3541 1838 torpore
3576 1770 3790 1840 perirent.

683 1862 848 1932 789
880 1862 1075 1928 impius
1108 1862 1341 1915 exsultat
1370 1863 1592 1915 maturis
1625 1864 1831 1929 integer
1861 1862 2038 1924 annis,
2165 1848 2214 1907 Β
2380 1859 2555 1917 Mollia
2584 1863 2663 1917 sic
2691 1862 2861 1921 duris.
2893 1863 2969 1914 sic
2995 1861 3130 1915 raris
3160 1861 3323 1915 densa
3357 1861 3630 1925 resismnt,

753 1954 987 2021 Carpere
1016 1968 1120 2006 non
1150 1964 1364 2007 cessant
1396 1954 1575 2007 ulcera
1607 1953 1721 2005 dira
1755 1956 1921 2021 pium.
2379 1955 2539 2026 191
2572 1954 2643 2008 Et
2671 1953 2885 2021 liquidis
2913 1951 3104 2016 solida,
3134 1960 3187 2006 et
3233 1952 3399 2005 tardis
3444 1953 3638 2005 velocia
3678 1951 3794 2005 claro

686 2045 842 2101 Falsa
877 2047 1055 2099 valent
1086 2047 1135 2099 itt
1160 2046 1400 2115 judiciis,
1433 2058 1488 2101 et
1517 2062 1639 2098 vera
1671 2047 1937 2110 laborant,
2382 2047 2682 2099 Obscurum
2710 2044 3002 2111 objectum,
3028 2043 3242 2098 etdulci
3268 2043 3550 2099 coiitendit
3570 2058 3792 2097 amarum.

541 2141 611 2196 80
755 2140 1002 2193 lnsontes
1032 2141 1274 2207 sequitur
1305 2154 1482 2207 poena,
1517 2141 1771 2207 salusque
1798 2153 1940 2193 reos.
2241 2124 2343 2194 {50
2380 2135 2489 2191 Nec
2517 2135 2646 2188 mihi
2680 2134 2757 2188 fas
2783 2135 2981 2188 dixisse
3012 2134 3211 2204 aliquid
3245 2151 3351 2187 non
3401 2137 3503 2190 rite
3547 2147 3784 2199 creatum,

681 2234 925 2303 lgnorata
954 2232 1053 2300 piis
1086 2232 1266 2284 illudit
1297 2232 1541 2284 adultera
1570 2233 1764 2295 sacris,
2380 2229 2490 2283 Aut
2520 2230 2654 2281 ullas
2683 2227 2854 2281 ausim
2886 2226 3067 2281 mundi
3101 2226 3505 2295 reprehendere
3534 2240 3725 2296 partes:

754 2325 1109 2393 Blasphemus
1144 2324 1331 2391 templi
1361 2323 1541 2377 limina
1580 2334 1719 2376 Iulus
1746 2323 1880 2377 adit.
2384 2322 2518 2376 Cum
2543 2329 2690 2374 sator
2722 2321 2809 2374 ille
2838 2335 3058 2389 operum
3084 2328 3262 2374 teneat
3292 2333 3565 2374 momenta
3593 2334 3792 2385 suorum,

683 2417 815 2484 Quae
842 2416 888 2470 si
919 2430 1048 2469 cura
1081 2415 1171 2469 Dei
1202 2414 1347 2469 eelsa
1375 2427 1643 2483 spectaret
1670 2416 1736 2467 ab
1764 2430 1909 2480 arce,
2382 2414 2449 2468 Et
2472 2414 2696 2482 carptim
2727 2416 2902 2466 varios
2930 2414 2981 2467 in
3016 2422 3183 2467 totum
3210 2423 3473 2482 temperet
3504 2429 3642 2467 usus.

756 2507 967 2576 ReSque
997 2516 1182 2575 ageret
1213 2516 1424 2561 nostras
1457 2509 1558 2560 sub
1584 2507 1789 2561 ditiune
1819 2518 1953 2573 sua;
2385 2504 2625 2574 Denique
2654 2505 2912 2574 quidquid
2941 2506 3120 2573 obest,
3150 2513 3246 2560 aut
3270 2520 3465 2573 causa,
3489 2515 3581 2560 aut
3601 2514 3799 2576 tempore

541 2600 612 2656 85
682 2600 786 2654 Aut
812 2614 918 2653 non
952 2597 1250 2667 eﬂugerent
1280 2598 1501 2651 ultrices
1532 2600 1759 2651 crimina
1795 2612 2001 2665 pinnas,
2527 2609 2687 2649 verso

757 2694 863 2747 Ant
894 2692 1062 2745 virtus
1096 2692 1255 2747 terris
1288 2691 1405 2745 sola
1436 2699 1645 2759 reperta
1679 2692 1833 2744 fnt'el.
2244 2686 2346 2743 135
2382 2685 2647 2741 Prodest:
2681 2695 2735 2740 et
2761 2686 2979 2756 gemino
3006 2686 3305 2742 subsistunt
3333 2696 3528 2744 cuncta
3559 2686 3751 2757 periclo.

683 2783 830 2838 Talia
856 2800 978 2838 cum
1008 2783 1183 2838 facilis
1214 2786 1353 2853 vulgi
1388 2795 1707 2853 spargantur
1734 2785 1783 2835 iu
1816 2798 2000 2849 aures,
2383 2776 2603 2846 Frigora
2634 2793 2939 2848 perpessus,
2972 2779 3139 2833 solem
3172 2783 3361 2844 cupit:
3400 2789 3550 2834 ustus
3578 2780 3641 2832 ab
3675 2786 3799 2843 astu,

754 2878 922 2942 Quam
962 2877 1145 2930 multis
1176 2876 1401 2931 rudibus
1444 2874 1625 2945 lingua
1670 2875 1899 2943 maligna
1938 2876 2133 2930 nocet!
2390 2869 2534 2923 Inter
2560 2868 2929 2939 byperboreas
2967 2871 3171 2923 mavult
3198 2871 3379 2939 algere
3414 2871 3644 2941 pruinas.

685 2970 793 3025 Nec
822 2979 1000 3023 tantus
1025 2972 1181 3023 dolor
1210 2982 1291 3025 est
1318 2970 1587 3041 Scythicis
1614 2969 1922 3023 Consutnier
1945 2967 2135 3034 armis,
2386 2961 2588 3029 lnjuslo
2618 2960 2848 3030 pluviam
2883 2962 3076 3015 metuit
3103 2962 3203 3015 sub
3230 2962 3374 3015 lusce
3410 2964 3601 3031 viator,

546 3065 614 3118 9O
756 3062 997 3129 Quantus
1023 3064 1088 3115 ab
1119 3062 1301 3116 inﬁdis
1332 3063 1585 3117 cordibus
1617 3064 1712 3115 iSta
1742 3062 1868 3115 seri.
2382 3055 2552 3123 Quam
2583 3054 2755 3123 poscit
2782 3058 2917 3110 votis
2943 3056 3144 3111 sitienti
3176 3056 3409 3110 rusticus
3435 3071 3582 3126 agro.

688 3153 883 3207 Prome
916 3154 1074 3221 igitur
1104 3152 1306 3206 sanctis
1335 3153 1577 3208 ccelestia
1610 3153 1713 3206 tela
1742 3152 2045 3221 pharetris;
2184 3218 2213 3221 _
2242 3148 2348 3206 1ιο
2384 3147 2660 3204 Caeruleos
2686 3165 2884 3220 angues
2914 3150 3075 3204 timor
3104 3149 3194 3204 isti
3219 3162 3301 3203 εει
3325 3151 3543 3216 visere;
3574 3160 3623 3203 at
3648 3149 3715 3204 illi

760 3244 824 3297 Et
850 3244 1067 3296 medicis
1098 3244 1306 3298 hostem
1338 3246 1542 3299 coulice
1574 3245 1905 3299 vulneribus.
2168 3218 2216 3283 ο
2390 3244 2654 3313 intrepida
2681 3245 2915 3299 excoctis
2943 3254 3200 3299 oneratur
3230 3259 3419 3298 mensa
3453 3243 3721 3313 chelydris.

688 3336 849 3389 Forte
877 3336 1038 3405 aliqui
1072 3346 1322 3403 poterunt
1355 3352 1601 3390 errorum
1636 3335 1868 3391 evadere
1900 3336 2137 3401 noctem,
2389 3338 2540 3403 Quod
2570 3336 2613 3390 si
2642 3336 2776 3391 forte
2801 3338 2972 3404 lupos,
3006 3337 3321 3409 lyncasque,
3348 3352 3612 3407 ursosque
3631 3343 3806 3391 creatos

758 3428 923 3497 Inque
950 3428 1110 3493 viam,
1148 3430 1261 3480 visa
1292 3428 1431 3493 luce,
1467 3428 1669 3482 referre
1700 3429 1889 3497 pedem
1912 3470 1927 3492 ,
2390 3426 2663 3497 Displicet.
2687 3428 2753 3481 ad
2778 3412 3008 3500 Scythiae
3034 3443 3286 3497 proceres
3306 3444 3569 3499 regesque
3588 3428 3805 3484 Getarum

546 3524 617 3578 95
690 3522 756 3574 At
784 3536 851 3573 ne
878 3534 1056 3573 sermo
1087 3532 1291 3573 moram
1324 3519 1559 3588 patiatur
1585 3520 1651 3573 ab
1684 3520 1889 3589 impare
1925 3534 2104 3585 versu,
2390 3521 2654 3592 Respice;
2684 3523 2835 3591 queis
2862 3530 3009 3576 ostro
3036 3531 3369 3592 contempto,
3407 3523 3604 3577 vellere
3630 3522 3806 3582 Serum,

766 3611 925 3665 llerui
957 3610 1191 3665 numeris
1226 3612 1439 3681 porrige
1467 3623 1887 3679 peutametrum.
2247 3613 2355 3670 ΗΒ
2394 3615 2635 3669 Eximius
2663 3615 2827 3668 decor
2850 3625 2931 3669 est
2961 3615 3121 3685 tergis
3150 3615 3374 3672 horrere
3411 3616 3660 3672 ferarum.

687 3708 706 3728 ‘
734 3703 849 3758 lsn
879 3705 1093 3773 quidem
1127 3703 1318 3758 melius
1348 3704 1543 3758 divinis
1571 3706 1713 3758 edita
1746 3705 1894 3757 libris
2386 3703 2605 3773 Singula
2634 3706 2828 3759 sectari
2861 3705 3078 3774 longum
3111 3715 3196 3761 est
3221 3724 3236 3761 :
3266 3708 3361 3762 sed
3396 3722 3619 3763 munere
3647 3701 3811 3760 Christi

685 3796 1071 3867 Cogn‘O‘SCetida
1103 3795 1302 3863 l‘orcnt,
1328 3797 1419 3851 ubi
1451 3796 1584 3867 legis
1611 3797 1661 3849 in
1688 3812 1906 3863 aequore
1929 3807 2138 3866 aperto,
2390 3798 2540 3854 Scire
2566 3798 2774 3865 datum,
2799 3801 2940 3869 quod
2966 3801 3062 3856 alit
3091 3801 3278 3867 tellus,
3328 3802 3481 3872 quod
3529 3803 3580 3857 in
3627 3812 3809 3872 equore

687 3888 997 3958 Promptum
1022 3900 1165 3944 esset
1186 3892 1358 3945 ventis
1380 3890 1510 3945 dare.
1538 3891 1702 3945 libera
1733 3892 1845 3944 vela
1865 3890 2139 3950 secundis.
2534 3894 2702 3963 vivit,

546 3983 650 4039 100
685 3982 791 4039 Sed
820 3983 1073 4052 quoniam
1101 3984 1323 4038 rudibus
1353 3994 1526 4039 metus
1554 3994 1635 4039 est
1677 3985 1880 4040 intrare
1919 3984 2141 4054 profun-
2390 3983 2661 4055 Quidquid
2710 3984 2766 4040 in
2815 3984 3102 4041 arboribus
3124 4025 3141 4053 ,
3193 3984 3456 4057 quidquid
3514 3985 3733 4042 variatur
3769 3982 3816 4038 in

828 4076 955 4128 dum
986 4120 999 4142 ,
2180 4145 2185 4149 ο
2541 4076 2743 4142 herbis,

688 4167 746 4220 ιη
780 4166 925 4219 tenui
961 4166 1193 4235 primum
1225 4162 1435 4219 discant
1465 4180 1783 4234 procurrere
1816 4166 1965 4236 rivo,
2388 4167 2445 4222 In
2478 4168 2687 4223 laudem
2722 4169 2977 4235 auctoris,
3005 4168 3173 4222 certis
3201 4167 3504 4225 subsistere
3534 4170 3718 4226 causis.

690 4258 804 4325 Qua
830 4258 973 4327 jacet
1003 4269 1246 4317 extremo
1281 4258 1439 4311 tellus
1468 4259 1796 4313 circumdata
1830 4271 2014 4328 ponto,
2248 4256 2354 4315 150
2389 4258 2458 4314 At
2487 4274 2607 4329 qure
2635 4259 2749 4312 sola
2785 4268 3001 4325 nocent,
3031 4258 3218 4314 eadem
3249 4260 3456 4316 collata
3486 4260 3703 4317 mederi.

687 4350 758 4407 Et
783 4365 888 4420 qua
908 4364 1038 4419 gens
1064 4351 1339 4404 hominum
1362 4348 1557 4405 diffusa
1582 4360 1665 4405 est
1685 4368 1911 4420 corpore
1935 4356 2140 4412 mundi.
2466 4354 2487 4375 ⁶
2517 4352 2624 4407 Es-r
2647 4352 2806 4421 igitur
2834 4352 2997 4421 Deus,
3030 4360 3086 4408 et
3114 4354 3287 4410 bonus
3321 4365 3447 4423 est,
3494 4365 3552 4412 et
3592 4346 3817 4425 quide

689 4442 797 4497 Seu
825 4452 1038 4495 nostros
1064 4457 1255 4505 annos,
1287 4458 1379 4496 seu
1403 4449 1645 4511 tempora
1673 4444 1844 4511 prisca
1871 4446 2137 4515 revolvas,
2529 4443 2597 4497 ab
2628 4445 2719 4497 illo

551 4533 657 4594 108
693 4533 831 4588 Esse
858 4544 1046 4587 omnes
1077 4548 1296 4587 sensere
1324 4531 1516 4597 Deum,
1552 4550 1648 4587 nec
1678 4534 1849 4588 defuit
1881 4536 1975 4589 ulli
2170 4604 2216 4612 _
2394 4538 2653 4594 Eﬂectum
2678 4547 2781 4605 est,
2810 4538 2966 4607 culpa
2988 4541 3199 4608 penitus
3219 4549 3395 4605 Vacat.
3421 4550 3585 4612 atque
3604 4534 3813 4611 querela.

690 4628 979 4682 Auctorem
1012 4632 1201 4677 natura
1236 4623 1476 4678 docens:
1508 4633 1561 4677 et
1590 4624 1635 4677 si
1669 4626 1863 4692 impius
1894 4641 2049 4682 error
2170 4604 2227 4665 D
2389 4628 2617 4687 Omnem
2643 4642 2822 4687 autem
2852 4604 3004 4687 hanc
3018 4632 3215 4688 molem
3242 4632 3432 4689 mundi
3462 4604 3556 4703 qui
3584 4604 3816 4691 condidit,

690 4712 906 4781 Amisit,
935 4714 1116 4767 multis
1148 4715 1389 4767 tribuens
1418 4714 1557 4782 quod
1590 4714 1773 4769 debuit
1808 4718 1935 4783 uni;
2536 4726 2649 4793 ipse

687 4806 933 4866 innatn‘ni
957 4814 1040 4862 est
1062 4810 1266 4863 cunctis
1286 4812 1583 4876 genitorem
1610 4826 1903 4879 agnoscere
1924 4828 2136 4870 verum.
2394 4816 2461 4871 Et
2490 4820 2647 4887 regit,
2678 4825 2838 4886 utque
2883 4815 3012 4869 nihil
3060 4830 3167 4870 non
3211 4825 3390 4870 ortum
3442 4814 3567 4889 [ΔΙ.
3612 4798 3817 4878 borum]

694 4901 795 4956 Hic
824 4914 1043 4955 auctore
1070 4916 1281 4965 carens,
1311 4913 1363 4955 et
1390 4914 1658 4972 tempore,
1687 4915 1968 4974 permanet
1999 4908 2138 4963 idem
2532 4910 2763 4977 sumpsit
2787 4908 2855 4962 ab
2882 4907 3010 4973 illo;

549 4995 652 5051 HO
693 4990 957 5061 Semper,
1007 5004 1060 5045 et
1108 4992 1427 5047 immensum
1476 5010 1582 5049 non
1633 4998 1829 5051 saecula
1876 5014 1977 5055 nec
2020 4999 2135 5055 loca
2249 4999 2353 5055 155
2392 5000 2479 5055 Sic
2508 4999 2638 5053 nihil
2671 4999 2918 5068 estquod
2950 5009 3093 5053 stare
3124 5006 3321 5069 queat,
3366 4997 3576 5053 factore
3613 5002 3815 5051 remoto.

830 5082 1107 5137 claudunt.
2398 5092 2525 5147 Nam
2552 5096 2638 5162 qui
2669 5093 2813 5161 pigra
2844 5092 2954 5146 Deo
2983 5093 3112 5145 dant
3140 5094 3269 5157 otia,
3300 5091 3489 5155 credo,
3518 5097 3759 5144 verentur

693 5178 792 5234 Hic
825 5180 985 5232 nullis
1015 5178 1197 5231 mundi
1222 5179 1400 5233 causis
1428 5181 1790 5246 exstantibus,
1822 5184 1873 5235 in
1905 5197 1965 5239 se
2389 5188 2467 5243 Ne
2489 5202 2635 5241 cura:
2663 5190 2923 5242 intentum
2959 5188 3145 5256 vigiles
3172 5186 3402 5259 durique
3430 5187 3649 5240 labores

692 5272 960 5342 Quidquid
991 5274 1151 5327 vellet
1178 5272 1400 5341 habens,
1428 5290 1549 5330 cum
1590 5275 1764 5329 visum
1808 5286 1920 5343 est,
1961 5264 2141 5333 omnia
2390 5279 2705 5343 Conliciant,
2735 5288 2791 5334 et
2820 5288 2963 5332 tanta
2995 5277 3151 5331 simul
3185 5294 3289 5331 non
3319 5277 3553 5345 explicet
3581 5289 3729 5329 unus.

836 5363 979 5413 Stilus
2392 5372 2435 5425 Ο
2462 5375 2622 5425 mersi
2654 5372 2705 5424 in
2735 5371 3004 5433 tenebras,
3036 5370 3309 5439 divinique
3340 5369 3478 5438 ignis
3507 5368 3711 5431 inanes,

696 5452 947 5507 Condidit
977 5444 1031 5505 dt
1057 5454 1243 5521 Voluit,
1279 5450 1479 5511 formas
1502 5499 1515 5522 ,
1572 5472 1931 5528 numerosque
1957 5499 1972 5526 ,
2019 5476 2137 5517 mo-
2250 5465 2353 5521 160
2393 5464 2456 5519 Et
2489 5466 2610 5534 plus
2636 5467 2910 5533 corporeis
2937 5462 3108 5517 oculis
3131 5477 3295 5533 quam
3335 5470 3515 5516 mente
3552 5459 3815 5512 videntes:

834 5548 1059 5615 dosque,
2388 5557 2489 5621 Qui
2518 5568 2715 5611 vestra:
2739 5566 3000 5611 mternum
3027 5565 3235 5610 natura!
3258 5561 3316 5609 et
3338 5550 3637 5608 conditioni

622 5681 847 5768 {CAP}?!
879 5679 1161 5768 Ηομοηρξιεε
1190 5684 1581 5768 βειητρενρευὴὶ
1611 5688 1735 5768 esse,
1770 5686 2134 5768 etp-ctr‘r't'rto‘r‘u‘rii
2315 5699 2332 5718 '
2362 5692 2541 5749 CAPUT
2570 5690 2657 5768 ll_l_.
2692 5691 2827 5768 Deus
2848 5690 3278 5768 Διψιιηιίιιιῃῖμιιιξι
3300 5676 3533 5768 condidi:
3572 5674 3817 5768 τεθὲζέὶηι

552 5759 805 5876 εξιαοτεζίῗ
834 5760 1095 5805 senserant
1119 5768 1135 5803 :
1163 5759 1249 5821 φη
1275 5759 1444 5810 cornici
1466 5767 1527 5809 ut
1554 5759 1730 5826 voluit,
1762 5761 1847 5813 sed
1882 5766 2133 5831 sapienter
2241 5768 2563 5837 fatigatione.
2600 5762 2713 5820 Nec
2749 5766 2813 5818 de
2840 5764 2979 5817 illius
2996 5759 3362 5835 judicandum,
3394 5773 3446 5816 ut
3472 5763 3541 5815 de
3569 5759 3818 5814 hominum

587 5840 757 5876 isoovu
806 5862 819 5873 .
2232 5837 2502 5891 regimine.
