4014 6348
258 377 354 444 m
1212 377 1501 436 CARMEN
1541 378 1629 435 DE
1667 378 2133 441 PROVW’I‘IA
2171 381 2425 442 DIVINA.

1857 499 1914 561 Δ

385 497 606 556 dedetis
638 497 885 554 conferre
915 497 1085 553 Deum
1110 511 1127 553 :
1154 497 1238 551 cui
1269 500 1312 553 si
1344 498 1469 568 quid
1498 497 1690 552 amatis

384 593 439 649 In
472 592 681 646 laudem
711 593 857 660 pravi
885 591 1135 659 atljicitis,
1173 591 1473 661 vestrisque
1502 592 1715 646 beatum

386 685 617 740 Creditis
646 692 770 740 esse
801 685 983 747 bonis,
1019 693 1112 736 aut
1138 684 1244 737 ulla
1287 685 1626 738 incommoda
1669 679 1833 742 id)“.

257 778 352 836 105
389 781 468 832 An
499 777 617 841 quia
648 791 766 829 cum
802 791 1018 845 magnas
1050 775 1231 839 urbes,
1266 779 1597 846 populosque
1641 777 1835 832 tenetis

391 871 503 928 Sub
537 875 717 925 v'estro
755 871 1016 939 imperio,
1065 871 1322 923 miserum
1372 879 1456 925 est
1505 870 1838 924 inscientibus

533 975 729 1033 aegrum

225 1071 237 1108 l
389 1057 584 1114 Partiri
616 1058 760 1110 ent-is
788 1056 841 1109 in
875 1054 1040 1109 multa
1075 1054 1284 1125 negotia
1312 1062 1586 1120 mentem;

381 1147 1624 1219 Cumquegravestrepidisineumbantttndique
1635 1159 1836 1214 causa,

391 1243 510 1297 Neu
541 1242 641 1295 fert
671 1249 917 1306 urgentes
946 1240 1200 1294 industria
1227 1241 1367 1295 victa
1398 1241 1651 1296 labores:

263 1335 358 1394 I70
396 1333 462 1389 Et
493 1333 537 1388 si
567 1333 761 1386 animis
787 1331 941 1401 aegris
971 1331 1190 1401 depulsa
1218 1342 1302 1386 est
1331 1332 1658 1398 sollicitudo,

393 1425 600 1480 Blanda
634 1424 964 1492 voluptatem
998 1417 1212 1491 requies
1240 1431 1392 1478 creat
1419 1423 1528 1477 otia
1558 1422 1728 1479 tractis
1753 1442 1767 1478 :

395 1513 477 1573 se
505 1517 732 1570 Domino
758 1514 862 1569 hoc
885 1515 1088 1568 sentire
1115 1514 1264 1583 plum
1288 1524 1390 1580 est,
1423 1523 1582 1584 quem
1628 1529 1842 1584 semper

539 1607 790 1663 eumdem

393 1701 480 1757 Nil
509 1709 710 1770 gravat,
740 1714 803 1753 ex
837 1707 946 1753 toto
971 1698 1045 1752 ttil
1074 1697 1339 1768 occupat?
1370 1697 1548 1752 Efﬂuit
1573 1708 1736 1763 aetas,

394 1797 476 1850 Ae
504 1795 670 1854 venit,
700 1801 756 1848 et
780 1801 1021 1860 spectant
1037 1793 1218 1863 genita
1246 1801 1302 1848 et
1328 1794 1598 1862 gignentia
1640 1794 1800 1846 linem
1827 1812 1840 1847 :

265 1886 361 1943 "5
397 1887 496 1942 ille
525 1895 724 1952 manet,
757 1886 914 1940 simul
941 1897 1056 1938 actu
1085 1897 1273 1939 tenens
1298 1897 1350 1938 et
1376 1885 1580 1949 agentia
1604 1926 1618 1949 ,
1653 1879 1843 1937 tuturis
1875 1871 1926 1932 Β

397 1979 654 2045 Ulterior,
687 1989 796 2033 tum
827 1978 1112 2049 praeteritis
1144 1980 1324 2046 prior:
1358 1979 1606 2031 munibus
1634 1991 1771 2030 unus

394 2071 731 2135 Furseum-et
745 2072 912 2136 solus,
932 2069 1048 2124 sine
1063 2079 1305 2139 tempore
1325 2079 1561 2138 tempora
1580 2068 1837 2125 condens.

399 2161 575 2230 thue
602 2163 698 2214 :rvi
729 2163 898 2230 spatia
930 2175 994 2215 ac
1017 2175 1266 2214 numeros
1298 2162 1548 2227 pnecedit
1567 2201 1582 2225 ,
1611 2168 1667 2214 et
1693 2161 1836 2228 exit,

393 2255 559 2326 793
585 2255 673 2310 Sic
701 2255 848 2308 nullo
878 2254 1182 2308 immensus
1214 2253 1498 2308 cohibetur
1539 2254 1644 2308 line
1690 2253 1842 2308 loco-

625 2364 764 2403 rum.

265 2439 366 2499 l80
395 2441 592 2511 Nilque
623 2442 764 2496 adeo
791 2450 875 2495 est
904 2453 1182 2512 magnum,
1215 2439 1357 2510 quod
1383 2451 1486 2494 non
1517 2447 1697 2494 certus
1724 2453 1841 2499 mo-

613 2535 714 2590 dus
746 2517 944 2589 arcet:

397 2628 468 2685 Et
494 2628 716 2693 coelum,
750 2638 804 2683 et
858 2638 1056 2695 terras,
1085 2633 1141 2682 et
1179 2633 1352 2681 totum
1407 2624 1640 2694 denique
1682 2639 1841 2687 mun-

616 2723 743 2774 dum

395 2794 580 2871 [times
619 2812 824 2866 habet:
875 2818 1019 2866 meta
1065 2817 1150 2865 est
1193 2808 1358 2874 altis,
1409 2817 1466 2863 et
1517 2814 1659 2863 meta
1712 2807 1840 2876 pro-

610 2903 816 2959 fundis.

395 2999 506 3056 Sed
537 3003 798 3066 nusquam
839 3011 945 3052 non
987 3005 1108 3053 esse
1138 2996 1232 3052 Dei
1263 3004 1366 3061 est,
1411 2993 1502 3064 qui
1543 2999 1690 3048 totus
1723 2991 1842 3048 ubi-

610 3103 740 3159 que,

396 3181 470 3239 Et
515 3185 770 3253 penetrat
820 3181 1009 3236 mundi
1058 3179 1302 3236 membra
1347 3176 1528 3232 omnia
1578 3176 1744 3244 liber,
1787 3186 1845 3234 et

616 3273 807 3327 ambit.

249 3363 362 3424 ’185
401 3364 528 3421 Πςεο
559 3365 722 3435 igitur
748 3365 827 3419 vis
867 3362 982 3418 sola
1027 3365 1207 3432 potest
1251 3360 1622 3415 moderamina
1663 3374 1846 3414 rerum

401 3455 677 3521 Dividere,
705 3465 758 3509 et
787 3454 1014 3522 placidis
1037 3453 1226 3507 eadem
1260 3454 1558 3522 persistere
1587 3452 1732 3504 curis
1757 3466 1772 3504 :

397 3543 573 3616 Quam
615 3547 722 3601 non
765 3543 1021 3617 elegiam
1050 3545 1180 3611 cita,
1212 3557 1312 3599 nec
1352 3544 1681 3598 remorantia
1731 3552 1847 3597 tar-

619 3639 783 3702 dent;

402 3728 538 3797 Quae
587 3744 881 3799 numquam
938 3729 1147 3800 ignara,
1182 3739 1478 3799 numquam
1531 3717 1844 3796 longinqui,

617 3837 720 3878 nec
749 3823 873 3877 ullis

398 3913 687 3971 Translata
711 3913 975 3970 accedens
1005 3914 1343 3984 regionibus,
1378 3913 1516 3968 absit
1567 3913 1636 3968 ab
1684 3914 1842 3970 ullis:

263 4007 368 4066 190
406 4007 517 4064 Nec
561 4008 630 4064 de
658 4009 949 4064 noscendis
972 4018 1133 4078 egeat
1177 4008 1464 4062 manifesta
1494 4007 1704 4061 doceri.

403 4101 530 4160 H‘mc
561 4102 718 4158 testis
747 4119 926 4158 rerum
959 4102 1121 4156 tacita
1151 4100 1356 4164 audiat,
1388 4101 1567 4154 abdita
1611 4109 1799 4156 cernat
1830 4117 1845 4154 :

406 4193 508 4249 υἱέι
532 4193 692 4260 vitas,
723 4193 1031 4263 adimatque
1069 4195 1248 4259 datas,
1282 4192 1558 4262 pereuntia
1593 4192 1784 4256 salvet,

413 4285 628 4355 DejeCta
656 4287 891 4351 attollat,
928 4296 1137 4354 premat
1164 4283 1360 4350 ardua,
1391 4291 1647 4352 proroget
1676 4295 1852 4337 annos

405 4369 472 4432 Et
500 4382 728 4440 minuat,
756 4383 926 4431 mutet
950 4375 1139 4441 eorda,
1169 4383 1227 4431 et
1255 4385 1474 4445 peccata
1501 4377 1755 4429 remittat.

241 4466 342 4527 £95
403 4465 437 4502 “
464 4466 576 4523 Situ
600 4467 688 4536 qui
719 4469 970 4522 virtutem
1001 4467 1302 4522 cOncetlttnt
1333 4465 1727 4534 omnipblenti,

405 4559 572 4617 Forte
599 4559 927 4614 voluntatem
961 4559 1212 4617 demant:
1241 4567 1297 4614 et
1327 4573 1518 4629 magna
1548 4567 1848 4629 regentem,

402 4651 600 4707 Curam
651 4649 883 4708 hominis
930 4651 1179 4707 renuisse
1233 4626 1444 4721 putent,
1498 4651 1552 4706 in
1602 4626 1931 4720 temporeD

622 4745 733 4799 uati

409 4836 630 4907 Exigua,
664 4841 717 4890 et
756 4833 904 4889 varia
934 4833 1038 4890 stib
1061 4843 1387 4904 tempestate
1410 4834 1612 4890 relicti.

406 4927 526 4996 Quo
558 4937 656 4982 vos
701 4939 895 4997 sponte
938 4927 1092 4997 juvat
1142 4927 1358 4995 cadere,
1394 4923 1699 4999 oblitusque
1752 4941 1852 5000 pa-

627 5019 822 5085 remis,

263 5107 466 5164 2001a
496 5111 763 5181 pecudum
812 5123 1004 5182 genus,
1061 5117 1116 5167 et
1164 5119 1369 5168 sortem
1425 5110 1660 5168 transire
1707 5109 1852 5170 fera-

619 5217 738 5257 rum
762 5202 788 5256 ἲ

406 5290 743 5362 Incomperta
768 5293 934 5348 latent
962 5302 1169 5348 naturae
1194 5294 1418 5348 exordia
1441 5301 1683 5349 nostras:

408 5389 518 5444 Ant
545 5401 695 5456 Spem
727 5387 1056 5457 propositam
1080 5386 1137 5445 in
1165 5385 1385 5444 Christo
1413 5382 1705 5458 praesentia
1737 5397 1855 5444 tur-
1936 5412 1939 5414 ·

631 5478 796 5536 banti

345 5656 463 5730 190.
493 5655 676 5730 Editio
717 5627 1054 5727 Lugd.,iNec
1089 5655 1452 5730 dignoscendis
1489 5665 1640 5730 egeat
1681 5657 1854 5712 mani-

269 5731 401 5796 {esta
423 5729 612 5781 decr-ri.

347 5796 481 5853 Ibid.
516 5799 610 5853 Hic
633 5813 734 5852 vox
757 5798 1044 5871 manifesto,
1067 5812 1165 5867 pro
1189 5813 1320 5854 voce
1346 5807 1486 5856 certa
1511 5803 1806 5871 usurpatur
1829 5818 1846 5856 ε

272 5875 337 5923 ut
364 5877 614 5926 notarunt
635 5867 934 5926 anteriores
962 5868 1245 5926 utltttoues.

1872 3249 1923 3313 ο

2083 501 2293 557 Parcite
2317 501 2579 556 sublimes
2618 512 2836 558 :eterna
2859 503 3035 572 gentis
3066 505 3301 559 honores

2084 595 2347 661 Degeneri
2376 595 2580 650 violare
2603 604 2751 650 metu
2787 614 2800 650 :
2833 597 3116 665 potiusque
3145 598 3394 653 relictum

1938 683 2050 740 805
2085 687 2396 741 lmmurtale
2423 689 2609 752 decus,
2643 697 2897 757 superato
2936 689 3257 758 apprendite
3283 689 3450 748 «bid;-

2084 778 2228 834 Nota—
2261 778 2345 833 via
2380 788 2484 845 est,
2531 779 2759 836 Gbristo
2807 782 3020 838 cunctis
3069 791 3351 839 reseraote
3405 800 3519 839 ma-

2295 871 2484 939 sistro,

2079 962 2182 1028 Qui
2224 971 2400 1028 vocat,
2433 971 2488 1015 et
2515 977 2700 1018 secum
2748 979 2849 1018 nos
2879 963 3232 1032 deducturus,
3267 974 3324 1021 et
3352 968 3405 1022 in
3436 982 3520 1026 se.

2086 1055 2168 1108 Ac
2191 1065 2261 1106 ne
2287 1053 2558 1118 vaniloqui
2603 1053 2876 1123 spondere
2920 1057 3124 1110 incerta
3154 1059 3405 1125 putentur
3433 1077 3448 1114 :

2087 1143 2197 1199 lies
2223 1152 2467 1197 moneta
2512 1142 2699 1212 primis
2724 1148 2937 1214 aperire
2976 1147 3294 1215 parentibus
3335 1159 3517 1206 ortum

1942 1236 2051 1294 210
2090 1237 2318 1292 llumani
2346 1234 2586 1307 generis,
2612 1249 2914 1308 causasque
2934 1240 3187 1295 evolvere
3216 1241 3346 1295 viti

2086 1329 2337 1393 Amissa,
2369 1337 2422 1384 et
2451 1341 2668 1394 rursus,
2699 1329 2914 1385 Christo
2940 1330 3176 1386 donante
3199 1373 3214 1397 ,
3266 1343 3520 1404 recepta.

2091 1421 2379 1490 Dispositis
2407 1420 2591 1489 rebus,
2623 1429 2794 1474 totum
2819 1420 2930 1490 jam
2957 1422 3212 1477 conditor
3239 1425 3428 1480 orbem

2088 1511 2351 1579 Fecerat,
2379 1521 2431 1565 et
2459 1512 2687 1581 pulchra
2723 1511 2982 1567 vet-nabat
3012 1513 3222 1580 origine
3265 1515 3522 1573 mundus.

2089 1602 2210 1658 Jam
2236 1603 2316 1656 soi
2351 1603 2612 1658 dimensis
2640 1603 2694 1657 itt
2726 1613 2965 1671 tempore
3004 1605 3250 1660 cursibus
3282 1605 3414 1673 ibat,

1945 1696 2053 1751 215
2091 1695 2350 1764 Lunaque
2370 1710 2492 1749 cum
2524 1696 2698 1750 stellis
2729 1696 3003 1763 prtebebat
3028 1697 3229 1751 lutttin
3261 1699 3406 1755 nocti
3437 1717 3452 1754 :

2089 1787 2206 1842 tiam
2240 1787 2477 1856 pecudes
2504 1789 2683 1854 tellus,
2710 1787 2824 1858 jam
2865 1787 3045 1858 pisces
3082 1801 3282 1858 pontus
3327 1790 3527 1859 olebit,

2095 1879 2162 1933 Et
2191 1879 2450 1949 liquidum
2475 1881 2725 1934 volucres
2745 1881 3010 1936 innabant
3036 1896 3158 1936 aera
3192 1883 3421 1952 pennis:

2096 1973 2201 2028 Sed
2229 1973 2372 2042 quod
2405 1974 2586 2028 divina
2621 1982 2804 2044 posset
2825 1974 3033 2031 ratione
3065 1975 3249 2044 potiri,

2092 2065 2340 2120 Nondum
2381 2075 2499 2121 erat
2542 2068 2600 2122 in
2644 2069 2806 2122 terris
2843 2068 3045 2123 animal
3075 2084 3091 2122 :
3121 2069 3272 2125 dedit
3294 2072 3533 2142 optimus

2308 2160 2507 2216 Auctor

1949 2250 2060 2307 220
2097 2251 2210 2306 Hoc
2259 2252 2463 2307 ltomini
2518 2251 2756 2323 speciale
2815 2251 3022 2319 decus,
3072 2265 3304 2326 cumque
3350 2259 3532 2315 omnia

2309 2342 2478 2397 verbo

2095 2433 2399 2503 Conderet,
2448 2435 2590 2489 hunc
2630 2433 2915 2502 manibus,
2965 2446 3074 2504 quo
3103 2435 3223 2505 plus
3269 2439 3535 2508 genitoris

2306 2528 2549 2593 haberet,

2096 2620 2358 2689 Dignatur
2386 2619 2622 2674 formare
2647 2618 2798 2673 suis:
2831 2619 3128 2674 substantia
3159 2621 3360 2689 duplex

2098 2712 2352 2781 Iungitur
2374 2752 2389 2779 ,
2424 2711 2592 2780 inque
2621 2725 2782 2765 unam
2810 2719 3008 2766 coeunt
3036 2715 3309 2767 contraria
3347 2721 3532 2768 vttam.

2090 2804 2336 2874 Namque
2365 2803 2543 2858 anima
2580 2817 2651 2858 ex
2693 2803 2877 2873 nullis,
2913 2813 2973 2858 ut
3011 2812 3232 2870 cetera,
3273 2803 3531 2875 gignitun

2311 2909 2510 2965 expers

1952 2989 2062 3045 225
2102 2987 2378 3053 lnteritns,
2411 2988 2514 3041 nisi
2547 2984 2688 3056 quod
2716 2986 2948 3041 Domino
2977 2987 3285 3042 cruciabilis
3312 2986 3405 3040 uni
3428 2997 3530 3053 est,

2098 3081 2166 3135 Et
2189 3093 2278 3134 rea
2305 3080 2447 3134 ferre
2473 3086 2648 3146 potest
2678 3090 2916 3147 pcenam,
2941 3077 3044 3134 sub
3065 3080 3283 3133 nomine
3321 3077 3532 3142 mortis,

2097 3172 2501 3240 Terrenamque
2527 3169 2714 3240 illapsa
2741 3170 2986 3236 domum,
3014 3170 3105 3223 dat
3135 3171 3316 3223 vivere
3351 3184 3535 3224 secum

2095 3261 2456 3327 Consortem,
2501 3272 2557 3318 et
2604 3263 2808 3332 pariter
2857 3262 3099 3318 divinum
3157 3261 3378 3318 haurire
3439 3276 3535 3316 va.-

2313 3369 2519 3426 porem.

2101 3449 2283 3522 795
2375 3448 2485 3502 Nec
2554 3449 2677 3518 quia
2753 3447 3036 3504 dissimilis
3097 3459 3278 3502 rerum
3347 3455 3539 3502 natura

2307 3540 2532 3594 duarum
2565 3548 2672 3605 est,

1954 3632 2063 3690 250
2103 3631 2294 3700 Dispar
2362 3631 2602 3684 condttio
2680 3638 2764 3685 est
2814 3645 2830 3683 :

2314 3731 2600 3790 utrumque
2633 3736 2649 3775 :

2102 3816 2209 3872 Seu
2243 3815 2422 3884 potior
2449 3812 2558 3882 juri
2583 3811 2844 3865 subdatur
2873 3811 3206 3879 posterioris,

2099 3906 2209 3961 Seu
2241 3919 2298 3958 se
2330 3904 2552 3973 majoris
2583 3901 2768 3956 virtuti
2795 3902 3066 3955 inﬁrmior
3090 3910 3286 3969 aequet.

2103 3999 2200 4055 Est
2249 3996 2449 4051 etenim
2503 3993 2785 4049 ambarum
2848 3993 3023 4058 vinci,
3077 4001 3162 4047 est
3217 4002 3271 4047 et
3320 3991 3536 4051 vincere

2317 4101 2500 4156 posse,

2103 4178 2412 4244 l'rolicere,
2478 4185 2534 4232 et
2596 4177 2799 4244 minui;
2861 4189 3133 4247 regnare,
3187 4186 3243 4232 et
3306 4177 3536 4247 perdere

2315 4285 2561 4339 regnum.

2883 3637 3064 3684 manet
3135 3629 3311 3683 exitus
3397 3643 3538 3684 unus

1877 4414 1892 4437 ι
1957 4363 2069 4420 255
2106 4363 2222 4418 Non
2263 4363 2386 4434 quia
2436 4363 2553 4430 plus
2598 4361 2874 4431 cuiquam,
2906 4361 3084 4418 minus
3125 4361 3299 4416 autin
3330 4362 3539 4432 origine

2319 4469 2496 4509 (2³1153

2103 4545 2375 4603 Nascendi
2405 4544 2702 4607 attulerint,
2734 4553 2824 4598 aut
2851 4543 2959 4597 ulla
2989 4550 3217 4600 externa
3241 4549 3459 4602 creatos

2104 4638 2200 4694 Vis
2259 4646 2509 4707 promat,
2556 4637 2881 4705 ignarosque
2937 4644 3062 4704 agat
3111 4639 3166 4690 in
3229 4637 3540 4692 discrimina

2319 4743 2528 4783 morum
2552 4744 2568 4794 ;

2005 4839 2007 4842 ‘
2106 4821 2213 4880 Sed
2257 4820 2379 4891 quia
2433 4818 2571 4875 liber
2617 4817 2805 4887 homo,
2837 4827 2894 4874 et
2935 4820 3172 4890 sapiens,
3231 4818 3542 4876 dist-eruere

2315 4913 2479 4968 rectis

2103 5008 2279 5066 Prava
2321 5016 2523 5077 potest,
2573 5007 2627 5062 in
2680 5021 2742 5064 se
2798 5010 2941 5061 intus
2985 5003 3190 5059 habens
3230 5003 3544 5060 discrimina

2321 5117 2503 5158 rerum
2530 5143 2544 5167 ,

1879 5243 1883 5248 .
1960 5196 2074 5256 2&0
2109 5196 2312 5269 Jusque
2376 5198 2704 5264 voluntatis,
2761 5207 2871 5269 quo
2938 5198 3202 5263 temperat
3263 5189 3546 5250 arbitrium

2322 5307 2497 5347 mens.

2103 5385 2165 5444 Si
2192 5395 2371 5440 tamen
2397 5383 2646 5452 ancipitis
2676 5393 2820 5437 erca
2858 5373 2997 5433 iteer
3038 5357 3225 5449 prtelia
3254 5375 3403 5445 vitae,

2107 5477 2228 5534 Non
2267 5477 2338 5532 de
2375 5491 2439 5531 se
2466 5482 2703 5539 tumeat;
2732 5471 2829 5526 sed
2853 5470 2996 5525 votis
3022 5477 3133 5524 tuta
3154 5468 3440 5535 modestis,

2037 5653 2072 5691 “
2099 5653 2280 5710 CAPUT
2307 5653 2395 5709 iV.
2432 5651 2561 5717 Deo,
2585 5652 2670 5705 cui
2693 5647 2916 5718 potestas
2941 5647 3042 5703 non
3066 5648 3226 5713 dem,
3257 5647 3414 5703 etiam
3456 5659 3550 5704 θο-

1967 5725 2222 5786 (animum
2266 5729 2429 5780 iuesw
2496 5717 2750 5790 hominem
2797 5717 3133 5790 procidentis
3164 5735 3261 5773 sua
3301 5718 3541 5773 tutandis

1968 5799 2146 5858 Status
2166 5799 2279 5869 jam
2301 5794 2462 5851 creati
2481 5793 2676 5849 mundi.
2703 5788 2942 5847 Hominis
2971 5788 3182 5847 crtalt‘o.

2391 5951 2398 5957 .
2406 5936 2414 5976 ζ
2422 5941 2428 5963 χ
2485 5920 2536 5960 ᾇὶ
