4014 6348
516 372 624 429 ϐἳὸ
1148 367 1205 422 S.
1248 363 1587 421 PROSPERI
1628 359 1953 428 AQUITANI
1990 360 2217 416 UPERA
2260 358 2583 415 INCERTA’.‘
2624 353 3145 416 AUCTORITATIS.
3669 348 3774 411 684

656 480 785 539 Inde
808 486 953 548 putet
975 487 1139 531 talum
1168 490 1348 544 posse,
1379 477 1522 529 unde
1560 474 1769 543 accepit
1791 482 1849 528 et
1876 488 2017 529 esse.
2118 476 2173 534 Α
2335 474 2450 539 Qua
2482 483 2661 542 posset
2688 472 2907 527 vitanda
2934 487 3033 527 suo
3062 471 3179 525 sine
3205 482 3366 525 nosse
3397 469 3622 540 periclo.

658 572 822 627 Insita
850 572 927 624 sic
954 568 1107 622 nobis
1140 568 1323 635 patriae
1355 566 1571 619 virtutis
1603 567 1777 634 imago
1804 575 1907 631 est,
2340 565 2436 619 llis
2464 565 2612 619 illata
2642 565 2780 620 dolis
2799 606 2815 632 ,
2850 565 2953 619 hoc
2980 563 3206 618 crimine
3234 570 3356 616 nata
3388 560 3601 631 subegit

515 666 620 721 245
663 663 849 733 Longo
890 661 1116 731 justitiae
1172 674 1292 729 quae
1340 659 1564 713 multum
1613 660 1857 713 exercita
1914 658 2092 725 cultu,
2195 656 2302 714 290
2330 657 2473 713 Mors
2503 657 2778 713 hominem
2801 697 2819 725 ,
2850 657 3007 727 culpa
3039 657 3093 712 in
3121 664 3350 712 cunctos
3385 663 3640 713 manante
3678 654 3771 712 ml-

662 756 771 811 Ceu
794 754 1015 825 speculo
1039 754 1213 806 lumen
1245 751 1484 805 divinum
1513 750 1716 805 imitata
1739 750 1987 805 referret.
2481 764 2643 806 nores
2668 767 2683 803 :

660 846 903 915 Cumque
956 846 1113 900 bonis
1168 844 1398 913 positum
1457 843 1739 898 transisset
1786 843 1843 898 in
1890 842 2100 898 artibus
2341 840 2472 908 Quae
2501 842 2666 896 semel
2695 843 2914 911 antiqua
2946 842 3130 909 pulsos
3158 842 3376 896 virtutis
3403 842 3474 897 ab
3500 856 3658 909 arce,

872 950 1048 989 mvum
1071 975 1086 1000 ,
2339 932 2457 987 Non
2488 948 2594 988 uno
2619 942 2825 988 tantum
2854 932 3131 988 transfuso
3159 948 3348 989 errore
3375 942 3655 1004 parentum

662 1028 934 1085 Eternam
961 1027 1151 1080 victrix
1176 1041 1356 1080 arcem
1389 1040 1640 1079 mansura
1674 1033 1915 1080 teneret.
2338 1026 2605 1094 lmplicuit
2634 1044 2647 1079 :
2678 1026 2775 1081 sed
2803 1040 2923 1081 cum
2957 1025 3171 1095 populis
3202 1026 3551 1082 nascentibus
3580 1035 3730 1081 aucta
3754 1068 3769 1091 ,

663 1120 909 1187 Totaque
935 1135 1023 1174 res
1052 1118 1244 1173 eii‘ecta
1275 1120 1392 1183 Dei,
1417 1119 1528 1187 jam
1559 1118 1706 1171 nulla
1738 1119 1944 1173 subiret
2339 1118 2688 1188 Multiplicem
2715 1120 2822 1173 lata
2851 1118 3095 1188 porrexit
3120 1127 3300 1187 strage
3328 1118 3560 1173 ruinam.

516 1213 624 1271 250
661 1214 874 1276 Praelia,
898 1227 999 1267 nec
1022 1212 1236 1280 trepide
1266 1225 1452 1265 secum
1473 1210 1788 1265 decerneret
1814 1209 1866 1263 in
1890 1225 1971 1275 se,
2198 1209 2307 1265 295
2341 1209 2442 1264 «At
2467 1223 2790 1279 quamquam
2821 1209 3059 1264 immissa
3082 1218 3334 1279 regnaret
3359 1219 3534 1266 morte
3562 1223 3773 1280 perem-

660 1306 767 1359 Nec
793 1304 952 1359 vellet
979 1302 1121 1373 quod
1148 1316 1275 1355 mox
1310 1301 1499 1365 nollet,
1524 1301 1781 1367 voluisse,
1813 1302 2026 1366 timere,
2050 1346 2053 1349 λ
2480 1309 2599 1371 ptos
2628 1316 2643 1365 ;

654 1398 931 1467 lgnorare,
961 1402 1165 1463 optare,
1198 1392 1307 1463 pati
1336 1392 1445 1461 jam
1477 1393 1656 1447 nescia
1682 1408 1696 1446 :
1734 1392 1897 1447 nullis
2350 1394 2533 1449 «Nulla
2565 1403 2740 1449 tamen
2773 1393 2995 1462 placitos
3027 1393 3254 1448 Domino
3278 1408 3386 1447 non
3416 1392 3584 1449 edidit
3610 1404 3735 1450 clas
3756 1436 3775 1461 ,

656 1490 916 1542 Crescere
973 1498 1136 1553 egens
1188 1483 1419 1537 cumulis
1444 1526 1457 1550 ,
1521 1482 1795 1551 nullisque
1862 1483 2095 1539 obnoxia
2347 1487 2683 1555 «Cunctaque
2712 1484 2959 1539 diversos
2987 1484 3294 1539 habuerunt
3321 1485 3516 1539 saecula
3544 1485 3717 1555 justos
3739 1504 3757 1541 :

870 1576 1100 1630 damnis.
2350 1578 2529 1647 «Quos
2562 1578 2683 1632 licet
2709 1578 2778 1633 ob
2808 1578 3058 1632 meritum
3084 1578 3207 1632 vitze
3235 1579 3370 1633 bona
3399 1577 3564 1632 multa
3592 1592 3774 1633 mane-

658 1672 725 1724 Et
750 1684 855 1738 quo
888 1668 1167 1738 promissis
1196 1667 1338 1721 adsit
1370 1668 1559 1721 fiducia
1593 1669 1820 1735 magnis,
2481 1679 2601 1725 rent
2633 1712 2648 1735 ,

517 1763 621 1817 255
661 1762 737 1817 Ac
759 1776 884 1830 spes
910 1762 1199 1829 propositae
1225 1761 1295 1814 sit
1318 1776 1423 1813 non
1458 1759 1664 1815 incerta
1693 1774 1909 1814 coronae
1936 1778 1951 1815 :
2349 1760 2437 1815 tln
2466 1770 2696 1815 mortem
2726 1760 2912 1814 vitiata
2942 1768 3117 1815 tamen
3146 1769 3330 1814 natura
3361 1759 3637 1824 trahebat,

658 1853 877 1908 Munere
907 1852 1191 1921 praesentis
1220 1852 1344 1905 vitte
1375 1852 1697 1907 documenta
1728 1851 1919 1905 futurte
2130 1847 2174 1905 Β
2201 1853 2305 1910 500
2339 1853 2487 1909 tNou
2515 1854 2665 1923 prius
2691 1868 2721 1908 a
2754 1853 2911 1922 primi
2942 1853 3121 1909 vinclo
3149 1852 3477 1908 absolvenda
3507 1852 3772 1922 parentis,

660 1946 832 2002 Sumit
854 1947 1038 2012 homo,
1067 1955 1122 2000 et
1150 1945 1339 1999 dandis
1366 1945 1642 2000 conlidere
1672 1945 1833 1999 discit
1864 1944 2095 2015 adeptis.
2354 1946 2555 2014 «Quam
2586 1946 2867 2015 majestate
2898 1944 3154 1999 incolumi
3185 1952 3474 2015 generatus
3507 1946 3558 1998 in
3590 1944 3708 2014 ipsa
3728 1986 3744 2009 ,

658 2038 793 2094 Huic
820 2038 942 2092 cceli
974 2037 1247 2103 volucres,
1281 2047 1336 2091 et
1362 2046 1555 2091 cuncta
1583 2038 1836 2091 animalia
1870 2046 2028 2092 teme
2350 2039 2695 2094 «DeStruerct
2726 2037 2857 2091 lethi
2884 2051 3076 2092 causas
3099 2045 3154 2091 et
3182 2037 3386 2091 semina
3412 2035 3677 2091 Christus.

662 2129 913 2199 Sabjecta
958 2148 972 2183 :
1009 2138 1064 2184 et
1109 2130 1286 2198 pisces
1346 2143 1481 2199 quos
1552 2130 1724 2183 nutrit
1787 2138 1983 2198 pontus
2047 2136 2101 2183 et
2346 2130 2513 2199 Cujus
2545 2140 2861 2200 perpetuam
2893 2133 3102 2185 cunctis
3132 2131 3391 2185 assistere
3420 2144 3603 2184 curam
3628 2169 3643 2193 ,

876 2239 1061 2279 amnes
1085 2240 1099 2289 ;
2346 2223 2659 2292 Promptum
2687 2232 2769 2279 est
2792 2222 3053 2291 exemplis
3076 2222 3144 2276 ah
3168 2222 3375 2291 origine
3401 2235 3561 2275 nosse
3584 2221 3775 2290 κιὶιὶτ.

519 2320 627 2376 360
668 2320 799 2375 Huic
830 2317 963 2373 solis
991 2319 1237 2385 lunreque
1264 2315 1431 2379 vices,
1459 2326 1514 2370 et
1543 2315 1715 2370 sidera
1750 2317 1923 2370 noctis
2203 2314 2309 2369 505
2335 2313 2453 2368 Νοη
2485 2315 2615 2369 latet
2645 2315 2781 2369 hanc
2810 2314 3015 2369 sanctis
3042 2328 3280 2368 onerans
3305 2314 3431 2368 alta:
3452 2315 3499 2366 Ta
3527 2314 3700 2368 sacris

662 2410 833 2470 Nosse
882 2410 1083 2473 datum,
1133 2409 1484 2476 numerisque
1534 2407 1655 2462 dies
1708 2406 2101 2477 comprendere
2345 2406 2531 2462 Justus
2566 2406 2729 2472 Abel,
2759 2407 2847 2476 qui
2878 2406 3126 2474 primitiis
3154 2408 3338 2460 ovium
3366 2420 3529 2475 grege
3558 2404 3746 2472 lectis,

878 2509 933 2555 et
964 2515 1163 2564 annos,
2343 2498 2624 2554 Cuiivcrtit
2657 2498 2869 2552 Domini
2898 2498 3104 2551 sincera
3135 2497 3187 2551 in
3218 2511 3442 2551 munera
3469 2498 3713 2552 vultum:

661 2596 814 2652 Scire
839 2601 1134 2663 potestates
1162 2591 1470 2652 herbarum,
1496 2599 1551 2645 et
1575 2590 1792 2643 nomina
1833 2591 1995 2647 rebus
2346 2591 2455 2646 Nec
2480 2591 2615 2646 fallit
2638 2591 2816 2662 specie
2841 2589 3037 2645 devota
3069 2590 3359 2662 relligionis

680 2686 889 2753 Indcre,
914 2696 968 2739 et
996 2684 1265 2753 ingenium
1296 2683 1472 2735 varias
1494 2696 1689 2749 augere
1713 2698 1807 2749 per
1824 2691 1991 2736 artes.
2348 2686 2495 2739 Dona
2518 2685 2647 2739 Cain
2667 2684 3005 2754 reprobanda
3028 2683 3214 2738 dicatis
3231 2725 3244 2748 ,
3264 2685 3350 2739 cui
3374 2684 3524 2739 virus
3544 2698 3778 2739 amarum

664 2779 814 2834 lIunc
862 2779 1130 2847 p0tiorem
1164 2791 1325 2830 unum
1368 2777 1578 2829 cunclis
1612 2776 1978 2844 spirantibus,
2010 2777 2103 2831 uni
2206 2776 2313 2832 3I0
2342 2776 2548 2832 Invidia
2582 2777 2633 2830 in
2668 2776 2885 2830 fratrem
2914 2789 3177 2831 succenso
3206 2774 3332 2831 felle
3359 2775 3644 2844 coquebat.

525 2872 635 2927 265
673 2872 985 2939 Suhjectum
1009 2870 1216 2924 servire
1238 2869 1378 2932 Deo;
1409 2884 1508 2921 nec
1535 2884 1791 2937 corporea
1814 2870 1886 2935 vi,
2350 2868 2459 2923 Nec
2494 2882 2751 2923 revocare
2782 2866 2952 2921 ferum
2984 2867 3243 2922 Dominus
3272 2880 3524 2923 sermone
3552 2866 3779 2938 benigno

662 2963 768 3020 Sed
803 2963 1024 3015 rationis
1053 2976 1174 3029 ope,
1208 2958 1554 3029 praefortibus
1584 2960 1920 3027 imperitare.
2354 2960 2624 3014 Abstinuit
2649 2978 2661 3012 :
2691 2970 3053 3029 quantumque
3080 2958 3230 3014 nefas
3253 2969 3553 3015 strueretur
3575 2960 3644 3015 ab
3677 2962 3781 3031 ipso

734 3053 762 3088 ν
800 3052 948 3119 Quon
975 3052 1017 3104 si
1047 3050 1165 3118 quis
1210 3064 1315 3103 non
1374 3058 1515 3103 totus
1556 3050 1718 3103 homo
1749 3050 1867 3104 haec
1911 3060 2103 3107 exten-
2351 3050 2611 3119 Ingessit,
2647 3050 2983 3119 fcrmamque
3010 3050 3163 3105 dedit
3191 3067 3294 3118 qua
3328 3051 3545 3107 vincere
3574 3066 3698 3107 sese

881 3142 1009 3195 dere
1031 3140 1215 3195 verbis
2352 3141 2576 3205 Posset,
2609 3151 2663 3196 et
2694 3142 2896 3195 insanzc
2926 3151 3174 3210 regnaret
3201 3141 3395 3195 fortior
3423 3142 3538 3196 irae.

667 3235 748 3291 Me
770 3242 939 3303 putat,
973 3243 1027 3287 et
1052 3232 1287 3286 nondum
1318 3248 1438 3287 sese
1460 3234 1713 3302 cognovit
1736 3234 1787 3287 in
1814 3235 1960 3299 istis;
2134 3219 2180 3281 C
2210 3232 2316 3288 515
2344 3232 2449 3288 Sed
2480 3241 2737 3301 concepta
2770 3231 2933 3286 semel
2965 3232 3169 3286 facinus
3195 3232 3418 3287 crudele
3446 3233 3651 3303 peregit

668 3326 860 3379 Audiat
884 3340 912 3377 a
949 3324 1135 3392 primis
1159 3323 1362 3379 distare
1391 3325 1708 3394 parentibus
1732 3334 1909 3378 actum
2351 3322 2604 3391 Impietas
2625 3365 2638 3389 ,
2667 3321 2873 3378 scelere
2904 3323 3228 3391 immergens
3258 3323 3556 3391 primordia
3584 3324 3784 3378 mundi.

526 3418 633 3474 270
669 3417 772 3472 Per
798 3417 988 3471 delicta
1019 3432 1209 3485 genus.
1238 3418 1405 3471 multa
1436 3430 1491 3473 et
1518 3419 1761 3488 rubigine
1792 3434 2002 3473 morum
2353 3417 2425 3471 At
2446 3414 2699 3482 numquid
2724 3414 2977 3483 placitum
3002 3413 3105 3469 sibi
3122 3413 3325 3484 justum
3347 3429 3378 3468 a
3400 3414 3545 3470 caede
3566 3416 3785 3469 nefanda

665 3509 912 3579 Corrupti
936 3512 1186 3580 exiguum
1206 3526 1389 3566 semen
1419 3527 1708 3579 superesse
1735 3514 1961 3583 vigoris.
2351 3506 2467 3562 Non
2500 3507 2669 3575 potuit
2698 3523 2916 3561 servare
2950 3507 3131 3561 Deus?
3161 3506 3267 3561 Sed
3301 3506 3422 3562 ﬁnis
3452 3507 3635 3563 acerbi

676 3602 843 3672 thue
872 3618 982 3657 sure
1006 3612 1207 3658 tantum
1246 3612 1450 3657 naturae
1474 3604 1649 3659 discat
1670 3604 1962 3671 honorem;
2353 3601 2619 3655 Occasmn
2654 3602 2829 3669 potior
2858 3598 2963 3653 vita
2991 3608 3047 3652 et
3073 3598 3355 3653 tribuenda
3384 3613 3583 3654 corona

671 3696 723 3748 ln
752 3711 1020 3749 summum
1051 3696 1222 3749 sancti
1255 3697 1470 3764 generis
1511 3696 1695 3751 redeat
1744 3706 1925 3767 caput,
1956 3710 2009 3753 et
2050 3715 2109 3755 se
2212 3689 2316 3745 520
2344 3688 2637 3743 Immodico
2667 3690 2856 3743 aeterni
2887 3689 3215 3757 superabant
3242 3688 3483 3758 pondere
3513 3688 3753 3744 honoris.

670 3786 973 3843 Estimeta
1002 3789 1250 3843 manibus
1282 3789 1512 3856 Domini,
1545 3791 1833 3859 afflatuque
1864 3802 2106 3862 regente,

2355 3783 2490 3849 Quid
2514 3824 2528 3845 ,
2559 3797 2678 3836 cum
2706 3782 2971 3835 viventem
2994 3780 3061 3835 de
3090 3780 3250 3835 terris
3280 3782 3553 3836 transtulit
3574 3780 3784 3847 Enoch,

529 3877 634 3934 275
672 3879 857 3945 Qualis
921 3879 1089 3933 Adam
1154 3879 1389 3934 nondum
1448 3890 1648 3936 terram
1711 3882 1996 3938 damnatus
2050 3885 2109 3939 in

2354 3874 2657 3943 Spernebat
2683 3882 2898 3927 terrena
2929 3872 3068 3926 Deus
3086 3872 3109 3925 τ
3129 3871 3370 3941 Namque
3392 3871 3643 3927 omnibus
3668 3871 3788 3927 illud

886 3971 1068 4034 istam,
2354 3964 2614 4019 Proderat
2642 3964 2948 4033 exemplum
2974 4004 2989 4029 ,
3022 3977 3128 4033 quo
3160 3964 3350 4018 mortis
3382 3973 3562 4019 terror
3588 3964 3790 4029 abiret,

676 4062 741 4115 Et
765 4062 899 4114 liber
924 4060 1119 4129 culpae,
1155 4062 1384 4128 paradisi
1417 4062 1594 4117 divitis
1617 4065 1803 4119 orbem
2354 4056 2623 4126 Spemque
2646 4056 3015 4110 inconcussam
3038 4064 3258 4125 caperet
3278 4055 3578 4112 substantia
3595 4057 3791 4112 carnis.

674 4145 949 4201 Cultarum
973 4145 1213 4213 locuples
1244 4147 1502 4201 virtutum
1531 4149 1679 4217 fruge
1709 4151 1941 4207 tenebat.
2214 4150 2320 4206 525
2341 4149 2431 4205 Sic
2460 4150 2565 4203 alio
2597 4156 2719 4217 post
2748 4146 2913 4201 multa
2942 4162 3057 4201 mro
3088 4147 3408 4203 documenta
3438 4148 3679 4204 minores

673 4237 770 4293 Cui
800 4251 923 4291 cum
952 4245 1096 4290 tanta
1125 4237 1266 4290 Deus
1306 4237 1528 4306 largitus
1559 4240 1697 4295 dona
1724 4241 1937 4309 fuisset,
2354 4242 2649 4310 PrOpusita:
2678 4240 2733 4294 in
2764 4238 2985 4294 Christo
3012 4248 3329 4293 meruerunt
3356 4253 3572 4295 sumere
3600 4240 3761 4307 vitae,

680 4330 891 4398 Viperei
917 4329 1097 4399 populi
1128 4329 1378 4399 princeps
1404 4330 1616 4399 invidit,
1649 4344 1704 4386 et
1730 4335 1834 4387 alta
2353 4332 2486 4388 Cutn
2519 4345 2729 4403 raptum
2762 4331 2950 4401 ignitis
2979 4346 3074 4399 per
3101 4332 3262 4386 inane
3287 4331 3561 4402 iugalibus
3585 4330 3761 4387 Helim

534 4424 639 4478 280
663 4421 821 4494 797
856 4422 1099 4489 Dejectus
1128 4421 1347 4489 regione
1376 4422 1481 4490 poli
1509 4422 1655 4493 (quia
1687 4439 1896 4477 summa
1926 4435 2110 4482 tenere
2358 4427 2720 4483 Scandentem
2750 4424 2910 4478 rutilo
2939 4424 3189 4479 viderunt
3217 4423 3420 4478 aethera
3451 4440 3637 4480 curru.

678 4513 790 4567 Non
822 4512 920 4565 nisi
955 4526 1085 4579 pura
1115 4522 1292 4580 potest
1316 4512 1577 4581 bonitas),
1611 4513 1813 4581 majora
1844 4517 2071 4570 nocendi
2138 4582 2171 4585 Δ
2357 4518 2439 4571 Αη
2462 4516 2647 4569 aberat
2672 4524 2781 4568 tum
2812 4528 2939 4568 cura
2977 4514 3103 4580 Dei,
3135 4529 3258 4569 cum
3287 4512 3457 4568 en‘usa
3491 4530 3587 4585 per
3614 4527 3795 4569 omnes

675 4607 934 4674 Concepit
963 4621 1118 4659 verso
1148 4614 1381 4659 mutatus
1407 4605 1572 4660 corde
1600 4621 1826 4661 venena.
2134 4582 2189 4641 D
2217 4608 2321 4663 550
2350 4608 2514 4678 799
2538 4605 2682 4661 Gens
2705 4604 2980 4659 hominum
3002 4605 3221 4674 culpas,
3246 4609 3462 4675 penitus
3491 4582 3690 4675 pietate
3718 4619 3796 4660 re-

674 4701 774 4767 Qui
806 4714 1172 4771 pnsscssorem
1203 4708 1467 4753 tantarum
1498 4699 1817 4754 deliciarum
1840 4744 1855 4768 ,
2500 4698 2623 4753 licta
2645 4736 2661 4763 ,

677 4792 923 4845 Mandata
953 4791 1227 4843 exclusum
1258 4790 1380 4857 quia
1408 4800 1627 4845 noverat
1656 4794 1853 4847 arbore
1884 4793 1950 4847 ab
1976 4810 2111 4860 una,
2362 4792 2485 4846 Dira
2518 4790 2652 4844 toris
2681 4790 2860 4846 vetitis
2889 4798 3171 4859 generaret
3202 4799 3441 4845 monstra
3473 4791 3722 4860 gigantas

531 4882 635 4939 €283
668 4881 902 4951 Perpulit
930 4894 960 4932 a
990 4882 1168 4934 vetitis
1202 4894 1417 4947 pomum
1444 4880 1737 4950 decerpere
1768 4884 1935 4937 ramis
1957 4926 1971 4947 ,
2359 4883 2452 4938 Illa
2483 4882 2697 4951 quidem
2729 4881 2912 4937 mundi
2940 4883 3164 4937 exitium
3198 4882 3417 4951 praefata
3451 4883 3690 4939 futurum
3716 4925 3730 4947 ,

675 4975 839 5039 Queis
871 4973 1042 5026 inerat
1066 4972 1203 5025 recti
1237 4980 1290 5025 et
1318 4972 1467 5041 pravi
1499 4974 1829 5042 experientia
1872 4976 2045 5045 major
2366 4974 2629 5042 Tempora
2661 4972 2804 5041 larga
2834 4972 3010 5040 dedit,
3039 4973 3191 5043 queis
3221 4974 3275 5027 in
3307 4974 3529 5029 meliora
3559 4957 3761 5029 reducti

678 5065 827 5120 Tunc
856 5065 1061 5118 ditione
1092 5063 1328 5118 hominis
1351 5106 1365 5131 ,
1399 5064 1521 5133 quia
1554 5065 1790 5120 nondum
1832 5080 2115 5138 acceperat
2368 5066 2652 5129 Mortales,
2680 5065 2943 5120 scelerum
2975 5067 3169 5122 seriem
3198 5066 3395 5121 virtute
3424 5067 3654 5136 piarent.

818 5159 953 5211 banc
979 5158 1083 5211 vim
1107 5201 1119 5224 ,
2225 5160 2329 5216 555
2357 5156 2597 5227 Cumque
2624 5155 2773 5210 nefas
2798 5156 3050 5224 placitum
3080 5164 3191 5211 toto
3219 5159 3536 5227 persisteret
3564 5157 3727 5220 orbe,

600 5318 629 5350 “
658 5315 839 5369 CAPUT
877 5314 939 5367 V.
966 5314 1028 5366 In
1054 5331 1153 5384 quo
1183 5315 1424 5381 differant
1474 5332 1505 5365 (ι
1552 5316 1716 5381 primo
1771 5326 1978 5384 parente
2011 5319 2103 5371 ho-
2215 5327 2373 5373 serto.

532 5388 693 5438 mines
726 5394 841 5455 post
867 5385 1089 5447 lapsum.
1122 5383 1324 5455 Diaboli
1350 5386 1536 5436 invidia
1566 5386 1812 5455 adversus
1840 5386 2101 5442 hominem
2283 5387 2411 5441 288.
2445 5394 2519 5455 tta
2549 5386 2720 5455 Lugd.
2746 5385 2908 5440 editio
2934 5404 2946 5438 :
2976 5385 3096 5440 alite
3121 5399 3249 5440 vero
3269 5426 3285 5451 ,
3319 5384 3450 5453 Qua!
3479 5394 3668 5453 posset.

533 5457 768 5523 primum.
809 5452 945 5506 Iusti
975 5456 1132 5523 aliqui
1162 5454 1381 5521 qualibet
1414 5454 1591 5507 mundi
1634 5464 1803 5525 (etate.
1853 5457 2106 5524 Exempla
2286 5457 2412 5511 516.
2446 5454 2534 5511 Sic
2578 5452 2712 5509 alias
2746 5472 2759 5508 :
2800 5468 2854 5510 et
2898 5458 3111 5523 quidem
3160 5452 3368 5509 meliori
3414 5452 3610 5523 sensu,
3640 5469 3801 5525 quam

533 5526 864 5595 providerunt:
911 5525 1003 5595 Ι)ιρ
1050 5541 1169 5593 erga
1209 5527 1433 5595 homines
1484 5539 1598 5577 ante
1645 5524 1846 5593 Legem.
1892 5529 2014 5581 Abel
2059 5540 2106 5582 et
2212 5544 2333 5583 cum
2370 5532 2556 5595 legiler
2584 5528 2633 5578 iu
2666 5527 2997 5580 ed.tionilms
3028 5526 3259 5594 nostris,
3289 5527 3556 5581 immenso.

533 5592 680 5649 Cain.
727 5592 929 5659 Raptus
961 5592 1137 5646 Eum-It
1175 5605 1219 5647 et
1250 5594 1383 5647 Elite
1411 5599 1531 5662 quid
1570 5592 1765 5647 doceat.
1816 5597 1878 5649 In
1913 5600 2106 5652 diluvio

1322 5598 1383 5647 ire
1411 5599 1531 5662 quid
1570 5592 1765 5647 doceat.
1816 5597 1878 5649 In
1913 5600 2106 5652 diluvio
2282 5592 2495 5653 527.“
2531 5608 2647 5662 est,
2685 5597 2907 5651 Ηαιιίαιη.

531 5686 621 5743 cur
651 5678 847 5743 serrula
872 5667 1048 5743 d-omus
1084 5663 1219 5717 Noe.
1244 5665 1640 5743 Ahraluelrdes.
1681 5666 1809 5718 Loth
1844 5684 2106 5743 seruatus.
2274 5667 2406 5743 553.
2440 5666 2611 5737 Lugd.
2652 5682 2703 5724 et
2734 5667 2961 5736 Lovan.,
3005 5669 3231 5733 deducti,
3257 5682 3453 5743 praeter
3492 5674 3634 5742 leges
3681 5690 3722 5727 ς.
3748 5688 3800 5727 το

532 5738 727 5804 Ioseph
767 5737 820 5787 in
859 5732 1148 5807 Alyyptum
1176 5738 1429 5807 venditus.
1467 5732 1669 5807 Moyses
1696 5739 1943 5807 populum
1973 5741 2104 5793 edu-
2213 5742 2393 5795 minis.

530 5825 644 5860 mn
662 5803 731 5860 α
758 5803 1011 5859 servitute.
1037 5803 1289 5857 Protectio
1320 5805 1411 5859 Dei
1438 5803 1721 5877 erga'ﬁlios
1749 5803 1913 5864 [εῖδει
1941 5812 1994 5864 in
2016 5810 2106 5863 de-
