4014 6348
428 451 537 508 Nec
565 450 670 508 nisi
699 450 900 508 diluvio
926 449 1098 509 deleri
1124 451 1352 508 erimina
1383 457 1644 520 possent,

419 543 544 601 Sola
570 543 682 600 Noe
708 553 922 600 servata
951 542 1185 611 domus;
1214 559 1333 614 qua
1363 542 1533 598 libera
1557 539 1728 596 cladis
1747 579 1764 605 ,

420 636 699 693 Conelusis
722 637 938 706 paribus
963 639 1259 708 spirantum
1290 637 1358 692 de
1382 649 1581 707 genere
1605 634 1786 702 omni,

415 727 570 787 Unde
599 730 775 786 forent
804 731 988 786 vacuis
1016 731 1314 802 reparanda
1345 729 1600 785 animalia
1629 728 1819 793 terris,

277 821 382 880 διο
409 821 576 877 lllatsa
602 863 618 888 ,
648 822 848 877 mundo
876 833 1134 892 pereunte
1153 865 1168 888 ,
1199 822 1469 892 superfuit
1497 837 1642 876 arca.

407 906 528 968 Non
555 913 677 983 quia
710 929 816 968 non
846 914 984 970 alios
1010 916 1238 986 populus
1266 915 1407 969 Deus
1436 914 1601 970 edere
1633 921 1854 982 posset:

417 1003 526 1062 Sed
557 1005 742 1059 multis
771 1005 976 1062 fractus
1007 1007 1240 1074 morbis,
1274 1018 1329 1060 ut
1358 1007 1566 1061 semine
1590 1005 1659 1058 ab
1685 1005 1804 1074 ipso

412 1094 558 1153 Idem
590 1097 751 1152 homo
781 1099 832 1152 in
859 1097 1061 1153 Christi
1092 1114 1289 1168 corpus
1318 1099 1588 1154 nascendo
1615 1099 1853 1164 veniret;

415 1185 590 1258 thue
620 1189 730 1244 Deo
754 1189 899 1259 justo
929 1190 1243 1246 meritorum
1269 1191 1450 1259 judice
1470 1235 1484 1259 ,
1517 1200 1722 1260 partam

276 1275 376 1336 565
399 1276 696 1334 Nossemus
726 1280 970 1350 requiem
999 1282 1200 1336 sanctis
1227 1281 1282 1336 in
1310 1282 1461 1336 clade
1490 1283 1776 1338 malorum.

407 1368 601 1426 Nonne
629 1373 789 1427 etiam
817 1372 869 1426 in
902 1381 1139 1428 nostram
1175 1374 1382 1428 Domini
1407 1373 1517 1444 jam
1549 1385 1661 1428 tum
1693 1373 1854 1430 mise-

545 1465 717 1520 remis

405 1553 724 1626 Progeniem
753 1556 1009 1614 tendebat
1030 1573 1203 1625 amor,
1226 1573 1348 1613 cum
1377 1559 1627 1614 credulus
1649 1559 1847 1616 Abram

408 1647 698 1704 Multorum
718 1689 733 1714 ,
765 1649 1007 1720 pariente
1038 1651 1142 1707 fide
1164 1693 1178 1716 ,
1211 1652 1424 1722 genitor
1455 1656 1775 1724 populorum

411 1743 739 1800 Promissum
767 1759 937 1816 genus
966 1745 1261 1801 innumeris
1287 1747 1540 1801 censebat
1571 1749 1622 1802 in
1647 1748 1847 1804 astris?

270 1835 366 1892 350
400 1834 709 1890 Autcumin
727 1836 1057 1906 Pentapolim
1073 1837 1422 1893 descenderet
1443 1838 1630 1907 igneus
1652 1839 1845 1907 imber,
1875 1831 1925 1892 Β

408 1923 596 1980 Nonne
626 1926 774 1994 prius
803 1926 972 1980 multo
999 1925 1162 1980 dilata
1191 1929 1440 1982 examine
1471 1929 1618 1982 venit

412 2013 609 2088 indicis
639 2018 714 2070 ira
746 2015 887 2071 Dei?
916 2017 1006 2087 qui
1037 2028 1311 2086 promptus
1341 2034 1564 2087 parcere
1587 2062 1602 2085 ,
1633 2021 1810 2076 nullas

419 2104 622 2167 Invenit
647 2122 837 2163 causas
865 2111 1033 2164 venia:
1059 2126 1074 2174 ;
1104 2109 1278 2178 deque
1306 2111 1558 2165 omnibus
1592 2127 1754 2167 unum

410 2179 730 2255 Dissimilem
761 2199 1016 2256 Sodomis
1048 2199 1252 2256 incesta
1289 2201 1341 2256 in
1373 2203 1532 2272 plebe
1563 2215 1837 2272 repertum

267 2288 364 2347 335
401 2286 629 2358 Exemit,
663 2292 916 2362 parvique
942 2292 1090 2348 dedit
1114 2293 1388 2348 dominum
1418 2296 1653 2364 oppiduli
1679 2295 1839 2352 Lotlt.

406 2382 536 2439 Cum
560 2400 687 2440 vero
708 2384 996 2458 Egyptunt
1018 2386 1429 2456 Chananazaque
1452 2405 1612 2457 regna
1636 2398 1844 2446 teneret

410 2479 530 2532 Dira
561 2478 762 2543 fames,
791 2489 931 2534 totos
959 2490 1166 2548 septem
1200 2481 1478 2534 toleranda
1510 2497 1605 2549 per
1633 2496 1838 2547 annos,

406 2568 748 2624 Prmstruitur
777 2582 923 2624 certe
955 2570 1271 2640 patriarchis
1297 2587 1459 2626 causa
1492 2575 1804 2640 movendis,

403 2660 467 2714 Et
490 2659 683 2716 domus
709 2672 960 2718 externos
990 2662 1132 2718 inter
1163 2663 1421 2732 placitura
1456 2677 1698 2732 paratur,

265 2749 368 2806 560
394 2749 521 2819 Quae
555 2751 748 2806 blande
781 2752 960 2809 foveat
986 2755 1164 2824 populi
1197 2756 1533 2811 incrementa
1563 2757 1766 2824 futuri,

404 2841 623 2912 Mystica
655 2843 779 2898 dum
808 2843 1011 2914 Joseplt
1043 2846 1355 2914 prodeuntem
1384 2851 1590 2902 somnia
1621 2849 1820 2906 fratres

403 2934 456 2990 In
481 2951 696 2991 servum
721 2937 961 2993 vendunt
985 2938 1180 3008 pretio,
1207 2939 1505 3009 falluntque
1531 2951 1841 3010 parentem;

401 3028 536 3082 Dum
558 3039 764 3084 castum
790 3029 1025 3086 domina:
1047 3032 1338 3101 petulantia
1361 3048 1581 3088 earcere
1603 3035 1840 3103 damnat;

404 3119 534 3174 Dum
565 3135 657 3175 rex
687 3121 901 3176 obscuri
933 3132 1152 3177 narrato
1180 3126 1464 3194 aenigmate
1495 3130 1708 3192 somni,

263 3208 365 3267 365
399 3211 716 3279 Exemplum
750 3223 925 3269 vatem
954 3215 1203 3285 dignatur
1233 3217 1440 3272 honore
1473 3219 1754 3285 secundo;

397 3303 644 3374 Dumque
670 3306 774 3375 piis
806 3306 1045 3363 traducta
1072 3307 1212 3362 dolis
1241 3306 1468 3364 Hebraea
1494 3312 1749 3380 juventus
1768 3353 1783 3378 ,

393 3395 604 3452 Gaudet
633 3397 916 3452 adoratum
949 3399 1102 3454 venia
1136 3416 1469 3470 cognoscere
1499 3404 1747 3460 fratrem.

395 3485 496 3553 Qui
535 3502 655 3542 cum
692 3489 860 3544 multa
901 3490 1091 3545 insons
1126 3490 1294 3554 ferret
1333 3494 1503 3560 mala,
1539 3511 1720 3551 nonne
1755 3511 1839 3552 re-

533 3591 734 3636 motum
763 3623 778 3648 ,

397 3670 610 3742 Resque
639 3673 917 3730 hominum
950 3674 1329 3746 dedignantem
1362 3679 1624 3746 potuisset
1655 3681 1840 3751 inepto

263 3759 362 3818 370
389 3762 641 3819 lncusare
671 3765 842 3821 Deum
869 3776 1062 3836 questu
1084 3811 1098 3836 ,
1133 3769 1235 3824 nisi
1263 3783 1451 3824 cuncta
1487 3771 1769 3840 profundis

394 3854 580 3911 Judice
610 3856 709 3912 sub
735 3858 880 3925 justo
907 3859 1101 3914 scisset
1127 3860 1416 3916 decurrere
1443 3863 1663 3916 causis?

396 3951 529 4017 Quae
561 3951 692 4007 licet
721 3951 917 4007 infidas
946 3953 1160 4007 soleant
1187 3954 1521 4009 confundere
1552 3963 1801 4021 mentes;

396 4042 509 4097 Non
540 4052 767 4111 possunt
795 4043 1012 4098 turbare
1046 4043 1161 4113 pias
1181 4084 1196 4109 ,
1226 4046 1348 4114 quia
1380 4056 1622 4114 tempore
1654 4047 1704 4100 in
1735 4046 1839 4102 isto

397 4134 522 4190 Hec
551 4136 721 4206 posita
749 4145 832 4191 est
860 4137 1028 4190 virtus
1047 4177 1060 4200 ,
1091 4147 1147 4191 ut
1177 4139 1425 4192 libertate
1454 4140 1683 4208 potitos,

266 4227 366 4283 375
397 4226 604 4298 Exiguo
631 4229 684 4284 in
713 4229 922 4299 spatio,
949 4231 1081 4299 justi
1114 4232 1386 4311 patiantur
1417 4233 1659 4301 iniquus,

397 4320 543 4385 Quos
572 4320 716 4376 Deus
749 4323 868 4392 ipse
900 4323 1064 4378 modo
1093 4324 1260 4377 dilata
1293 4325 1524 4379 sustinet
1555 4326 1656 4378 ira.

397 4409 456 4466 Si
483 4426 616 4481 gens
643 4411 805 4468 chara
838 4415 978 4480 Deo,
1007 4425 1060 4470 et
1089 4430 1235 4469 saevo
1261 4426 1513 4486 suspecta
1547 4426 1798 4485 tyranno,

399 4502 655 4574 lnjustutn
685 4508 965 4576 imperium
996 4511 1140 4579 regis
1173 4509 1432 4564 tolerabat
1462 4511 1643 4566 acerbi
1673 4527 1688 4575 ;

399 4594 703 4652 “testarum
731 4607 784 4654 et
813 4611 1042 4654 matrum
1072 4601 1180 4655 fetu
1211 4602 1416 4669 p0tiore
1444 4613 1655 4668 necato,

263 4682 362 4744 880
385 4685 696 4745 Condensas
716 4689 900 4761 [Forte
918 4691 1264 4765 Condendae]
1285 4693 1467 4762 jussos
1489 4694 1687 4750 lateres
1709 4710 1840 4766 pra:-

536 4782 700 4838 bebat
724 4783 791 4838 ad
822 4784 979 4839 nrbes
997 4825 1012 4850 ,

431 4877 590 4948 θοι
635 4877 699 4933 Ut
730 4879 898 4935 durus
932 4880 1123 4947 labor,
1168 4888 1220 4935 et
1268 4893 1428 4935 saeva:
1489 4880 1834 4936 inclementia

611 4976 820 5038 mortis,

400 5066 594 5121 Omnes
623 5064 881 5121 terribilis
900 5066 1080 5136 populi
1123 5073 1469 5122 consumeret
1499 5078 1690 5119 annos.

404 5157 507 5213 Sed
539 5175 645 5214 non
676 5159 774 5213 ista
803 5159 911 5214 Deo
938 5159 1178 5228 patribus
1209 5158 1351 5210 illata
1383 5165 1616 5219 remoto,

399 5252 515 5320 lpse
542 5251 734 5317 docet,
767 5267 1060 5321 curamque
1075 5250 1176 5305 sibi
1209 5249 1531 5320 probatesse
1559 5262 1800 5303 suorum.

266 5343 364 5398 585
399 5343 530 5399 Nam
555 5344 709 5414 jubet
727 5345 960 5400 electum
991 5343 1255 5397 Pharaoni
1277 5341 1491 5396 edicere
1513 5340 1697 5396 Mosen
1724 5379 1740 5405 ,

398 5434 467 5493 Ut
490 5436 634 5490 sinat
662 5434 898 5507 Egypto
929 5433 1136 5489 Domini
1163 5432 1441 5487 discedere
1462 5431 1694 5500 plebem.

332 5597 350 5617 ⁶
373 5595 554 5652 CAPUT
585 5595 671 5652 VI.
698 5593 947 5662 Exempla
974 5587 1427 5666 providentiteDet'
1456 5588 1509 5641 in
1532 5585 1823 5666 [ξείνι’-ιτα

271 5671 507 5722 naturalis
533 5667 766 5721 omnibus
794 5657 986 5719 innata:
1023 5664 1142 5717 Non
1172 5665 1223 5715 in
1249 5664 1356 5713 sola
1371 5669 1514 5728 gente
1536 5657 1822 5728 Israelitica

269 5733 465 5800 e/fecms
512 5739 839 5805 providentia?
895 5737 1002 5788 Dei.
1038 5733 1182 5808 Mens
1213 5733 1473 5808 speculum
1502 5739 1574 5780 est
1601 5729 1738 5808 quod
1761 5727 1824 5792 ﬁ-

271 5808 350 5857 des
379 5802 562 5862 Christi
584 5813 753 5866 terat't.
785 5808 892 5860 Lex
917 5817 962 5858 et
992 5802 1249 5864 prop/tene
1295 5802 1549 5853 Christum
1603 5802 1825 5850 nascitu-

1859 4575 1916 4637 Β

1324 334 1608 394 ΩΔΒΜΕΝ
1648 335 1740 390 DE
1780 333 1834 388 Pl

1945 332 2238 386 iiDbNIIA
2278 333 2343 388 Dl
2359 333 2527 389 VINA.
3445 333 3549 391 σία

1883 451 1937 509 Α
2101 443 2167 500 Ni
2199 444 2393 513 faciat,
2425 448 2611 504 multis
2637 430 2924 518 plectentia
2946 448 3198 518 superbia
3231 447 3436 519 plagis,

2104 538 2313 596 Sentiet
2338 542 2566 597 excitam
2590 558 2709 613 quae
2734 544 2882 613 regni
2913 543 2993 597 vis
3017 542 3178 597 habet
3198 543 3355 596 iram.

2110 628 2206 685 Ille
2229 632 2444 702 quidem
2473 636 2688 705 quoties
2709 637 2910 704 patitur
2937 635 3179 691 ctelestia
3203 634 3306 689 tela
3327 675 3344 703 ,

1963 723 2070 780 390
2105 723 2291 792 Cedit,
2315 737 2370 782 et
2387 729 2702 800 obsequium
2731 732 2981 797 simulat;
3013 732 3108 786 sed
3139 731 3292 788 clade
3317 739 3544 800 remota,

2109 817 2346 873 Duratur
2373 831 2620 888 parcente
2637 823 2770 888 Deo,
2795 837 2984 879 causas
3010 826 3266 894 pereundi

2104 909 2308 979 Impius
2330 912 2454 967 inde
2476 915 2711 980 trahens,
2735 930 2842 984 quo
2865 925 3046 984 posset
3067 918 3264 972 habere
3294 918 3520 976 salutem

2105 1000 2286 1056 Donec
2319 1002 2372 1057 vi
2399 1005 2574 1059 victus
2603 1005 2748 1058 laxat
2776 1007 2882 1060 fera
2905 1006 3024 1074 jura
3049 1017 3329 1079 tyrannus,

2105 1093 2238 1147 Ditia
2271 1093 2571 1150 barbaricis
2593 1106 2650 1150 et
2673 1097 2846 1152 Moses
2868 1100 3077 1167 agmina
3093 1100 3257 1169 gazis,

1957 1184 2064 1240 595
2115 1185 2404 1241 Promovet
2429 1229 2444 1252 ,
2467 1187 2659 1256 insigni
2691 1188 2838 1243 sulco
2868 1199 3198 1245 monstrante
3225 1191 3472 1245 columna

2008 1289 2015 1296 °
2102 1279 2205 1334 Per
2225 1280 2438 1334 deserta
2465 1282 2605 1335 viam
2633 1297 2644 1332 :
2666 1296 2784 1350 quae
2796 1279 3022 1336 formam
3040 1283 3090 1336 in
3112 1291 3321 1350 tempta
3336 1290 3515 1336 utrum

2308 1389 2413 1442 que

2100 1461 2392 1533 Temperat
2421 1505 2435 1529 ,
2459 1464 2667 1519 alterna
2692 1473 2749 1518 ut
2777 1463 2979 1519 tribuat
3006 1463 3122 1519 vice
3147 1465 3428 1520 commoda
3452 1479 3542 1520 ca-

2313 1556 2470 1621 stris,

2097 1649 2240 1704 Luce
2282 1657 2490 1720 tegens,
2539 1659 2593 1704 et
2616 1659 2771 1705 nocte
2807 1663 3033 1720 regens,
3081 1650 3269 1706 eadem
3320 1649 3457 1720 ignis
3486 1656 3540 1705 et

2309 1744 2496 1797 umbra
2519 1783 2532 1807 ,

2096 1833 2254 1889 Discu
2267 1834 2404 1890 tiens
2431 1835 2660 1888 ﬂammis
2682 1834 2963 1903 tenebras,
2989 1844 3042 1889 et
3071 1834 3214 1890 nube
3237 1835 3465 1890 calores.
3545 1829 3551 1834 ’

1955 1925 2063 1982 ιοο
2101 1926 2240 1993 Quid
2274 1928 2464 1998 loquar
2489 1935 2542 1982 et
2568 1926 2788 1996 trepidis
2813 1926 3053 1997 patribus
3093 1941 3216 1980 cum
3259 1928 3537 1984 incumbe-

2315 2030 2394 2074 ret
2417 2020 2608 2085 hostis,

2099 2109 2340 2164 Divisum
2372 2111 2612 2179 pelagus,
2642 2109 2920 2178 solidoque
2949 2111 3130 2178 rigore
3161 2111 3349 2180 ligatas

2095 2199 2268 2255 lnstar
2294 2201 2490 2256 montis
2521 2215 2710 2269 aquas,
2745 2215 2916 2254 vacuo
2937 2200 3168 2254 cessisse
3199 2199 3499 2269 profundo;

2092 2293 2317 2361 Quaque
2338 2293 2563 2362 gradum
2588 2292 2756 2346 illmsa
2783 2293 3013 2346 tulerant
3039 2303 3114 2346 tot
3142 2293 3309 2347 millia
3340 2292 3534 2360 plebis,

2093 2384 2424 2455 Oppressum
2457 2385 2674 2454 Λεωτριί
2707 2385 2969 2454 populum
2992 2386 3312 2444 coeuntibus
3341 2384 3536 2440 undis?

1945 2478 2054 2533 405
2088 2478 2276 2533 Omnis
2301 2479 2444 2533 enim
2468 2477 2673 2532 auctori
2695 2478 2863 2531 servit
2892 2486 3081 2531 natura
3123 2475 3354 2546 potenti,

2087 2572 2324 2641 Quaeque
2351 2571 2419 2626 ad
2444 2585 2602 2641 opem
2641 2569 2838 2624 cedunt
2865 2611 2879 2635 ,
2904 2571 3091 2624 eadem
3119 2570 3443 2624 famulantur
3465 2567 3534 2625 ad

2307 2665 2466 2719 iram.

2089 2755 2197 2813 Sed
2222 2757 2351 2810 mihi
2384 2770 2484 2811 nec
2505 2768 2732 2811 vacuum
2757 2764 2980 2810 cunctas
2999 2769 3311 2821 percurrere
3332 2753 3536 2809 formas

2093 2851 2389 2916 Virtutum,
2424 2861 2477 2906 et
2508 2851 2674 2919 gestis
2700 2851 2809 2903 oris
2839 2864 2946 2902 non
2974 2863 3124 2918 requa
3147 2849 3388 2902 facultas.

2086 2942 2218 2998 Nam
2248 2944 2365 3012 quis
2398 2952 2662 2997 tantarum
2684 2943 2897 2998 evolvat
2925 2941 3181 2996 miracula
3211 2940 3427 2994 rerum!

1945 3035 2054 3092 ΗΟ
2079 3037 2285 3092 Manna:
2311 3037 2569 3102 imbrem,
2587 3045 2890 3092 etcunctos
2914 3037 2967 3090 in
2987 3035 3108 3090 caeli
3131 3050 3267 3105 pane
3287 3049 3531 3105 sapores,
3584 3033 3588 3036 ’

2090 3129 2261 3185 Sicca:
2282 3130 2431 3200 rupis
2459 3144 2650 3200 aquam
2668 3171 2683 3195 ,
2712 3139 2768 3184 et
2802 3128 3074 3183 dulcorem
3105 3127 3266 3183 fontis
3289 3124 3457 3181 amari
3480 3165 3497 3191 ,

1869 3209 1916 3274 C
2090 3222 2196 3279 Aut
2227 3222 2366 3278 inter
2395 3223 2608 3278 deserta
2639 3229 2789 3277 actos
2815 3221 2984 3276 denos
3010 3230 3203 3291 quater
3232 3233 3426 3284 annos,

2085 3313 2194 3369 Nec
2213 3314 2470 3368 membris
2500 3313 2754 3368 nocuisse
2770 3327 2908 3378 aevo,
2939 3327 3038 3367 nec
3064 3311 3304 3366 vestibus
3329 3309 3460 3366 usu?

2163 3411 2181 3430 '
2220 3406 2380 3461 LEGIS
2407 3406 2460 3460 in
2493 3406 2803 3474 exemplum
2831 3405 2986 3473 juvat
3009 3403 3180 3466 ire,et
3201 3415 3446 3471 quarere
3466 3400 3534 3456 ab

2296 3497 2430 3563 ipsis

1940 3588 2046 3644 M5
2083 3587 2185 3655 Qui
2233 3601 2414 3642 curam
2445 3586 2653 3640 Domini
2695 3593 3015 3648 removent,
3049 3599 3115 3638 an
3171 3593 3417 3652 tempore
3462 3582 3529 3638 ab

2296 3681 2390 3735 illo

2086 3773 2330 3842 Coeperit
2351 3771 2615 3826 humanas
2642 3770 2694 3823 in
2717 3770 2842 3824 vita:
2873 3769 3076 3826 foedera
3100 3776 3311 3823 mentes

2087 3862 2385 3917 Infortnare
2420 3863 2588 3925 Deus;
2614 3874 2713 3915 nec
2738 3874 2834 3929 per
2865 3868 2941 3914 tot
2971 3860 3162 3912 saecula
3192 3857 3374 3912 mundi

2084 3953 2368 4008 Permotus
2398 3952 2546 4007 vitiis
2571 3993 2586 4018 ,
2618 3962 2746 4006 tunc
2769 3952 2858 4021 jus
2887 3951 3263 4020 perscripserit
3291 3965 3524 4019 :cquum.

2083 4048 2159 4102 Ite
2180 4047 2281 4115 ipsi
2309 4049 2359 4102 in
2388 4058 2585 4101 vestra:
2613 4047 2907 4114 penetralia
2939 4045 3158 4107 mentis,
3194 4055 3248 4098 et
3279 4044 3422 4098 intus

1941 4139 2046 4194 ΩΟ
2083 4138 2286 4192 Incisus
2315 4139 2518 4206 apices,
2548 4152 2611 4192 ac
2632 4138 2828 4204 scripta
2862 4133 3135 4188 volumina
3158 4133 3337 4187 cordis

2083 4231 2356 4299 Inspicite,
2387 4238 2441 4283 et
2469 4229 2703 4298 genitam
2721 4226 3000 4280 vobiscum
3029 4227 3303 4294 agnoscite
3331 4224 3523 4294 legem.

2083 4321 2211 4375 Nam
2241 4320 2363 4390 quis
2387 4319 2509 4382 erit,
2535 4317 2694 4372 modo
2728 4332 2832 4369 non
2864 4331 3026 4384 pecus
3057 4314 3194 4384 agri,
3223 4324 3314 4368 aut
3344 4313 3523 4369 bellua

2290 4413 2460 4481 ponﬁ,

2080 4507 2178 4572 Qui
2210 4507 2355 4559 vitiis
2385 4503 2523 4558 adeo
2550 4501 2746 4555 stolide
2769 4499 3067 4554 ublectetnr
3089 4500 3310 4565 apertis,

2080 4599 2152 4655 Ut
2179 4596 2321 4668 quod
2345 4597 2473 4663 agit,
2499 4595 2626 4648 velit
2659 4595 2773 4661 ipse
2803 4591 2942 4661 pati?
2972 4591 3243 4646 Mendacia
3269 4588 3449 4654 fallax,

1939 4695 2046 4751 4‘35
2085 4693 2248 4748 Furta
2290 4706 2493 4760 rapax,
2528 4689 2785 4742 furiosum
2823 4695 3004 4749 atrox,
3041 4681 3302 4736 hemicida
3332 4695 3524 4735 cruen-

2292 4793 2404 4835 tum

2079 4875 2307 4929 Damnat
2332 4913 2348 4938 ,
2371 4878 2430 4927 et
2449 4872 2502 4926 in
2533 4868 2804 4925 moechum
2837 4865 3044 4936 gladios
3070 4861 3342 4931 distringit
3369 4860 3522 4916 adui-

2296 4974 2395 5020 ter.

2085 5075 2103 5107 ι
2151 5054 2301 5111 Unus
2340 5055 2488 5110 enim
2541 5061 2693 5122 pater
2719 5057 2804 5106 est
2841 5053 3180 5111 cunctorum,
3228 5052 3282 5097 et
3311 5039 3589 5099 semine”-

2329 5151 2463 5208 recti
3526 5186 3533 5204 ε

2087 5265 2106 5298 t
2144 5244 2314 5300 Nemo
2335 5253 2502 5308 caret,
2534 5238 2836 5304 similisque
2848 5247 3039 5289 omnes
3059 5230 3312 5300 produxit
3339 5227 3515 5298 origo.
3533 5219 3551 5322 ’ἢ

2090 5355 2108 5387 t
2157 5335 2310 5391 Unde
2333 5335 2569 5397 etenim,
2625 5327 2860 5383 nondum
2917 5323 3188 5392 descripta
3235 5320 3559 5392 lege,fue-"

2300 5434 2425 5480 runt

1930 5603 2044 5640 rum
2073 5586 2519 5640 annnutiaverunt.

2000 5658 2123 5711 418.
2169 5655 2361 5726 ιιηειιη
2391 5654 2595 5726 Lovan.
2621 5660 2676 5705 et
2715 5651 2876 5704 Duae.
2929 5650 3056 5726 editi
3076 5691 3097 5726 ._
3145 5650 3531 5722 persuaserit:

1929 5727 2118 5782 Culoo.
2149 5723 2269 5781 cum
2295 5723 2686 5778 recentioribus
2705 5765 2719 5788 ,
2753 5723 3141 5791 prazscripseri't.
