4014 6348
501 442 605 499 L27

544 554 593 599 λλ)
640 568 658 601 ι
698 548 806 631 qui
876 551 1141 629 placidum
1197 553 1398 627 sanctis
1446 561 1671 637 agerent
1730 557 1779 631 ip
1832 553 2148 629 moribusA

834 659 1020 719 sint."
1042 661 1059 721 δ

636 751 658 815 ε
702 733 811 813 Nec
841 736 1032 793 summi
1058 736 1223 806 patris
1246 737 1435 813 ignari,
1467 738 1717 817 necrj'uris
1738 738 1927 807 egeni?

629 826 794 905 803
838 846 857 895 ς
906 830 1045 901 Ergo
1069 846 1256 899 omnes
1279 846 1381 899 una
1401 831 1452 885 in
1474 831 1581 905 vita
1608 848 1728 885 cum
1764 831 1879 907 lege
1901 829 2070 897 creati

636 934 659 969 ‹
708 918 994 989 Venimus,
1025 930 1079 993 et
1103 920 1247 975 libris
1278 920 1551 1001 gerimus,
1581 938 1699 991 qua:
1744 923 1957 999 condita
2004 923 2071 977 li-

840 1009 973 1066 bris.

635 1120 655 1154 t
700 1100 812 1157 Nec
836 1119 968 1172 nova
991 1119 1118 1159 cura
1141 1104 1237 1159 fuit
1267 1107 1460 1175 nostri,
1493 1121 1613 1177 cum
1649 1105 1838 1183 tradita
1867 1106 1995 1181 Mosi

488 1194 592 1254 435
633 1215 651 1248 ι
699 1198 897 1273 Littera
923 1204 1171 1277 praesenti
1202 1202 1482 1277 damnaret
1512 1204 1737 1256 crimina
1766 1217 1944 1279 paena.

632 1306 653 1340 ι
682 1288 804 1357 .Sed
838 1306 1000 1369 super
1018 1292 1228 1361 adjecta
1261 1304 1343 1347 est
1363 1294 1545 1363 generi
1569 1293 1807 1347 custodia
1841 1303 2066 1359 sancto;

633 1398 653 1434 ι
697 1382 812 1448 Qua
837 1364 1041 1437 memor
1072 1385 1121 1437 iu
1155 1385 1341 1453 patria:
1375 1384 1495 1439 fidei
1530 1394 1801 1454 perstaret
1825 1391 2028 1441 honore
2050 1428 2065 1452 ,

612 1487 649 1539 ,ι
695 1472 763 1533 Et
794 1474 1181 1549 promissorum
1216 1475 1427 1551 Domini
1460 1478 1777 1543 succederet
1800 1478 1992 1533 haeres.

629 1578 650 1617 ι
694 1563 827 1619 Cum
854 1576 1032 1619 tamen
1061 1577 1115 1622 et
1141 1583 1510 1638 quoscumque
1546 1570 1737 1623 eadem
1782 1570 1883 1623 sub
1912 1584 2067 1624 sacra

840 1656 1026 1727 liceret

480 1746 586 1803 MO
629 1762 652 1803 ο
696 1748 801 1817 Ire,
833 1766 933 1806 nec
956 1764 1212 1808 externos
1234 1764 1481 1809 arcerent
1508 1756 1691 1811 limina
1723 1757 1905 1828 templi
1942 1776 1955 1811 :

620 1843 862 1917 Cumque
889 1845 983 1902 Dei
1008 1848 1211 1903 manitu
1239 1859 1495 1905 canerent
1517 1860 1736 1905 ventura
1763 1851 2063 1921 prophetae,

616 1937 778 2006 Saepe
805 1936 965 1993 etiam
992 1940 1057 2011 ad
1086 1942 1257 1999 varias
1275 1952 1466 2013 gentes
1489 1944 1598 2017 sint
1631 1945 1989 1997 multalocuti.

615 2027 706 2084 Sic
737 2031 921 2100 regina
951 2036 1136 2088 Austri
1162 2037 1391 2105 cupidis,
1422 2037 1725 2092 Salomonis
1748 2038 1814 2090 ab
1838 2053 1966 2103 ore,

614 2119 851 2185 Auribus
900 2124 1171 2196 eloquium
1202 2128 1409 2182 Domini
1437 2140 1689 2191 venerata
1716 2129 1987 2186 trahebat.

475 2212 581 2294 “‘5
618 2213 706 2271 Sic
735 2214 929 2285 Nuiive
960 2219 1180 2286 ntunitis
1209 2218 1357 2289 Jonze
1381 2224 1479 2279 sub
1500 2232 1740 2291 tempore
1766 2224 1936 2281 cladis

615 2306 857 2371 Credidit
882 2327 894 2363 :
919 2321 973 2365 et
997 2311 1169 2367 tribus
1200 2312 1251 2379 in
1285 2314 1425 2381 luctu
1448 2314 1633 2384 jejuna
1666 2316 1881 2383 diebus,

614 2398 921 2465 Promeruit
945 2418 1150 2475 morum
1174 2405 1385 2465 excidio
1414 2410 1711 2463 consistere
1726 2423 1913 2481 regno.

612 2490 812 2569 Verum
840 2510 908 2550 ne
940 2494 1099 2565 inngo
1128 2511 1380 2557 sermone
1411 2514 1686 2573 moremur
1710 2500 1761 2553 in
1794 2500 1913 2557 istis
1933 2544 1948 2566 ,

608 2585 739 2654 Quae
768 2589 999 2663 sparsim
1030 2592 1281 2663 varieque
1304 2594 1417 2647 suis
1444 2604 1569 2655 sunt
1590 2594 1731 2648 edita
1765 2598 1973 2665 saeclis:
1998 2650 1999 2653 η

466 2675 571 2733 850
608 2677 751 2734 Neve
779 2681 921 2749 quod
964 2684 1014 2735 in
1054 2694 1201 2753 parte
1221 2695 1334 2751 est,
1366 2687 1416 2738 in
1438 2696 1551 2740 t0to
1573 2688 1693 2760 quis
1724 2703 1884 2761 neget
1906 2710 2054 2761 esse,

610 2773 746 2830 Dum
775 2777 1001 2843 solidam
1033 2778 1242 2833 Domini
1268 2779 1437 2833 divisa
1470 2783 1681 2851 nego:ia
1716 2802 1899 2855 curam

607 2862 823 2931 Velant,
851 2879 905 2921 et
936 2869 1082 2923 nulla
1114 2870 1377 2939 accipitur
1404 2889 1522 2943 qua:
1555 2888 1676 2928 rara
1702 2877 1942 2945 videtur;

609 2969 634 3010 ι
678 2953 851 3025 Dicite
876 2974 1035 3028 quem
1061 2960 1337 3031 populum,
1362 2978 1467 3034 qua
1495 2967 1683 3023 mundi
1711 2968 1763 3035 in
1788 2980 1939 3039 parte
1967 2984 2056 3025 re-

821 3066 844 3103 s
893 3061 1119 3125 motum,

610 3158 632 3201 ί
674 3139 893 3210 Quosve
932 3143 1200 3219 homines,
1226 3146 1383 3217 cujus
1409 3150 1645 3221 generis,
1678 3152 1761 3225 vel
1790 3153 2054 3219 conditio-

827 3250 849 3287 ε
895 3236 978 3293 nis

1127 436 1185 493 S.
1226 431 1561 491 PROSPI‘IRI
1599 434 1924 503 AQUITANI
1962 437 2048 492 ΟΡ

2158 435 2193 493 Α
2234 433 2554 492 lNCERTIE
2596 435 2631 489 Α
2646 431 2930 489 υςτωιιιί
2953 430 3122 486 .\TlS.

3661 428 3768 491 620

2316 552 2371 606 Si
2404 566 2632 605 cernens
2657 563 2879 618 operum
2905 545 3162 599 miracula
3182 544 3511 609 divinorum,

2310 644 2581 715 Suspicias
2630 644 2749 698 sine
2791 656 2952 696 carne
2986 641 3186 704 Deum;
3219 652 3414 693 eumve
3454 638 3635 693 omnia
3668 654 3765 694 nu-

2525 736 2622 793 stri

2311 828 2568 897 Corporis
2590 840 2873 897 agnoscas,
2898 825 3175 881 hominem
3219 824 3340 880 sine
3374 823 3611 879 Numine
3648 837 3769 879 cre-

2524 921 2645 975 das.

2174 1010 2277 1067 480
2322 1009 2477 1066 Nulla
2506 1011 2705 1066 etenim
2734 1011 2835 1068 soli
2873 1010 2979 1066 vita
3006 1017 3093 1067 est
3121 1008 3256 1065 mihi
3276 1052 3294 1081 ,
3326 1022 3584 1082 morsque
3634 1009 3767 1066 sub.

2527 1116 2705 1160 actum

2314 1196 2561 1265 Detinet;
2586 1208 2640 1254 et
2662 1213 2765 1253 non
2789 1205 2873 1254 est
2888 1212 2994 1270 quo
3020 1198 3196 1253 victus
3214 1198 3432 1254 vincere
3461 1200 3692 1268 possim,

2318 1288 2371 1345 Si
2398 1306 2502 1343 non
2531 1306 2657 1344 vera
2692 1291 2784 1345 Dei
2810 1292 2980 1345 virtus
3004 1292 3131 1345 mihi
3157 1293 3463 1345 consociata
3494 1299 3579 1345 est
3600 1332 3619 1358 ,

2312 1382 2477 1454 805
2518 1380 2624 1436 Aut
2653 1397 2738 1436 me
2769 1397 2874 1437 n0n
2908 1398 3031 1436 vera
3063 1382 3311 1436 Salvator
3336 1396 3500 1436 carne
3530 1378 3764 1451 recepit,

2313 1464 2476 1540 Cujus
2505 1476 2756 1542 tuajestas
2786 1476 2994 1529 stabilis
3024 1491 3130 1529 non
3162 1476 3263 1531 hoc
3292 1476 3541 1541 violatur,

2172 1564 2280 1620 485
2317 1566 2435 1637 Quo
2464 1568 2729 1632 redimor;
2776 1584 2949 1637 neque
2973 1584 3031 1622 se
3060 1569 3238 1641 minor
3264 1575 3377 1634 est,
3409 1566 3538 1622 dum
3580 1577 3765 1624 mutor

2530 1658 2581 1712 in
2616 1659 2737 1723 illo;

2316 1752 2420 1809 Sed
2454 1753 2684 1807 mortale
2726 1768 2903 1807 meum
2926 1752 3103 1820 subit,
3131 1760 3192 1809 ut
3219 1751 3339 1824 quia
3370 1760 3546 1809 morte
3584 1754 3765 1811 teneri

2311 1844 2429 1900 Vita
2463 1846 2676 1914 nequit,
2706 1854 2890 1915 pereat
2919 1844 3049 1899 mihi
3081 1858 3247 1915 mors,
3280 1854 3335 1901 et
3369 1858 3476 1900 non
3505 1859 3612 1915 ego
3648 1844 3765 1915 iam

2099 1933 2143 1992 Β
2535 1939 2583 1991 iu
2618 1954 2704 1993 nte

2315 2028 2519 2095 Vivam,
2556 2030 2648 2084 sed
2681 2028 2923 2084 Christus
2946 2073 2960 2097 ,
2991 2032 3163 2099 quise
3191 2030 3323 2085 mihi
3346 2030 3562 2085 miscuit
3590 2030 3645 2085 in
3677 2044 3763 2088 se.

2311 2122 2499 2177 Victus
2521 2124 2662 2177 enim
2689 2134 2936 2177 terrenus
2962 2124 3151 2189 Adam,
3179 2124 3462 2178 transfodit
3487 2126 3541 2178 in
3563 2139 3761 2180 omnes

2166 2214 2273 2273 490
2312 2217 2535 2272 Mortem
2572 2217 2837 2283 homines,
2871 2220 3120 2287 quoniam
3150 2216 3329 2273 cuncti
3357 2228 3659 2301 nascuntur
3688 2218 3761 2273 ab

2517 2313 2631 2379 illo,

2306 2404 2372 2459 Et
2403 2406 2813 2474 transgres~oris
2838 2404 3077 2459 decurrit
3106 2418 3263 2460 causa
3293 2405 3549 2474 parentis.

2306 2497 2409 2554 Sed
2446 2514 2611 2552 novus
2644 2515 2673 2553 e
2696 2499 2848 2553 ctelis
2879 2515 2972 2565 per
3005 2513 3171 2552 saera!
3202 2497 3434 2565 Virginis
3464 2498 3647 2552 alvum

2303 2589 2473 2645 Natus
2504 2592 2664 2644 homo
2686 2600 2785 2655 est,
2814 2590 3067 2657 aliudque
3093 2592 3261 2644 IlOllllS
3281 2590 3596 2643 mortalibus
3622 2592 3679 2643 in
3698 2604 3759 2645 se

2305 2680 2455 2735 Fecit
2481 2682 2821 2751 principium,
2846 2697 3170 2749 carnemque
3195 2681 3405 2735 refusus
3432 2683 3482 2733 in
3507 2696 3756 2746 omnem,

2159 2771 2267 2830 495
2304 2775 2365 2828 Et
2396 2776 2500 2828 vita
2532 2775 2759 2843 functos,
2795 2787 3036 2827 naturam
3071 2774 3467 2843 participando,

2306 2865 2511 2929 Edidit,
2542 2876 2597 2919 et
2626 2867 2799 2931 vivos,
2830 2870 2989 2920 vitam
3021 2867 3296 2933 mutando,
3323 2868 3545 2921 creavit.

2301 2955 2478 3023 thue
2508 2958 2625 3013 illos
2653 2971 2895 3012 veterum
2924 2960 3201 3025 complexa
3228 2969 3309 3011 est
3338 2960 3505 3026 gratia
3531 2959 3683 3014 solos

2298 3047 2397 3115 Qui
2428 3048 2701 3102 Christum
2734 3049 2912 3104 videre
2944 3049 3083 3115 ﬁde;
3114 3052 3190 3105 sic
3217 3059 3460 3120 tempore
3488 3061 3683 3106 nostro

2301 3139 2420 3195 Non
2476 3154 2703 3195 renovat
2742 3156 3062 3212 quemquam
3099 3141 3388 3210 Christus,
3441 3142 3544 3197 nisi
3584 3144 3756 3199 corde

2517 3247 2787 3302 receptos.

462 3326 570 3386 £55
606 3344 637 3391 ,ς
678 3326 923 3399 Neglein
948 3330 1156 3393 salvere
1184 3330 1363 3387 Deus?
1406 3332 1521 3398 Vir,
1552 3334 1770 3403 femina,
1806 3352 2014 3407 servus,
2080 3311 2127 3375 ο
2161 3330 2269 3387 500
2309 3330 2410 3398 Εη,
2437 3329 2620 3399 homo,
2645 3341 2838 3400 quanta
2863 3326 2953 3385 tibi
2978 3340 3059 3384 est
3080 3330 3247 3413 gratis
3264 3331 3457 3387 collata
3484 3337 3754 3401 potestas.

607 3438 630 3475 ι
670 3419 872 3493 Liber,
900 3423 1150 3491 Iudaeus,
1182 3422 1435 3497 Graecus,
1466 3426 1696 3499 Scytha,
1744 3430 2012 3497 Barbarus
2032 3478 2050 3505 ,

822 3532 843 3567 ι
889 3528 1079 3569 omnes

605 3619 627 3657 ι
670 3602 732 3661 In
754 3604 969 3663 Christo
990 3621 1176 3671 sumus
1189 3623 1387 3664 unum:
1409 3625 1513 3665 non
1539 3626 1767 3682 persona
1792 3616 2046 3689 potentis,

605 3712 627 3749 ι
678 3697 787 3753 Nec
816 3697 1044 3761 domini.
1065 3701 1274 3769 regisve
1306 3702 1452 3771 prior
1475 3719 1490 3769 ;
1510 3705 1766 3760 distantia
1797 3709 1937 3762 nulla

605 3803 626 3839 ε
683 3786 928 3845 Luminis
960 3792 1138 3859 unius,
1172 3796 1374 3865 speculi
1398 3794 1499 3861 nisi
1533 3798 1971 3867 discrepetnsus.

456 3873 563 3934 ιϋο
606 3876 848 3949 Namque
900 3881 1051 3935 velut
1106 3886 1385 3949 Speculum
1445 3901 1596 3941 mens
1648 3901 1755 3955 est.
1787 3905 1909 3958 Quae
1938 3907 2046 3961 quo

815 3985 968 4041 mage
998 3982 1134 4028 tersa
1157 3984 1259 4031 est.

598 4060 927 4129 Expoliente
958 4064 1083 4130 fide,
1118 4067 1389 4141 radiisque
1421 4069 1621 4125 intenta
1654 4074 1924 4141 supernis,

593 4151 712 4208 Hoc
740 4168 895 4224 mage
931 4156 1163 4210 confessi
1198 4158 1509 4227 resplendet
1540 4162 1770 4230 imagine
1799 4164 2036 4222 Christi:

594 4242 699 4311 Qui
722 4259 848 4301 cum
884 4246 1039 4301 Patre
1059 4246 1171 4303 Deo
1194 4254 1602 4319 semperlleus;
1632 4254 1791 4324 inque
1822 4269 2044 4328 paterna

594 4338 871 4415 Maiestate
900 4356 1147 4409 manens,
1183 4345 1441 4399 miscetur
1462 4348 1754 4409 conditioni

449 4426 559 4486 ‘65
589 4432 847 4487 llumante
864 4451 876 4487 :
895 4442 950 4488 et
972 4432 1204 4489 Verbum
1228 4450 1356 4490 caro
1380 4437 1459 4503 fit,
1493 4453 1787 4508 rerumque
1813 4442 2042 4498 Creator

591 4525 863 4598 Nascitur,
890 4538 1054 4599 atque
1081 4528 1242 4585 annis
1268 4533 1515 4589 succedit
1536 4536 1782 4589 conditor
1806 4538 1930 4591 aevi.

592 4616 709 4677 Hoc
730 4621 1054 4689 etenimlex,
1074 4623 1175 4683 hoc
1201 4626 1504 4683 veneranda
1533 4628 1801 4683 volumina
1832 4638 2035 4697 vatum,

590 4708 707 4768 Hoc
732 4714 1164 4783 patriarcharum
1189 4732 1312 4785 spes
1335 4733 1442 4773 non
1475 4717 1680 4774 incerta
1714 4722 1964 4793 tenebat:

589 4799 790 4859 Ultima
819 4819 942 4859 cum
966 4806 1147 4861 mundi
1177 4808 1333 4862 finem
1357 4792 1526 4879 prope
1547 4822 1793 4885 curreret
1813 4825 1964 4880 tetas,

445 4888 554 4953 4Ὶο
587 4892 887 4953 Venturum
914 4897 983 4951 ad
1010 4905 1223 4957 terrena
1251 4897 1447 4968 Deum,
1494 4903 1587 4971 qui
1612 4914 1786 4979 morte
1827 4920 2041 4983 perem-

804 4998 916 5059 βεεν

576 5076 833 5139 Solveret
850 5079 1046 5143 inferni
1076 5083 1244 5154 leges,
1281 5085 1603 5159 longamque
1630 5089 1839 5159 ruinam

584 5171 817 5232 Humani
842 5176 1083 5246 generis,
1105 5178 1328 5233 meliore
1355 5181 1622 5239 attolleret
1638 5193 1779 5238 ortu.

652 5266 677 5292 ⁶
717 5263 908 5324 Statu
936 5268 1029 5339 qui
1076 5269 1344 5339 geminam
1393 5284 1643 5329 naturam
1695 5275 2034 5345 hominisque

804 5356 1013 5429 Deique

582 5444 917 5506 Convenisse
945 5450 1097 5509 vides
1125 5453 1339 5523 angusti
1369 5454 1420 5509 in
1447 5453 1678 5509 tramitis
1700 5471 1814 5519 ora,

439 5536 549 5596 475
591 5538 773 5594 Firma
802 5551 923 5597 tene
950 5554 1141 5602 Cautus
1169 5547 1414 5619 vesugia,
1444 5562 1512 5601 ne
1544 5548 1903 5616 trepidantem

578 5632 911 5692 Alterutram
941 5640 991 5694 in
1014 5651 1223 5710 partem
1247 5684 1261 5707 ,
1290 5642 1551 5713 propellat
1577 5644 1765 5697 devius
1785 5658 1942 5699 error
1968 5663 1983 5699 :

510 5770 531 5794 ⁶
557 5766 739 5843 Cum
771 5770 883 5826 Vll.
934 5769 1129 5825 Contra
1162 5774 1461 5843 Eutychem.
1514 5776 1577 5830 de
1628 5772 2016 5832 Incarnatione.

443 5838 713 5915 Neminem
749 5845 1001 5915 saluatum
1030 5838 1284 5915 umquam
1299 5846 1409 5898 sine
1433 5845 1537 5915 ﬁde
1566 5846 1754 5899 Christi
1784 5848 2023 5899 incarna-

442 5909 615 5964 tionis.
659 5907 767 5963 Lex
801 5912 1064 5966 observata
1097 5907 1271 5980 facilis
1308 5930 1399 5982 per
1433 5907 1666 5981 'gratiam
1691 5916 1906 5983 Christi,
1928 5918 2018 5985 qui

2312 3440 2331 3475 ι
2366 3422 2540 3477 Filius
2571 3438 2691 3477 esse
2725 3423 2843 3487 llei,
2875 3425 2918 3476 si
2954 3422 3055 3488 vis,
3088 3434 3270 3492 poles,
3304 3424 3655 3492 omnipotens
3700 3433 3755 3481 te

2300 3534 2323 3569 ι
2363 3516 2594 3585 Spiritus
2623 3515 2925 3593 umbratum
2949 3516 3109 3572 Verbi
3145 3519 3344 3573 virtute
3370 3521 3597 3593 creavit.

2302 3628 2323 3662 ‹
2359 3609 2468 3664 Nec
2498 3618 2549 3663 te
2580 3626 2842 3675 corporeo
2873 3620 3080 3678 patrum
3111 3612 3177 3665 de
3225 3613 3435 3667 semine
3484 3624 3674 3668 natum

2303 3719 2322 3753 ι
2359 3703 2476 3757 Jam
2503 3715 2747 3769 repntes;
2780 3712 3006 3773 pereant
3028 3705 3241 3772 captiva
3278 3705 3503 3758 etordia
3537 3706 3747 3759 carnis.

2154 3794 2259 3850 505
2294 3793 2379 3849 Nil
2410 3796 2606 3849 veteris
2636 3795 2903 3865 coniunge
2929 3812 3089 3860 novo,
3116 3811 3221 3849 non
3252 3798 3337 3850 hic
3363 3795 3453 3850 tibi
3485 3798 3750 3867 mundus,

2294 3885 2410 3941 Non
2441 3887 2557 3941 haec
2579 3888 2683 3939 vita
2714 3888 2838 3941 data
2880 3897 2999 3955 est,
3044 3886 3185 3941 nulla
3220 3886 3309 3943 hic
3330 3896 3418 3943 tua
3445 3930 3459 3953 ,
3490 3904 3590 3944 nec
3622 3900 3750 3945 tuus

2508 3977 2624 4045 ipse
2648 3992 2727 4032 es.

2295 4068 2517 4136 Emptus
2540 4072 2678 4122 enim
2695 4084 2775 4132 es,
2799 4067 3136 4139 pretiumque
3154 4068 3227 4121 lui
3248 4069 3517 4124 resolvere
3535 4069 3618 4125 fas
3636 4082 3745 4139 est,

2290 4163 2408 4228 Quo
2433 4162 2536 4237 [ΑΙ.
2574 4160 2709 4232 Qua]
2744 4172 2924 4229 potes,
2964 4171 3021 4216 ut
3073 4162 3289 4217 solvens
3334 4161 3411 4216 sis
3465 4161 3657 4230 ditior,
3691 4173 3749 4220 et

2504 4258 2596 4310 tibi
2626 4265 2875 4311 crescant

2290 4351 2421 4417 Quae
2443 4349 2673 4419 dederis,
2695 4351 2957 4419 cedatque
2977 4349 3071 4405 tibi
3098 4364 3224 4419 pars
3247 4350 3360 4418 ipse
3380 4348 3743 4421 Redemptor.

2147 4441 2256 4515 510
2293 4442 2403 4497 Nec
2440 4453 2492 4497 te
2521 4442 2757 4495 difﬁcilis
2786 4456 2926 4496 nunc
2955 4441 3291 4496 observantia
3324 4440 3459 4507 legis

2291 4534 2404 4590 Sub
2424 4534 2615 4589 durum
2634 4533 2787 4604 jubet
2809 4536 3106 4607 irejugum;
3130 4550 3281 4587 mens
3301 4533 3466 4589 libera
3486 4542 3749 4597 sanctum

2290 4626 2618 4695 Obsequium
2650 4626 2860 4681 ratione
2892 4625 3057 4695 ferat,
3088 4641 3245 4696 quam
3285 4625 3520 4696 Spiritus
3558 4627 3748 4683 almus

2286 4719 2343 4774 ιη
2374 4719 2570 4775 tabulis
2596 4720 2775 4774 cordis
2806 4718 3077 4776 describat
3105 4720 3366 4791 sanguine
3391 4718 3597 4776 Christi
3622 4738 3638 4775 :

2289 4813 2389 4881 Qui
2423 4814 2581 4867 nobis
2608 4812 2866 4883 quidquid
2901 4812 3242 4869 sermonibus
3271 4811 3600 4883 insinuavit,

2146 4904 2252 4977 διδ
2289 4904 2541 4959 Condidit
2571 4903 2842 4974 exemplo,
2876 4903 3031 4959 factis
3055 4913 3319 4976 praecepta
3346 4918 3665 4979 coaequans.

2287 4997 2403 5053 Rex
2437 4997 2563 5062 ille,
2591 5005 2649 5052 et
2692 5012 2874 5053 rerum
2895 4996 3175 5054 dominus:
3216 4996 3311 5053 sed
3338 4998 3595 5069 pauperis
3624 4998 3743 5070 egit

2285 5089 2343 5145 In
2362 5088 2562 5163 specie,
2586 5102 2686 5144 nec
2702 5096 2858 5144 veste
2874 5090 3073 5157 nitens,
3093 5104 3191 5145 nec
3206 5078 3416 5167 honore
3438 5092 3739 5161 superbus.

2284 5180 2513 5237 lnﬁrmis
2544 5180 2726 5247 fortis,
2756 5196 2853 5237 rex
2876 5182 3069 5247 servis,
3093 5182 3246 5237 dives
3271 5182 3483 5252 egenis;

2281 5274 2493 5331 Iustitia
2521 5272 2737 5344 injustis
2761 5274 2925 5342 cedit,
2958 5276 3218 5343 sapientia
3247 5274 3440 5329 brutis.

2136 5365 2241 5424 520
2280 5367 2572 5434 Sacrilegis
2599 5366 2845 5421 manibus
2877 5382 3187 5433 percussus,
3219 5382 3325 5420 non
3371 5380 3520 5434 parat
3562 5369 3740 5427 ictum

2272 5462 2551 5527 Reddere;
2586 5462 2729 5516 nulla
2761 5459 2925 5517 refert
2956 5462 3125 5515 avidae
3158 5462 3397 5519 convicia
3432 5462 3658 5533 linguae.

2271 5556 2567 5611 Damnatur
2592 5554 2781 5626 judex,
2815 5554 3048 5610 Verbum
3077 5564 3261 5623 tacet,
3303 5557 3571 5625 inspuitur
3608 5557 3735 5622 lux,

2269 5646 2391 5720 Ipse
2408 5647 2766 5704 ministerium
2795 5648 2895 5705 sibi
2919 5663 3092 5719 ptente
3113 5659 3217 5716 est;
3235 5648 3411 5718 felque
3432 5661 3485 5727 et
3508 5658 3736 5723 acetum

2126 5782 2265 5857 quod
2278 5785 2539 5857 ,νυ-απερῆ
2568 5785 2711 5854 prior
2736 5804 2843 5857 ipse
2874 5785 3010 5855 fecit.
3035 5785 3226 5841 Contra
3246 5787 3566 5841 Nestorium.

2198 5853 2327 5910 £78.
2376 5856 2501 5912 Sola
2531 5853 2697 5913 editio
2718 5853 3115 5927 Lugdunensis,
3150 5861 3420 5925 suscipias.
