  <div class='ocr_page' id='page_1' title='image "/cluster/home/n/w/nwhite01/storage/ocr_20150623/51/hvd.32044015471568/320.png"; bbox 0 0 4014 6348; ppageno 0'>
   <div class='ocr_carea' id='block_1_1' title="bbox 269 391 3515 479">
    <p class='ocr_par' dir='ltr' id='par_1_1' title="bbox 269 391 3515 479">
     <span class='ocr_line' id='line_1_1' title="bbox 269 391 3515 479; baseline 0.005 -38"><span class='ocrx_word' id='word_1_1' title='bbox 269 392 363 469; x_wconf 57' lang='grc' dir='ltr'><strong><em>οη</em></strong></span> <span class='ocrx_word' id='word_1_2' title='bbox 1578 394 1671 469; x_wconf 74' lang='lat' dir='ltr'><strong>DE</strong></span> <span class='ocrx_word' id='word_1_3' title='bbox 1714 392 2175 475; x_wconf 50' lang='lat' dir='ltr'><strong>PRQVIDENTM</strong></span> <span class='ocrx_word' id='word_1_4' title='bbox 2214 393 2465 471; x_wconf 47' lang='lat' dir='ltr'><strong>omne.</strong></span> <span class='ocrx_word' id='word_1_5' title='bbox 3411 391 3515 449; x_wconf 74' lang='grc' dir='ltr'><strong>οδο</strong></span> 
     </span>
    </p>
   </div>
   <div class='ocr_carea' id='block_1_2' title="bbox 393 503 3511 583">
    <p class='ocr_par' dir='ltr' id='par_1_2' title="bbox 393 503 3511 583">
     <span class='ocr_line' id='line_1_2' title="bbox 393 503 3511 583; baseline 0.001 -22"><span class='ocrx_word' id='word_1_6' title='bbox 393 504 598 561; x_wconf 88' lang='lat' dir='ltr'><strong>Dulcius</strong></span> <span class='ocrx_word' id='word_1_7' title='bbox 619 503 712 561; x_wconf 88' lang='lat' dir='ltr'><strong>ille</strong></span> <span class='ocrx_word' id='word_1_8' title='bbox 741 505 883 562; x_wconf 76' lang='lat' dir='ltr'><strong>favis</strong></span> <span class='ocrx_word' id='word_1_9' title='bbox 911 506 1124 575; x_wconf 84' lang='lat' dir='ltr'><strong>haurit;</strong></span> <span class='ocrx_word' id='word_1_10' title='bbox 1158 518 1377 564; x_wconf 82' lang='lat' dir='ltr'><strong>sanctus</strong></span> <span class='ocrx_word' id='word_1_11' title='bbox 1405 506 1748 563; x_wconf 78' lang='lat' dir='ltr'><strong>maledictum</strong></span> <span class='ocrx_word' id='word_1_12' title='bbox 1844 514 1898 573; x_wconf 78' lang='grc' dir='ltr'>Α</span> <span class='ocrx_word' id='word_1_13' title='bbox 1918 506 2035 567; x_wconf 68' lang='grc' dir='ltr'><strong>ωε</strong></span> <span class='ocrx_word' id='word_1_14' title='bbox 2066 506 2339 577; x_wconf 75' lang='lat' dir='ltr'><strong>Numquid</strong></span> <span class='ocrx_word' id='word_1_15' title='bbox 2364 521 2492 565; x_wconf 77' lang='lat' dir='ltr'><strong>casa</strong></span> <span class='ocrx_word' id='word_1_16' title='bbox 2521 505 2633 571; x_wconf 74' lang='lat' dir='ltr'><strong>Deo</strong></span> <span class='ocrx_word' id='word_1_17' title='bbox 2658 504 2729 574; x_wconf 66' lang='lat' dir='ltr'><strong>de</strong></span> <span class='ocrx_word' id='word_1_18' title='bbox 2747 503 2961 571; x_wconf 64' lang='lat' dir='ltr'><strong>bubuli</strong></span> <span class='ocrx_word' id='word_1_19' title='bbox 2982 504 3247 583; x_wconf 74' lang='lat' dir='ltr'><strong>nutuquid</strong></span> <span class='ocrx_word' id='word_1_20' title='bbox 3272 505 3339 567; x_wconf 86' lang='lat' dir='ltr'><strong>ad</strong></span> <span class='ocrx_word' id='word_1_21' title='bbox 3367 504 3511 565; x_wconf 85' lang='lat' dir='ltr'><strong>ullal</strong></span> 
     </span>
    </p>
   </div>
   <div class='ocr_carea' id='block_1_3' title="bbox 264 594 3510 670">
    <p class='ocr_par' dir='ltr' id='par_1_3' title="bbox 264 594 3510 670">
     <span class='ocr_line' id='line_1_3' title="bbox 264 594 3510 670; baseline 0.001 -16"><span class='ocrx_word' id='word_1_22' title='bbox 264 594 359 657; x_wconf 72' lang='lat' dir='ltr'><strong>sas</strong></span> <span class='ocrx_word' id='word_1_23' title='bbox 394 595 692 663; x_wconf 60' lang='lat' dir='ltr'><strong>F-itilrueis,</strong></span> <span class='ocrx_word' id='word_1_24' title='bbox 703 606 761 652; x_wconf 90' lang='lat' dir='ltr'><strong>et</strong></span> <span class='ocrx_word' id='word_1_25' title='bbox 772 598 1001 653; x_wconf 84' lang='lat' dir='ltr'><strong>moritur</strong></span> <span class='ocrx_word' id='word_1_26' title='bbox 1014 596 1260 655; x_wconf 80' lang='lat' dir='ltr'><strong>Christus</strong></span> <span class='ocrx_word' id='word_1_27' title='bbox 1275 640 1292 667; x_wconf 93' lang='lat'><strong>,</strong></span> <span class='ocrx_word' id='word_1_28' title='bbox 1317 599 1534 656; x_wconf 83' lang='lat' dir='ltr'><strong>vivente</strong></span> <span class='ocrx_word' id='word_1_29' title='bbox 1556 598 1819 661; x_wconf 73' lang='lat' dir='ltr'><strong>Barahba.</strong></span> <span class='ocrx_word' id='word_1_30' title='bbox 2065 600 2153 657; x_wconf 71' lang='lat' dir='ltr'><strong>Fit</strong></span> <span class='ocrx_word' id='word_1_31' title='bbox 2171 603 2394 659; x_wconf 73' lang='lat' dir='ltr'><strong>verbum</strong></span> <span class='ocrx_word' id='word_1_32' title='bbox 2420 598 2635 659; x_wconf 79' lang='lat' dir='ltr'><strong>Domini</strong></span> <span class='ocrx_word' id='word_1_33' title='bbox 2650 597 2935 661; x_wconf 69' lang='lat' dir='ltr'><strong>volucres!</strong></span> <span class='ocrx_word' id='word_1_34' title='bbox 2954 614 3080 659; x_wconf 85' lang='lat' dir='ltr'><strong>num</strong></span> <span class='ocrx_word' id='word_1_35' title='bbox 3109 599 3510 670; x_wconf 74' lang='lat' dir='ltr'><strong>legetenentur</strong></span> 
     </span>
    </p>
   </div>
   <div class='ocr_carea' id='block_1_4' title="bbox 386 688 3509 763">
    <p class='ocr_par' dir='ltr' id='par_1_4' title="bbox 386 688 3509 763">
     <span class='ocr_line' id='line_1_4' title="bbox 386 688 3509 763; baseline 0.001 -18"><span class='ocrx_word' id='word_1_36' title='bbox 386 688 544 759; x_wconf 81' lang='lat' dir='ltr'><strong>Impia</strong></span> <span class='ocrx_word' id='word_1_37' title='bbox 572 703 703 758; x_wconf 78' lang='lat' dir='ltr'><strong>gens</strong></span> <span class='ocrx_word' id='word_1_38' title='bbox 722 698 927 747; x_wconf 87' lang='lat' dir='ltr'><strong>tantum</strong></span> <span class='ocrx_word' id='word_1_39' title='bbox 950 706 1083 747; x_wconf 87' lang='lat' dir='ltr'><strong>ausa</strong></span> <span class='ocrx_word' id='word_1_40' title='bbox 1111 692 1284 759; x_wconf 68' lang='lat' dir='ltr'><strong>nefas,</strong></span> <span class='ocrx_word' id='word_1_41' title='bbox 1314 695 1555 749; x_wconf 86' lang='lat' dir='ltr'><strong>sentisne</strong></span> <span class='ocrx_word' id='word_1_42' title='bbox 1579 691 1821 747; x_wconf 75' lang='lat' dir='ltr'><strong>furorem</strong></span> <span class='ocrx_word' id='word_1_43' title='bbox 2063 691 2297 749; x_wconf 69' lang='lat' dir='ltr'><strong>lonstra</strong></span> <span class='ocrx_word' id='word_1_44' title='bbox 2327 692 2525 751; x_wconf 74' lang='lat' dir='ltr'><strong>maris?</strong></span> <span class='ocrx_word' id='word_1_45' title='bbox 2546 707 2664 762; x_wconf 71' lang='lat' dir='ltr'><strong>qua:</strong></span> <span class='ocrx_word' id='word_1_46' title='bbox 2689 705 2812 751; x_wconf 78' lang='lat' dir='ltr'><strong>cum</strong></span> <span class='ocrx_word' id='word_1_47' title='bbox 2838 688 3041 763; x_wconf 73' lang='lat' dir='ltr'><strong>faciunt</strong></span> <span class='ocrx_word' id='word_1_48' title='bbox 3062 689 3213 761; x_wconf 75' lang='lat' dir='ltr'><strong>iussa</strong></span> <span class='ocrx_word' id='word_1_49' title='bbox 3238 689 3509 763; x_wconf 78' lang='lat' dir='ltr'><strong>Omnipo-</strong></span> 
     </span>
    </p>
   </div>
   <div class='ocr_carea' id='block_1_5' title="bbox 385 782 3389 857">
    <p class='ocr_par' dir='ltr' id='par_1_5' title="bbox 385 782 3389 857">
     <span class='ocr_line' id='line_1_5' title="bbox 385 782 3389 857; baseline 0 -18"><span class='ocrx_word' id='word_1_50' title='bbox 385 782 495 839; x_wconf 66' lang='lat' dir='ltr'><strong>lam</strong></span> <span class='ocrx_word' id='word_1_51' title='bbox 523 783 727 839; x_wconf 88' lang='lat' dir='ltr'><strong>mundo</strong></span> <span class='ocrx_word' id='word_1_52' title='bbox 743 785 1037 841; x_wconf 82' lang='lat' dir='ltr'><strong>damnante</strong></span> <span class='ocrx_word' id='word_1_53' title='bbox 1068 786 1250 841; x_wconf 74' lang='lat' dir='ltr'><strong>tuum?</strong></span> <span class='ocrx_word' id='word_1_54' title='bbox 1284 786 1377 843; x_wconf 88' lang='lat' dir='ltr'><strong>Sol</strong></span> <span class='ocrx_word' id='word_1_55' title='bbox 1406 783 1543 857; x_wconf 70' lang='lat' dir='ltr'><strong>fugit</strong></span> <span class='ocrx_word' id='word_1_56' title='bbox 1572 787 1641 841; x_wconf 89' lang='lat' dir='ltr'><strong>ab</strong></span> <span class='ocrx_word' id='word_1_57' title='bbox 1666 786 1817 853; x_wconf 89' lang='lat' dir='ltr'><strong>orbe,</strong></span> <span class='ocrx_word' id='word_1_58' title='bbox 2274 785 2464 850; x_wconf 85' lang='lat' dir='ltr'><strong>tentis,</strong></span> <span class='ocrx_word' id='word_1_59' title='bbox 3378 838 3389 848; x_wconf 80' lang='grc'>,</span> 
     </span>
    </p>
   </div>
   <div class='ocr_carea' id='block_1_6' title="bbox 383 874 3328 949">
    <p class='ocr_par' dir='ltr' id='par_1_6' title="bbox 383 874 3328 949">
     <span class='ocr_line' id='line_1_6' title="bbox 383 874 3328 949; baseline -0.001 -17"><span class='ocrx_word' id='word_1_60' title='bbox 383 877 447 932; x_wconf 74' lang='lat' dir='ltr'><strong>Et</strong></span> <span class='ocrx_word' id='word_1_61' title='bbox 468 875 646 933; x_wconf 82' lang='lat' dir='ltr'><strong>media</strong></span> <span class='ocrx_word' id='word_1_62' title='bbox 676 892 784 932; x_wconf 77' lang='lat' dir='ltr'><strong>nos</strong></span> <span class='ocrx_word' id='word_1_63' title='bbox 812 877 951 933; x_wconf 82' lang='lat' dir='ltr'><strong>facta</strong></span> <span class='ocrx_word' id='word_1_64' title='bbox 980 879 1066 933; x_wconf 92' lang='lat' dir='ltr'><strong>die</strong></span> <span class='ocrx_word' id='word_1_65' title='bbox 1096 888 1218 947; x_wconf 86' lang='lat' dir='ltr'><strong>est;</strong></span> <span class='ocrx_word' id='word_1_66' title='bbox 1251 893 1620 949; x_wconf 85' lang='lat' dir='ltr'><strong>concussaque</strong></span> <span class='ocrx_word' id='word_1_67' title='bbox 1659 879 1819 933; x_wconf 88' lang='lat' dir='ltr'><strong>tellus</strong></span> <span class='ocrx_word' id='word_1_68' title='bbox 2060 877 2319 948; x_wconf 78' lang='lat' dir='ltr'><strong>Ignorant</strong></span> <span class='ocrx_word' id='word_1_69' title='bbox 2346 892 2465 941; x_wconf 79' lang='lat' dir='ltr'><strong>sese</strong></span> <span class='ocrx_word' id='word_1_70' title='bbox 2497 877 2693 944; x_wconf 81' lang='lat' dir='ltr'><strong>iacere,</strong></span> <span class='ocrx_word' id='word_1_71' title='bbox 2723 876 3083 946; x_wconf 82' lang='lat' dir='ltr'><strong>aﬁ&#39;ectumque</strong></span> <span class='ocrx_word' id='word_1_72' title='bbox 3115 874 3328 937; x_wconf 79' lang='lat' dir='ltr'><strong>valendi</strong></span> 
     </span>
    </p>
   </div>
   <div class='ocr_carea' id='block_1_7' title="bbox 376 966 3507 1041">
    <p class='ocr_par' dir='ltr' id='par_1_7' title="bbox 376 966 3507 1041">
     <span class='ocr_line' id='line_1_7' title="bbox 376 966 3507 1041; baseline 0.001 -17"><span class='ocrx_word' id='word_1_73' title='bbox 376 966 678 1033; x_wconf 79' lang='lat' dir='ltr'><strong>Intremuit,</strong></span> <span class='ocrx_word' id='word_1_74' title='bbox 705 977 1048 1041; x_wconf 87' lang='lat' dir='ltr'><strong>mortemque</strong></span> <span class='ocrx_word' id='word_1_75' title='bbox 1088 971 1200 1027; x_wconf 83' lang='lat' dir='ltr'><strong>Deo</strong></span> <span class='ocrx_word' id='word_1_76' title='bbox 1227 972 1522 1036; x_wconf 86' lang='lat' dir='ltr'><strong>subeunte,</strong></span> <span class='ocrx_word' id='word_1_77' title='bbox 1554 972 1819 1039; x_wconf 78' lang='lat' dir='ltr'><strong>sepulcris</strong></span> <span class='ocrx_word' id='word_1_78' title='bbox 2058 969 2315 1037; x_wconf 87' lang='lat' dir='ltr'><strong>Sumunt,</strong></span> <span class='ocrx_word' id='word_1_79' title='bbox 2332 982 2385 1024; x_wconf 90' lang='lat' dir='ltr'><strong>et</strong></span> <span class='ocrx_word' id='word_1_80' title='bbox 2402 970 2544 1040; x_wconf 89' lang='lat' dir='ltr'><strong>quod</strong></span> <span class='ocrx_word' id='word_1_81' title='bbox 2565 979 2728 1040; x_wconf 86' lang='lat' dir='ltr'><strong>agunt</strong></span> <span class='ocrx_word' id='word_1_82' title='bbox 2745 970 2885 1037; x_wconf 86' lang='lat' dir='ltr'><strong>aliis,</strong></span> <span class='ocrx_word' id='word_1_83' title='bbox 2909 968 3015 1035; x_wconf 74' lang='lat' dir='ltr'><strong>sibi</strong></span> <span class='ocrx_word' id='word_1_84' title='bbox 3032 970 3230 1027; x_wconf 80' lang='lat' dir='ltr'><strong>cedere</strong></span> <span class='ocrx_word' id='word_1_85' title='bbox 3250 968 3507 1027; x_wconf 88' lang='lat' dir='ltr'><strong>credunt.</strong></span> 
     </span>
    </p>
   </div>
   <div class='ocr_carea' id='block_1_8' title="bbox 254 1060 3509 1135">
    <p class='ocr_par' dir='ltr' id='par_1_8' title="bbox 254 1060 3509 1135">
     <span class='ocr_line' id='line_1_8' title="bbox 254 1060 3509 1135; baseline -0.001 -16"><span class='ocrx_word' id='word_1_86' title='bbox 254 1060 355 1119; x_wconf 68' lang='grc' dir='ltr'><strong>ΒΟ</strong></span> <span class='ocrx_word' id='word_1_87' title='bbox 384 1062 563 1116; x_wconf 78' lang='lat' dir='ltr'><strong>Escita</strong></span> <span class='ocrx_word' id='word_1_88' title='bbox 593 1073 903 1117; x_wconf 85' lang='lat' dir='ltr'><strong>sanctorum</strong></span> <span class='ocrx_word' id='word_1_89' title='bbox 929 1076 1275 1135; x_wconf 87' lang='lat' dir='ltr'><strong>sumpserunt</strong></span> <span class='ocrx_word' id='word_1_90' title='bbox 1300 1080 1526 1135; x_wconf 84' lang='lat' dir='ltr'><strong>corpora</strong></span> <span class='ocrx_word' id='word_1_91' title='bbox 1556 1064 1745 1120; x_wconf 84' lang='lat' dir='ltr'><strong>vitam.</strong></span> <span class='ocrx_word' id='word_1_92' title='bbox 1922 1064 2031 1123; x_wconf 78' lang='lat'><strong>570</strong></span> <span class='ocrx_word' id='word_1_93' title='bbox 2068 1064 2157 1121; x_wconf 86' lang='lat' dir='ltr'><strong>Sic</strong></span> <span class='ocrx_word' id='word_1_94' title='bbox 2186 1066 2348 1120; x_wconf 88' lang='lat' dir='ltr'><strong>etiam</strong></span> <span class='ocrx_word' id='word_1_95' title='bbox 2381 1080 2501 1132; x_wconf 76' lang='lat' dir='ltr'><strong>qua:</strong></span> <span class='ocrx_word' id='word_1_96' title='bbox 2534 1080 2638 1119; x_wconf 92' lang='lat' dir='ltr'><strong>non</strong></span> <span class='ocrx_word' id='word_1_97' title='bbox 2670 1065 2875 1134; x_wconf 89' lang='lat' dir='ltr'><strong>spirant</strong></span> <span class='ocrx_word' id='word_1_98' title='bbox 2901 1074 3030 1122; x_wconf 88' lang='lat' dir='ltr'><strong>sunt</strong></span> <span class='ocrx_word' id='word_1_99' title='bbox 3065 1080 3280 1135; x_wconf 89' lang='lat' dir='ltr'><strong>semper</strong></span> <span class='ocrx_word' id='word_1_100' title='bbox 3309 1066 3362 1120; x_wconf 91' lang='lat' dir='ltr'><strong>in</strong></span> <span class='ocrx_word' id='word_1_101' title='bbox 3417 1067 3509 1121; x_wconf 92' lang='lat' dir='ltr'><strong>illo</strong></span> 
     </span>
    </p>
   </div>
   <div class='ocr_carea' id='block_1_9' title="bbox 380 1154 3508 1231">
    <p class='ocr_par' dir='ltr' id='par_1_9' title="bbox 380 1154 3508 1231">
     <span class='ocr_line' id='line_1_9' title="bbox 380 1154 3508 1231; baseline 0.001 -20"><span class='ocrx_word' id='word_1_102' title='bbox 380 1154 565 1211; x_wconf 67' lang='lat' dir='ltr'><strong>Velum</strong></span> <span class='ocrx_word' id='word_1_103' title='bbox 607 1158 769 1212; x_wconf 71' lang='lat' dir='ltr'><strong>etiam</strong></span> <span class='ocrx_word' id='word_1_104' title='bbox 825 1158 1011 1225; x_wconf 87' lang='lat' dir='ltr'><strong>templi</strong></span> <span class='ocrx_word' id='word_1_105' title='bbox 1060 1158 1350 1216; x_wconf 84' lang='lat' dir='ltr'><strong>discissum</strong></span> <span class='ocrx_word' id='word_1_106' title='bbox 1388 1166 1517 1226; x_wconf 80' lang='lat' dir='ltr'><strong>est,</strong></span> <span class='ocrx_word' id='word_1_107' title='bbox 1566 1173 1635 1214; x_wconf 87' lang='lat' dir='ltr'><strong>ne</strong></span> <span class='ocrx_word' id='word_1_108' title='bbox 1689 1156 1815 1228; x_wconf 89' lang='lat' dir='ltr'><strong>quid</strong></span> <span class='ocrx_word' id='word_1_109' title='bbox 2059 1160 2115 1216; x_wconf 94' lang='lat' dir='ltr'><strong>ln</strong></span> <span class='ocrx_word' id='word_1_110' title='bbox 2135 1176 2243 1231; x_wconf 90' lang='lat' dir='ltr'><strong>quo</strong></span> <span class='ocrx_word' id='word_1_111' title='bbox 2264 1169 2390 1214; x_wconf 89' lang='lat' dir='ltr'><strong>sunt</strong></span> <span class='ocrx_word' id='word_1_112' title='bbox 2410 1158 2638 1215; x_wconf 77' lang='lat' dir='ltr'><strong>formata</strong></span> <span class='ocrx_word' id='word_1_113' title='bbox 2668 1159 2992 1216; x_wconf 81' lang='lat' dir='ltr'><strong>modoznon</strong></span> <span class='ocrx_word' id='word_1_114' title='bbox 3016 1158 3171 1229; x_wconf 85' lang='lat' dir='ltr'><strong>plana</strong></span> <span class='ocrx_word' id='word_1_115' title='bbox 3194 1166 3508 1216; x_wconf 84' lang='lat' dir='ltr'><strong>tumescunt</strong></span> 
     </span>
    </p>
   </div>
   <div class='ocr_carea' id='block_1_10' title="bbox 579 1250 3503 1322">
    <p class='ocr_par' dir='ltr' id='par_1_10' title="bbox 579 1250 3503 1322">
     <span class='ocr_line' id='line_1_10' title="bbox 579 1250 3503 1322; baseline 0 -17"><span class='ocrx_word' id='word_1_116' title='bbox 579 1261 827 1318; x_wconf 87' lang='lat' dir='ltr'><strong>opertum</strong></span> <span class='ocrx_word' id='word_1_117' title='bbox 2052 1250 2317 1313; x_wconf 86' lang='lat' dir='ltr'><strong>Collibus.</strong></span> <span class='ocrx_word' id='word_1_118' title='bbox 2342 1260 2434 1304; x_wconf 91' lang='lat' dir='ltr'><strong>ant</strong></span> <span class='ocrx_word' id='word_1_119' title='bbox 2454 1251 2583 1306; x_wconf 87' lang='lat' dir='ltr'><strong>celsi</strong></span> <span class='ocrx_word' id='word_1_120' title='bbox 2603 1260 2913 1306; x_wconf 89' lang='lat' dir='ltr'><strong>sternuntur</strong></span> <span class='ocrx_word' id='word_1_121' title='bbox 2935 1253 2986 1308; x_wconf 92' lang='lat' dir='ltr'><strong>in</strong></span> <span class='ocrx_word' id='word_1_122' title='bbox 3008 1268 3224 1322; x_wconf 72' lang='lat' dir='ltr'><strong>aequora</strong></span> <span class='ocrx_word' id='word_1_123' title='bbox 3249 1262 3461 1308; x_wconf 89' lang='lat' dir='ltr'><strong>montes</strong></span> <span class='ocrx_word' id='word_1_124' title='bbox 3487 1267 3503 1306; x_wconf 91' lang='lat'>:</span> 
     </span>
    </p>
   </div>
   <div class='ocr_carea' id='block_1_11' title="bbox 372 1337 3503 1415">
    <p class='ocr_par' dir='ltr' id='par_1_11' title="bbox 372 1337 3503 1415">
     <span class='ocr_line' id='line_1_11' title="bbox 372 1337 3503 1415; baseline 0.002 -20"><span class='ocrx_word' id='word_1_125' title='bbox 372 1337 428 1395; x_wconf 84' lang='lat' dir='ltr'><strong>In</strong></span> <span class='ocrx_word' id='word_1_126' title='bbox 455 1340 627 1396; x_wconf 82' lang='lat' dir='ltr'><strong>sacris</strong></span> <span class='ocrx_word' id='word_1_127' title='bbox 654 1340 831 1411; x_wconf 78' lang='lat' dir='ltr'><strong>adytis</strong></span> <span class='ocrx_word' id='word_1_128' title='bbox 868 1341 980 1411; x_wconf 87' lang='lat' dir='ltr'><strong>jam</strong></span> <span class='ocrx_word' id='word_1_129' title='bbox 1018 1342 1173 1414; x_wconf 85' lang='lat' dir='ltr'><strong>plebs</strong></span> <span class='ocrx_word' id='word_1_130' title='bbox 1204 1343 1421 1409; x_wconf 80' lang='lat' dir='ltr'><strong>indigna</strong></span> <span class='ocrx_word' id='word_1_131' title='bbox 1446 1351 1656 1397; x_wconf 89' lang='lat' dir='ltr'><strong>teneret</strong></span> <span class='ocrx_word' id='word_1_132' title='bbox 1689 1362 1701 1395; x_wconf 87' lang='lat'><strong>:</strong></span> <span class='ocrx_word' id='word_1_133' title='bbox 2056 1342 2173 1398; x_wconf 82' lang='lat' dir='ltr'><strong>Non</strong></span> <span class='ocrx_word' id='word_1_134' title='bbox 2208 1344 2435 1399; x_wconf 84' lang='lat' dir='ltr'><strong>veniunt</strong></span> <span class='ocrx_word' id='word_1_135' title='bbox 2474 1342 2639 1412; x_wconf 80' lang='lat' dir='ltr'><strong>Alpes</strong></span> <span class='ocrx_word' id='word_1_136' title='bbox 2672 1342 2727 1398; x_wconf 88' lang='lat' dir='ltr'><strong>in</strong></span> <span class='ocrx_word' id='word_1_137' title='bbox 2764 1352 3027 1413; x_wconf 86' lang='lat' dir='ltr'><strong>pontum,</strong></span> <span class='ocrx_word' id='word_1_138' title='bbox 3066 1354 3159 1401; x_wconf 86' lang='lat' dir='ltr'><strong>aut</strong></span> <span class='ocrx_word' id='word_1_139' title='bbox 3198 1356 3393 1415; x_wconf 88' lang='lat' dir='ltr'><strong>pontus</strong></span> <span class='ocrx_word' id='word_1_140' title='bbox 3447 1345 3503 1400; x_wconf 92' lang='lat' dir='ltr'><strong>in</strong></span> 
     </span>
    </p>
   </div>
   <div class='ocr_carea' id='block_1_12' title="bbox 369 1432 2474 1507">
    <p class='ocr_par' dir='ltr' id='par_1_12' title="bbox 369 1432 2474 1507">
     <span class='ocr_line' id='line_1_12' title="bbox 369 1432 2474 1507; baseline 0 -16"><span class='ocrx_word' id='word_1_141' title='bbox 369 1432 679 1504; x_wconf 68' lang='lat' dir='ltr'><strong>iunctaque</strong></span> <span class='ocrx_word' id='word_1_142' title='bbox 710 1435 994 1504; x_wconf 88' lang='lat' dir='ltr'><strong>pontiﬁces</strong></span> <span class='ocrx_word' id='word_1_143' title='bbox 1017 1436 1264 1507; x_wconf 75' lang='lat' dir='ltr'><strong>fugerent</strong></span> <span class='ocrx_word' id='word_1_144' title='bbox 1292 1436 1494 1491; x_wconf 75' lang='lat' dir='ltr'><strong>oﬁ‘ensa</strong></span> <span class='ocrx_word' id='word_1_145' title='bbox 1536 1444 1807 1491; x_wconf 87' lang='lat' dir='ltr'><strong>cruentos.</strong></span> <span class='ocrx_word' id='word_1_146' title='bbox 2267 1449 2427 1503; x_wconf 86' lang='lat' dir='ltr'><strong>agros</strong></span> <span class='ocrx_word' id='word_1_147' title='bbox 2456 1449 2474 1491; x_wconf 85' lang='lat'><strong>:</strong></span> 
     </span>
    </p>
   </div>
   <div class='ocr_carea' id='block_1_13' title="bbox 368 1524 3497 1600">
    <p class='ocr_par' dir='ltr' id='par_1_13' title="bbox 368 1524 3497 1600">
     <span class='ocr_line' id='line_1_13' title="bbox 368 1524 3497 1600; baseline 0.001 -20"><span class='ocrx_word' id='word_1_148' title='bbox 368 1524 443 1580; x_wconf 69' lang='lat' dir='ltr'><strong>Te</strong></span> <span class='ocrx_word' id='word_1_149' title='bbox 470 1542 601 1580; x_wconf 79' lang='lat' dir='ltr'><strong>vero</strong></span> <span class='ocrx_word' id='word_1_150' title='bbox 626 1528 909 1583; x_wconf 69' lang='lat' dir='ltr'><strong>exstincta</strong></span> <span class='ocrx_word' id='word_1_151' title='bbox 934 1529 1229 1585; x_wconf 78' lang='lat' dir='ltr'><strong>calcantem</strong></span> <span class='ocrx_word' id='word_1_152' title='bbox 1256 1529 1464 1600; x_wconf 83' lang='lat' dir='ltr'><strong>spicula</strong></span> <span class='ocrx_word' id='word_1_153' title='bbox 1489 1530 1679 1582; x_wconf 90' lang='lat' dir='ltr'><strong>mortis</strong></span> <span class='ocrx_word' id='word_1_154' title='bbox 1698 1568 1711 1592; x_wconf 92' lang='lat'><strong>,</strong></span> <span class='ocrx_word' id='word_1_155' title='bbox 2052 1526 2193 1585; x_wconf 79' lang='lat' dir='ltr'><strong>Saxa</strong></span> <span class='ocrx_word' id='word_1_156' title='bbox 2208 1526 2411 1595; x_wconf 88' lang='lat' dir='ltr'><strong>jacent,</strong></span> <span class='ocrx_word' id='word_1_157' title='bbox 2435 1541 2626 1583; x_wconf 90' lang='lat' dir='ltr'><strong>amnes</strong></span> <span class='ocrx_word' id='word_1_158' title='bbox 2642 1526 2955 1592; x_wconf 86' lang='lat' dir='ltr'><strong>decurrunt,</strong></span> <span class='ocrx_word' id='word_1_159' title='bbox 2980 1536 3232 1597; x_wconf 89' lang='lat' dir='ltr'><strong>stantque</strong></span> <span class='ocrx_word' id='word_1_160' title='bbox 3250 1528 3497 1597; x_wconf 83' lang='lat' dir='ltr'><strong>paludes.</strong></span> 
     </span>
    </p>
   </div>
   <div class='ocr_carea' id='block_1_14' title="bbox 243 1614 3500 1689">
    <p class='ocr_par' dir='ltr' id='par_1_14' title="bbox 243 1614 3500 1689">
     <span class='ocr_line' id='line_1_14' title="bbox 243 1614 3500 1689; baseline 0 -16"><span class='ocrx_word' id='word_1_161' title='bbox 243 1614 334 1673; x_wconf 68' lang='grc' dir='ltr'>ω</span> <span class='ocrx_word' id='word_1_162' title='bbox 362 1616 523 1689; x_wconf 69' lang='grc'><strong>807</strong></span> <span class='ocrx_word' id='word_1_163' title='bbox 559 1618 626 1673; x_wconf 79' lang='lat' dir='ltr'><strong>Et</strong></span> <span class='ocrx_word' id='word_1_164' title='bbox 653 1618 721 1673; x_wconf 88' lang='lat' dir='ltr'><strong>de</strong></span> <span class='ocrx_word' id='word_1_165' title='bbox 748 1632 910 1673; x_wconf 81' lang='lat' dir='ltr'><strong>carne</strong></span> <span class='ocrx_word' id='word_1_166' title='bbox 934 1634 1130 1674; x_wconf 87' lang='lat' dir='ltr'><strong>novum</strong></span> <span class='ocrx_word' id='word_1_167' title='bbox 1154 1620 1474 1675; x_wconf 71' lang='lat' dir='ltr'><strong>relerentem</strong></span> <span class='ocrx_word' id='word_1_168' title='bbox 1500 1634 1666 1674; x_wconf 87' lang='lat' dir='ltr'><strong>carne</strong></span> <span class='ocrx_word' id='word_1_169' title='bbox 1694 1628 1808 1673; x_wconf 90' lang='lat' dir='ltr'><strong>tro-</strong></span> <span class='ocrx_word' id='word_1_170' title='bbox 1911 1618 2018 1674; x_wconf 81' lang='lat'><strong>575</strong></span> <span class='ocrx_word' id='word_1_171' title='bbox 2059 1618 2125 1673; x_wconf 81' lang='lat' dir='ltr'><strong>Et</strong></span> <span class='ocrx_word' id='word_1_172' title='bbox 2151 1629 2325 1671; x_wconf 88' lang='lat' dir='ltr'><strong>tamen</strong></span> <span class='ocrx_word' id='word_1_173' title='bbox 2355 1618 2437 1672; x_wconf 96' lang='lat' dir='ltr'><strong>his</strong></span> <span class='ocrx_word' id='word_1_174' title='bbox 2465 1619 2596 1672; x_wconf 88' lang='lat' dir='ltr'><strong>nihil</strong></span> <span class='ocrx_word' id='word_1_175' title='bbox 2624 1627 2705 1673; x_wconf 92' lang='lat' dir='ltr'><strong>est</strong></span> <span class='ocrx_word' id='word_1_176' title='bbox 2732 1620 3021 1686; x_wconf 86' lang='lat' dir='ltr'><strong>mercedis,</strong></span> <span class='ocrx_word' id='word_1_177' title='bbox 3048 1636 3166 1687; x_wconf 74' lang='lat' dir='ltr'><strong>qua:</strong></span> <span class='ocrx_word' id='word_1_178' title='bbox 3191 1621 3307 1673; x_wconf 89' lang='lat' dir='ltr'><strong>sine</strong></span> <span class='ocrx_word' id='word_1_179' title='bbox 3333 1635 3500 1674; x_wconf 87' lang='lat' dir='ltr'><strong>sensu</strong></span> 
     </span>
    </p>
   </div>
   <div class='ocr_carea' id='block_1_15' title="bbox 575 1711 3314 1780">
    <p class='ocr_par' dir='ltr' id='par_1_15' title="bbox 575 1711 3314 1780">
     <span class='ocr_line' id='line_1_15' title="bbox 575 1711 3314 1780; baseline 0 -15"><span class='ocrx_word' id='word_1_180' title='bbox 575 1725 780 1780; x_wconf 62' lang='lat' dir='ltr'><strong>picum,</strong></span> <span class='ocrx_word' id='word_1_181' title='bbox 2054 1711 2352 1780; x_wconf 85' lang='lat' dir='ltr'><strong>Dispositos</strong></span> <span class='ocrx_word' id='word_1_182' title='bbox 2391 1711 2444 1765; x_wconf 92' lang='lat' dir='ltr'><strong>in</strong></span> <span class='ocrx_word' id='word_1_183' title='bbox 2475 1724 2532 1766; x_wconf 80' lang='lat' dir='ltr'><strong>se</strong></span> <span class='ocrx_word' id='word_1_184' title='bbox 2563 1712 2805 1779; x_wconf 73' lang='lat' dir='ltr'><strong>prtebent</strong></span> <span class='ocrx_word' id='word_1_185' title='bbox 2833 1712 3135 1767; x_wconf 82' lang='lat' dir='ltr'><strong>viventibus</strong></span> <span class='ocrx_word' id='word_1_186' title='bbox 3167 1727 3314 1767; x_wconf 89' lang='lat' dir='ltr'><strong>usus.</strong></span> 
     </span>
    </p>
   </div>
   <div class='ocr_carea' id='block_1_16' title="bbox 364 1801 3423 1873">
    <p class='ocr_par' dir='ltr' id='par_1_16' title="bbox 364 1801 3423 1873">
     <span class='ocr_line' id='line_1_16' title="bbox 364 1801 3423 1873; baseline 0 -17"><span class='ocrx_word' id='word_1_187' title='bbox 364 1801 544 1856; x_wconf 72' lang='lat' dir='ltr'><strong>Tertia</strong></span> <span class='ocrx_word' id='word_1_188' title='bbox 574 1801 872 1871; x_wconf 80' lang='lat' dir='ltr'><strong>discipulis,</strong></span> <span class='ocrx_word' id='word_1_189' title='bbox 906 1801 1057 1870; x_wconf 83' lang='lat' dir='ltr'><strong>Jesu,</strong></span> <span class='ocrx_word' id='word_1_190' title='bbox 1082 1804 1231 1859; x_wconf 85' lang='lat' dir='ltr'><strong>dedit</strong></span> <span class='ocrx_word' id='word_1_191' title='bbox 1260 1805 1502 1860; x_wconf 84' lang='lat' dir='ltr'><strong>attonitis</strong></span> <span class='ocrx_word' id='word_1_192' title='bbox 1532 1804 1644 1859; x_wconf 79' lang='lat' dir='ltr'><strong>ius.</strong></span> <span class='ocrx_word' id='word_1_193' title='bbox 2051 1803 2204 1871; x_wconf 84' lang='lat' dir='ltr'><strong>Quod</strong></span> <span class='ocrx_word' id='word_1_194' title='bbox 2238 1803 2282 1857; x_wconf 90' lang='lat' dir='ltr'><strong>si</strong></span> <span class='ocrx_word' id='word_1_195' title='bbox 2316 1803 2509 1858; x_wconf 89' lang='lat' dir='ltr'><strong>horum</strong></span> <span class='ocrx_word' id='word_1_196' title='bbox 2542 1812 2800 1873; x_wconf 71' lang='lat' dir='ltr'><strong>praestare</strong></span> <span class='ocrx_word' id='word_1_197' title='bbox 2831 1804 2925 1859; x_wconf 82' lang='lat' dir='ltr'><strong>tibi</strong></span> <span class='ocrx_word' id='word_1_198' title='bbox 2960 1815 3149 1860; x_wconf 86' lang='lat' dir='ltr'><strong>natura</strong></span> <span class='ocrx_word' id='word_1_199' title='bbox 3182 1805 3423 1871; x_wconf 54' lang='lat' dir='ltr'><strong>videtur;</strong></span> 
     </span>
    </p>
   </div>
   <div class='ocr_carea' id='block_1_17' title="bbox 356 1894 3424 1968">
    <p class='ocr_par' dir='ltr' id='par_1_17' title="bbox 356 1894 3424 1968">
     <span class='ocr_line' id='line_1_17' title="bbox 356 1894 3424 1968; baseline 0 -19"><span class='ocrx_word' id='word_1_200' title='bbox 356 1894 463 1949; x_wconf 75' lang='lat' dir='ltr'><strong>Nec</strong></span> <span class='ocrx_word' id='word_1_201' title='bbox 490 1896 677 1951; x_wconf 82' lang='lat' dir='ltr'><strong>dubiis</strong></span> <span class='ocrx_word' id='word_1_202' title='bbox 697 1896 984 1952; x_wconf 86' lang='lat' dir='ltr'><strong>Dominum</strong></span> <span class='ocrx_word' id='word_1_203' title='bbox 1010 1899 1160 1953; x_wconf 84' lang='lat' dir='ltr'><strong>licuit</strong></span> <span class='ocrx_word' id='word_1_204' title='bbox 1179 1913 1508 1968; x_wconf 78' lang='lat' dir='ltr'><strong>cognoscere</strong></span> <span class='ocrx_word' id='word_1_205' title='bbox 1533 1898 1730 1965; x_wconf 80' lang='lat' dir='ltr'><strong>signis;</strong></span> <span class='ocrx_word' id='word_1_206' title='bbox 1836 1896 1883 1956; x_wconf 86' lang='lat' dir='ltr'><strong>B</strong></span> <span class='ocrx_word' id='word_1_207' title='bbox 2049 1894 2170 1953; x_wconf 72' lang='lat' dir='ltr'><strong>Jam</strong></span> <span class='ocrx_word' id='word_1_208' title='bbox 2201 1895 2345 1951; x_wconf 84' lang='lat' dir='ltr'><strong>bove</strong></span> <span class='ocrx_word' id='word_1_209' title='bbox 2373 1896 2567 1950; x_wconf 87' lang='lat' dir='ltr'><strong>mutari</strong></span> <span class='ocrx_word' id='word_1_210' title='bbox 2599 1896 2791 1961; x_wconf 82' lang='lat' dir='ltr'><strong>velles,</strong></span> <span class='ocrx_word' id='word_1_211' title='bbox 2820 1896 2906 1949; x_wconf 88' lang='lat' dir='ltr'><strong>vel</strong></span> <span class='ocrx_word' id='word_1_212' title='bbox 2935 1911 3089 1964; x_wconf 82' lang='lat' dir='ltr'><strong>rupe,</strong></span> <span class='ocrx_word' id='word_1_213' title='bbox 3128 1895 3215 1951; x_wconf 86' lang='lat' dir='ltr'><strong>vel</strong></span> <span class='ocrx_word' id='word_1_214' title='bbox 3240 1909 3424 1951; x_wconf 84' lang='lat' dir='ltr'><strong>amne.</strong></span> 
     </span>
    </p>
   </div>
   <div class='ocr_carea' id='block_1_18' title="bbox 356 1985 3255 2061">
    <p class='ocr_par' dir='ltr' id='par_1_18' title="bbox 356 1985 3255 2061">
     <span class='ocr_line' id='line_1_18' title="bbox 356 1985 3255 2061; baseline 0.001 -19"><span class='ocrx_word' id='word_1_215' title='bbox 356 1985 487 2042; x_wconf 79' lang='lat' dir='ltr'><strong>Cum</strong></span> <span class='ocrx_word' id='word_1_216' title='bbox 511 1989 836 2045; x_wconf 87' lang='lat' dir='ltr'><strong>documenta</strong></span> <span class='ocrx_word' id='word_1_217' title='bbox 863 1989 1000 2045; x_wconf 86' lang='lat' dir='ltr'><strong>ﬁdes</strong></span> <span class='ocrx_word' id='word_1_218' title='bbox 1018 2001 1255 2061; x_wconf 85' lang='lat' dir='ltr'><strong>caperet,</strong></span> <span class='ocrx_word' id='word_1_219' title='bbox 1284 1994 1512 2060; x_wconf 75' lang='lat' dir='ltr'><strong>visuque</strong></span> <span class='ocrx_word' id='word_1_220' title='bbox 1537 2006 1806 2061; x_wconf 79' lang='lat' dir='ltr'><strong>manuque</strong></span> <span class='ocrx_word' id='word_1_221' title='bbox 2055 1992 2301 2048; x_wconf 84' lang='lat' dir='ltr'><strong>Deterior</strong></span> <span class='ocrx_word' id='word_1_222' title='bbox 2329 1993 2526 2048; x_wconf 89' lang='lat' dir='ltr'><strong>nollem</strong></span> <span class='ocrx_word' id='word_1_223' title='bbox 2559 1991 2675 2047; x_wconf 86' lang='lat' dir='ltr'><strong>ﬁeri</strong></span> <span class='ocrx_word' id='word_1_224' title='bbox 2696 2033 2709 2053; x_wconf 91' lang='lat'><strong>,</strong></span> <span class='ocrx_word' id='word_1_225' title='bbox 2744 1992 2920 2061; x_wconf 88' lang='lat' dir='ltr'><strong>potior</strong></span> <span class='ocrx_word' id='word_1_226' title='bbox 2946 1992 3255 2046; x_wconf 80' lang='lat' dir='ltr'><strong>voluissem.</strong></span> 
     </span>
    </p>
   </div>
   <div class='ocr_carea' id='block_1_19' title="bbox 359 2079 3494 2160">
    <p class='ocr_par' dir='ltr' id='par_1_19' title="bbox 359 2079 3494 2160">
     <span class='ocr_line' id='line_1_19' title="bbox 359 2079 3494 2160; baseline 0.001 -22"><span class='ocrx_word' id='word_1_227' title='bbox 359 2079 585 2138; x_wconf 74' lang='lat' dir='ltr'><strong>Rimans</strong></span> <span class='ocrx_word' id='word_1_228' title='bbox 612 2082 889 2138; x_wconf 81' lang='lat' dir='ltr'><strong>clavorum</strong></span> <span class='ocrx_word' id='word_1_229' title='bbox 920 2086 1167 2154; x_wconf 88' lang='lat' dir='ltr'><strong>vestigia,</strong></span> <span class='ocrx_word' id='word_1_230' title='bbox 1199 2086 1391 2139; x_wconf 83' lang='lat' dir='ltr'><strong>vulnus</strong></span> <span class='ocrx_word' id='word_1_231' title='bbox 1420 2097 1473 2139; x_wconf 91' lang='lat' dir='ltr'><strong>et</strong></span> <span class='ocrx_word' id='word_1_232' title='bbox 1507 2084 1709 2151; x_wconf 67' lang='lat' dir='ltr'><strong>hastae;</strong></span> <span class='ocrx_word' id='word_1_233' title='bbox 1911 2086 2019 2143; x_wconf 72' lang='lat'><strong>580</strong></span> <span class='ocrx_word' id='word_1_234' title='bbox 2062 2104 2083 2140; x_wconf 70' lang='grc' dir='ltr'>ι</span> <span class='ocrx_word' id='word_1_235' title='bbox 2115 2088 2282 2160; x_wconf 75' lang='lat'><strong>809</strong></span> <span class='ocrx_word' id='word_1_236' title='bbox 2310 2087 2578 2155; x_wconf 76' lang='lat' dir='ltr'><strong>Numquid</strong></span> <span class='ocrx_word' id='word_1_237' title='bbox 2603 2086 2692 2157; x_wconf 90' lang='lat' dir='ltr'><strong>qui</strong></span> <span class='ocrx_word' id='word_1_238' title='bbox 2722 2085 2955 2141; x_wconf 84' lang='lat' dir='ltr'><strong>Domino</strong></span> <span class='ocrx_word' id='word_1_239' title='bbox 2985 2086 3302 2156; x_wconf 84' lang='lat' dir='ltr'><strong>placuerunt</strong></span> <span class='ocrx_word' id='word_1_240' title='bbox 3326 2086 3494 2140; x_wconf 88' lang='lat' dir='ltr'><strong>mori-</strong></span> 
     </span>
    </p>
   </div>
   <div class='ocr_carea' id='block_1_20' title="bbox 233 2169 2807 2246">
    <p class='ocr_par' dir='ltr' id='par_1_20' title="bbox 233 2169 2807 2246">
     <span class='ocr_line' id='line_1_20' title="bbox 233 2169 2807 2246; baseline 0.004 -20"><span class='ocrx_word' id='word_1_241' title='bbox 233 2169 325 2229; x_wconf 71' lang='grc' dir='ltr'><strong>διο</strong></span> <span class='ocrx_word' id='word_1_242' title='bbox 357 2170 603 2243; x_wconf 83' lang='lat' dir='ltr'><strong>Cumque</strong></span> <span class='ocrx_word' id='word_1_243' title='bbox 644 2188 834 2245; x_wconf 83' lang='lat' dir='ltr'><strong>quater</strong></span> <span class='ocrx_word' id='word_1_244' title='bbox 861 2177 1015 2231; x_wconf 86' lang='lat' dir='ltr'><strong>denis</strong></span> <span class='ocrx_word' id='word_1_245' title='bbox 1045 2178 1265 2232; x_wconf 89' lang='lat' dir='ltr'><strong>ﬁrmans</strong></span> <span class='ocrx_word' id='word_1_246' title='bbox 1294 2177 1557 2245; x_wconf 71' lang='lat' dir='ltr'><strong>promissa</strong></span> <span class='ocrx_word' id='word_1_247' title='bbox 1582 2177 1801 2246; x_wconf 89' lang='lat' dir='ltr'><strong>diebus,</strong></span> <span class='ocrx_word' id='word_1_248' title='bbox 2108 2198 2122 2212; x_wconf 82' lang='lat'><strong>-</strong></span> <span class='ocrx_word' id='word_1_249' title='bbox 2266 2183 2365 2235; x_wconf 87' lang='lat' dir='ltr'><strong>bus</strong></span> <span class='ocrx_word' id='word_1_250' title='bbox 2395 2182 2573 2244; x_wconf 88' lang='lat' dir='ltr'><strong>almis,</strong></span> <span class='ocrx_word' id='word_1_251' title='bbox 2782 2180 2807 2207; x_wconf 83' lang='lat'>&#39;</span> 
     </span>
    </p>
   </div>
   <div class='ocr_carea' id='block_1_21' title="bbox 354 2266 3491 2341">
    <p class='ocr_par' dir='ltr' id='par_1_21' title="bbox 354 2266 3491 2341">
     <span class='ocr_line' id='line_1_21' title="bbox 354 2266 3491 2341; baseline 0.001 -18"><span class='ocrx_word' id='word_1_252' title='bbox 354 2266 698 2339; x_wconf 82' lang='lat' dir='ltr'><strong>Conspicuus</strong></span> <span class='ocrx_word' id='word_1_253' title='bbox 720 2270 919 2338; x_wconf 89' lang='lat' dir='ltr'><strong>multis,</strong></span> <span class='ocrx_word' id='word_1_254' title='bbox 946 2287 1091 2341; x_wconf 67' lang='lat' dir='ltr'><strong>saepe</strong></span> <span class='ocrx_word' id='word_1_255' title='bbox 1116 2282 1171 2327; x_wconf 91' lang='lat' dir='ltr'><strong>et</strong></span> <span class='ocrx_word' id='word_1_256' title='bbox 1206 2274 1502 2327; x_wconf 84' lang='lat' dir='ltr'><strong>tractabilis</strong></span> <span class='ocrx_word' id='word_1_257' title='bbox 1529 2285 1691 2328; x_wconf 81' lang='lat' dir='ltr'><strong>esset.</strong></span> <span class='ocrx_word' id='word_1_258' title='bbox 2054 2289 2073 2323; x_wconf 76' lang='grc' dir='ltr'>ι</span> <span class='ocrx_word' id='word_1_259' title='bbox 2111 2271 2446 2341; x_wconf 85' lang='lat' dir='ltr'><strong>Displicucre</strong></span> <span class='ocrx_word' id='word_1_260' title='bbox 2469 2271 2615 2325; x_wconf 79' lang='lat' dir='ltr'><strong>sibi?</strong></span> <span class='ocrx_word' id='word_1_261' title='bbox 2646 2270 2906 2340; x_wconf 88' lang='lat' dir='ltr'><strong>numquid</strong></span> <span class='ocrx_word' id='word_1_262' title='bbox 2938 2284 3041 2324; x_wconf 89' lang='lat' dir='ltr'><strong>non</strong></span> <span class='ocrx_word' id='word_1_263' title='bbox 3070 2270 3276 2327; x_wconf 87' lang='lat' dir='ltr'><strong>semine</strong></span> <span class='ocrx_word' id='word_1_264' title='bbox 3297 2270 3364 2324; x_wconf 89' lang='lat' dir='ltr'><strong>ab</strong></span> <span class='ocrx_word' id='word_1_265' title='bbox 3382 2283 3491 2325; x_wconf 90' lang='lat' dir='ltr'><strong>uno</strong></span> 
     </span>
    </p>
   </div>
   <div class='ocr_carea' id='block_1_22' title="bbox 352 2359 3493 2429">
    <p class='ocr_par' dir='ltr' id='par_1_22' title="bbox 352 2359 3493 2429">
     <span class='ocr_line' id='line_1_22' title="bbox 352 2359 3493 2429; baseline -0 -14"><span class='ocrx_word' id='word_1_266' title='bbox 352 2359 630 2416; x_wconf 78' lang='lat' dir='ltr'><strong>Hactenus</strong></span> <span class='ocrx_word' id='word_1_267' title='bbox 653 2363 705 2416; x_wconf 92' lang='lat' dir='ltr'><strong>in</strong></span> <span class='ocrx_word' id='word_1_268' title='bbox 730 2365 928 2417; x_wconf 82' lang='lat' dir='ltr'><strong>nostris</strong></span> <span class='ocrx_word' id='word_1_269' title='bbox 958 2373 1030 2429; x_wconf 89' lang='lat' dir='ltr'><strong>te,</strong></span> <span class='ocrx_word' id='word_1_270' title='bbox 1061 2362 1221 2429; x_wconf 79' lang='lat' dir='ltr'><strong>Jcsu,</strong></span> <span class='ocrx_word' id='word_1_271' title='bbox 1248 2366 1499 2421; x_wconf 86' lang='lat' dir='ltr'><strong>novimus</strong></span> <span class='ocrx_word' id='word_1_272' title='bbox 1544 2384 1557 2419; x_wconf 92' lang='lat'>:</span> <span class='ocrx_word' id='word_1_273' title='bbox 1589 2383 1655 2420; x_wconf 79' lang='lat' dir='ltr'><strong>ex</strong></span> <span class='ocrx_word' id='word_1_274' title='bbox 1680 2367 1803 2421; x_wconf 92' lang='lat' dir='ltr'><strong>hinc</strong></span> <span class='ocrx_word' id='word_1_275' title='bbox 2055 2380 2075 2415; x_wconf 77' lang='grc' dir='ltr'>ι</span> <span class='ocrx_word' id='word_1_276' title='bbox 2113 2362 2393 2428; x_wconf 72' lang='lat' dir='ltr'><strong>Venimus,</strong></span> <span class='ocrx_word' id='word_1_277' title='bbox 2424 2372 2518 2417; x_wconf 89' lang='lat' dir='ltr'><strong>aut</strong></span> <span class='ocrx_word' id='word_1_278' title='bbox 2545 2363 2646 2416; x_wconf 91' lang='lat' dir='ltr'><strong>alia</strong></span> <span class='ocrx_word' id='word_1_279' title='bbox 2672 2371 2761 2417; x_wconf 87' lang='lat' dir='ltr'><strong>est</strong></span> <span class='ocrx_word' id='word_1_280' title='bbox 2786 2362 3060 2417; x_wconf 85' lang='lat' dir='ltr'><strong>hominum</strong></span> <span class='ocrx_word' id='word_1_281' title='bbox 3101 2372 3290 2416; x_wconf 89' lang='lat' dir='ltr'><strong>natura</strong></span> <span class='ocrx_word' id='word_1_282' title='bbox 3322 2360 3493 2415; x_wconf 86' lang='lat' dir='ltr'><strong>bono-</strong></span> 
     </span>
    </p>
   </div>
   <div class='ocr_carea' id='block_1_23' title="bbox 352 2453 2425 2526">
    <p class='ocr_par' dir='ltr' id='par_1_23' title="bbox 352 2453 2425 2526">
     <span class='ocr_line' id='line_1_23' title="bbox 352 2453 2425 2526; baseline -0.001 -17"><span class='ocrx_word' id='word_1_283' title='bbox 352 2453 407 2509; x_wconf 83' lang='lat' dir='ltr'><strong>In</strong></span> <span class='ocrx_word' id='word_1_284' title='bbox 430 2463 524 2513; x_wconf 85' lang='lat' dir='ltr'><strong>tua</strong></span> <span class='ocrx_word' id='word_1_285' title='bbox 550 2466 733 2510; x_wconf 88' lang='lat' dir='ltr'><strong>nostra</strong></span> <span class='ocrx_word' id='word_1_286' title='bbox 753 2456 989 2512; x_wconf 86' lang='lat' dir='ltr'><strong>abeunt:</strong></span> <span class='ocrx_word' id='word_1_287' title='bbox 1014 2473 1115 2513; x_wconf 90' lang='lat' dir='ltr'><strong>nec</strong></span> <span class='ocrx_word' id='word_1_288' title='bbox 1131 2458 1238 2526; x_wconf 90' lang='lat' dir='ltr'><strong>jam</strong></span> <span class='ocrx_word' id='word_1_289' title='bbox 1257 2458 1497 2525; x_wconf 76' lang='lat' dir='ltr'><strong>diversa,</strong></span> <span class='ocrx_word' id='word_1_290' title='bbox 1521 2460 1617 2514; x_wconf 86' lang='lat' dir='ltr'><strong>sed</strong></span> <span class='ocrx_word' id='word_1_291' title='bbox 1640 2475 1801 2514; x_wconf 88' lang='lat' dir='ltr'><strong>unum</strong></span> <span class='ocrx_word' id='word_1_292' title='bbox 2261 2469 2380 2507; x_wconf 89' lang='lat' dir='ltr'><strong>rum</strong></span> <span class='ocrx_word' id='word_1_293' title='bbox 2402 2453 2425 2505; x_wconf 68' lang='grc' dir='ltr'><em>ἲ</em></span> 
     </span>
    </p>
   </div>
   <div class='ocr_carea' id='block_1_24' title="bbox 348 2543 3491 2620">
    <p class='ocr_par' dir='ltr' id='par_1_24' title="bbox 348 2543 3491 2620">
     <span class='ocr_line' id='line_1_24' title="bbox 348 2543 3491 2620; baseline 0.002 -20"><span class='ocrx_word' id='word_1_294' title='bbox 348 2544 484 2600; x_wconf 88' lang='lat' dir='ltr'><strong>Sunt</strong></span> <span class='ocrx_word' id='word_1_295' title='bbox 506 2547 641 2614; x_wconf 86' lang='lat' dir='ltr'><strong>duo,</strong></span> <span class='ocrx_word' id='word_1_296' title='bbox 662 2548 789 2603; x_wconf 90' lang='lat' dir='ltr'><strong>dum</strong></span> <span class='ocrx_word' id='word_1_297' title='bbox 815 2549 918 2603; x_wconf 83' lang='lat' dir='ltr'><strong>vita</strong></span> <span class='ocrx_word' id='word_1_298' title='bbox 946 2549 998 2603; x_wconf 93' lang='lat' dir='ltr'><strong>in</strong></span> <span class='ocrx_word' id='word_1_299' title='bbox 1028 2552 1135 2603; x_wconf 86' lang='lat' dir='ltr'><strong>vita</strong></span> <span class='ocrx_word' id='word_1_300' title='bbox 1158 2558 1260 2613; x_wconf 87' lang='lat' dir='ltr'><strong>est.</strong></span> <span class='ocrx_word' id='word_1_301' title='bbox 1296 2552 1347 2605; x_wconf 92' lang='lat' dir='ltr'><strong>in</strong></span> <span class='ocrx_word' id='word_1_302' title='bbox 1373 2553 1572 2607; x_wconf 90' lang='lat' dir='ltr'><strong>lumine</strong></span> <span class='ocrx_word' id='word_1_303' title='bbox 1596 2552 1799 2620; x_wconf 90' lang='lat' dir='ltr'><strong>lumen,</strong></span> <span class='ocrx_word' id='word_1_304' title='bbox 2053 2564 2073 2599; x_wconf 76' lang='grc' dir='ltr'>ι</span> <span class='ocrx_word' id='word_1_305' title='bbox 2102 2545 2219 2605; x_wconf 69' lang='lat' dir='ltr'><strong>Non</strong></span> <span class='ocrx_word' id='word_1_306' title='bbox 2234 2544 2551 2599; x_wconf 74' lang='lat' dir='ltr'><strong>aiilerdives</strong></span> <span class='ocrx_word' id='word_1_307' title='bbox 2565 2559 2725 2613; x_wconf 79' lang='lat' dir='ltr'><strong>quam</strong></span> <span class='ocrx_word' id='word_1_308' title='bbox 2742 2559 2940 2613; x_wconf 68' lang='lat' dir='ltr'><strong>pauper</strong></span> <span class='ocrx_word' id='word_1_309' title='bbox 2954 2543 3392 2606; x_wconf 76' lang='lat' dir='ltr'><strong>nISCiIIIl&#39;.IInum</strong></span> <span class='ocrx_word' id='word_1_310' title='bbox 3406 2550 3491 2599; x_wconf 67' lang='grc' dir='ltr'><strong>εει</strong></span> 
     </span>
    </p>
   </div>
   <div class='ocr_carea' id='block_1_25' title="bbox 227 2634 3381 2715">
    <p class='ocr_par' dir='ltr' id='par_1_25' title="bbox 227 2634 3381 2715">
     <span class='ocr_line' id='line_1_25' title="bbox 227 2634 3381 2715; baseline -0.003 -20"><span class='ocrx_word' id='word_1_311' title='bbox 227 2637 324 2695; x_wconf 72' lang='grc' dir='ltr'><strong>αδ</strong></span> <span class='ocrx_word' id='word_1_312' title='bbox 355 2641 699 2711; x_wconf 81' lang='lat' dir='ltr'><strong>Augmento,</strong></span> <span class='ocrx_word' id='word_1_313' title='bbox 748 2658 854 2696; x_wconf 91' lang='lat' dir='ltr'><strong>non</strong></span> <span class='ocrx_word' id='word_1_314' title='bbox 896 2644 999 2697; x_wconf 82' lang='lat' dir='ltr'><strong>llnc</strong></span> <span class='ocrx_word' id='word_1_315' title='bbox 1029 2643 1298 2711; x_wconf 83' lang='lat' dir='ltr'><strong>hominis;</strong></span> <span class='ocrx_word' id='word_1_316' title='bbox 1331 2659 1436 2713; x_wconf 89' lang='lat' dir='ltr'><strong>quo</strong></span> <span class='ocrx_word' id='word_1_317' title='bbox 1466 2645 1797 2715; x_wconf 68' lang='lat' dir='ltr'><strong>glorilimto,</strong></span> <span class='ocrx_word' id='word_1_318' title='bbox 2053 2658 2073 2691; x_wconf 73' lang='grc' dir='ltr'>ι</span> <span class='ocrx_word' id='word_1_319' title='bbox 2107 2638 2434 2702; x_wconf 77' lang='lat' dir='ltr'><strong>Principium</strong></span> <span class='ocrx_word' id='word_1_320' title='bbox 2463 2636 2637 2691; x_wconf 73' lang='lat' dir='ltr'><strong>servis</strong></span> <span class='ocrx_word' id='word_1_321' title='bbox 2672 2646 2723 2690; x_wconf 89' lang='lat' dir='ltr'><strong>et</strong></span> <span class='ocrx_word' id='word_1_322' title='bbox 2746 2636 2991 2705; x_wconf 80' lang='lat' dir='ltr'><strong>regibus:</strong></span> <span class='ocrx_word' id='word_1_323' title='bbox 3025 2635 3259 2704; x_wconf 87' lang='lat' dir='ltr'><strong>nptitnus</strong></span> <span class='ocrx_word' id='word_1_324' title='bbox 3289 2634 3381 2687; x_wconf 90' lang='lat' dir='ltr'><strong>ille</strong></span> 
     </span>
    </p>
   </div>
   <div class='ocr_carea' id='block_1_26' title="bbox 353 2726 3487 2801">
    <p class='ocr_par' dir='ltr' id='par_1_26' title="bbox 353 2726 3487 2801">
     <span class='ocr_line' id='line_1_26' title="bbox 353 2726 3487 2801; baseline -0.002 -18"><span class='ocrx_word' id='word_1_325' title='bbox 353 2729 441 2786; x_wconf 85' lang='lat' dir='ltr'><strong>Sic</strong></span> <span class='ocrx_word' id='word_1_326' title='bbox 471 2736 661 2798; x_wconf 82' lang='lat' dir='ltr'><strong>homo,</strong></span> <span class='ocrx_word' id='word_1_327' title='bbox 690 2734 767 2787; x_wconf 92' lang='lat' dir='ltr'><strong>sic</strong></span> <span class='ocrx_word' id='word_1_328' title='bbox 800 2736 937 2788; x_wconf 89' lang='lat' dir='ltr'><strong>Dens</strong></span> <span class='ocrx_word' id='word_1_329' title='bbox 966 2750 1049 2801; x_wconf 89' lang='lat' dir='ltr'><strong>es,</strong></span> <span class='ocrx_word' id='word_1_330' title='bbox 1080 2745 1261 2789; x_wconf 86' lang='lat' dir='ltr'><strong>utnon</strong></span> <span class='ocrx_word' id='word_1_331' title='bbox 1293 2737 1367 2789; x_wconf 72' lang='lat' dir='ltr'><strong>sis</strong></span> <span class='ocrx_word' id='word_1_332' title='bbox 1396 2737 1534 2791; x_wconf 89' lang='lat' dir='ltr'><strong>alter</strong></span> <span class='ocrx_word' id='word_1_333' title='bbox 1561 2747 1614 2791; x_wconf 90' lang='lat' dir='ltr'><strong>ct</strong></span> <span class='ocrx_word' id='word_1_334' title='bbox 1639 2738 1796 2792; x_wconf 87' lang='lat' dir='ltr'><strong>alter.</strong></span> <span class='ocrx_word' id='word_1_335' title='bbox 1906 2729 2015 2787; x_wconf 80' lang='lat'><strong>585</strong></span> <span class='ocrx_word' id='word_1_336' title='bbox 2056 2748 2076 2782; x_wconf 71' lang='grc' dir='ltr'><strong><em>ι</em></strong></span> <span class='ocrx_word' id='word_1_337' title='bbox 2108 2730 2745 2798; x_wconf 69' lang='lat' dir='ltr'><strong>Nonplusacct-pitquam</strong></span> <span class='ocrx_word' id='word_1_338' title='bbox 2769 2728 3232 2795; x_wconf 57' lang='lat' dir='ltr'><strong>pessintusmqtta</strong></span> <span class='ocrx_word' id='word_1_339' title='bbox 3252 2726 3487 2779; x_wconf 89' lang='lat' dir='ltr'><strong>creantis</strong></span> 
     </span>
    </p>
   </div>
   <div class='ocr_carea' id='block_1_27' title="bbox 346 2820 3482 2901">
    <p class='ocr_par' dir='ltr' id='par_1_27' title="bbox 346 2820 3482 2901">
     <span class='ocr_line' id='line_1_27' title="bbox 346 2820 3482 2901; baseline -0.005 -17"><span class='ocrx_word' id='word_1_340' title='bbox 346 2821 570 2895; x_wconf 70' lang='lat' dir='ltr'><strong>Nosque</strong></span> <span class='ocrx_word' id='word_1_341' title='bbox 597 2826 664 2879; x_wconf 75' lang='lat' dir='ltr'><strong>ad</strong></span> <span class='ocrx_word' id='word_1_342' title='bbox 694 2834 745 2879; x_wconf 82' lang='lat' dir='ltr'><strong>te</strong></span> <span class='ocrx_word' id='word_1_343' title='bbox 775 2827 1030 2896; x_wconf 80' lang='lat' dir='ltr'><strong>irejubes</strong></span> <span class='ocrx_word' id='word_1_344' title='bbox 1057 2842 1295 2895; x_wconf 82' lang='lat' dir='ltr'><strong>sursum,</strong></span> <span class='ocrx_word' id='word_1_345' title='bbox 1327 2840 1613 2899; x_wconf 89' lang='lat' dir='ltr'><strong>tecumque</strong></span> <span class='ocrx_word' id='word_1_346' title='bbox 1640 2833 1797 2901; x_wconf 80' lang='lat' dir='ltr'><strong>potiri</strong></span> <span class='ocrx_word' id='word_1_347' title='bbox 2049 2840 2069 2874; x_wconf 74' lang='grc' dir='ltr'>ι</span> <span class='ocrx_word' id='word_1_348' title='bbox 2118 2822 2364 2876; x_wconf 77' lang='lat' dir='ltr'><strong>Mensura</strong></span> <span class='ocrx_word' id='word_1_349' title='bbox 2396 2829 2498 2888; x_wconf 85' lang='lat' dir='ltr'><strong>est,</strong></span> <span class='ocrx_word' id='word_1_350' title='bbox 2534 2835 2640 2873; x_wconf 92' lang='lat' dir='ltr'><strong>uno</strong></span> <span class='ocrx_word' id='word_1_351' title='bbox 2665 2820 2755 2887; x_wconf 83' lang='lat' dir='ltr'><strong>qui</strong></span> <span class='ocrx_word' id='word_1_352' title='bbox 2788 2820 2989 2873; x_wconf 86' lang='lat' dir='ltr'><strong>lumine</strong></span> <span class='ocrx_word' id='word_1_353' title='bbox 3019 2820 3245 2875; x_wconf 82' lang='lat' dir='ltr'><strong>luminat</strong></span> <span class='ocrx_word' id='word_1_354' title='bbox 3273 2831 3482 2871; x_wconf 89' lang='lat' dir='ltr'><strong>omnes.</strong></span> 
     </span>
    </p>
   </div>
   <div class='ocr_carea' id='block_1_28' title="bbox 345 2909 3412 2991">
    <p class='ocr_par' dir='ltr' id='par_1_28' title="bbox 345 2909 3412 2991">
     <span class='ocr_line' id='line_1_28' title="bbox 345 2909 3412 2991; baseline -0.003 -22"><span class='ocrx_word' id='word_1_355' title='bbox 345 2914 494 2970; x_wconf 82' lang='lat' dir='ltr'><strong>Luce</strong></span> <span class='ocrx_word' id='word_1_356' title='bbox 530 2927 616 2971; x_wconf 90' lang='lat' dir='ltr'><strong>tua</strong></span> <span class='ocrx_word' id='word_1_357' title='bbox 652 2934 664 2971; x_wconf 90' lang='lat'><strong>:</strong></span> <span class='ocrx_word' id='word_1_358' title='bbox 696 2918 742 2972; x_wconf 88' lang='lat' dir='ltr'><strong>si</strong></span> <span class='ocrx_word' id='word_1_359' title='bbox 769 2919 905 2973; x_wconf 85' lang='lat' dir='ltr'><strong>calle</strong></span> <span class='ocrx_word' id='word_1_360' title='bbox 936 2929 1110 2975; x_wconf 88' lang='lat' dir='ltr'><strong>tamen</strong></span> <span class='ocrx_word' id='word_1_361' title='bbox 1139 2936 1421 2977; x_wconf 89' lang='lat' dir='ltr'><strong>curramus</strong></span> <span class='ocrx_word' id='word_1_362' title='bbox 1451 2925 1663 2991; x_wconf 84' lang='lat' dir='ltr'><strong>eodem,</strong></span> <span class='ocrx_word' id='word_1_363' title='bbox 2040 2914 2144 2969; x_wconf 93' lang='lat' dir='ltr'><strong>Sed</strong></span> <span class='ocrx_word' id='word_1_364' title='bbox 2177 2916 2433 2967; x_wconf 81' lang='lat' dir='ltr'><strong>mundum</strong></span> <span class='ocrx_word' id='word_1_365' title='bbox 2460 2911 2689 2981; x_wconf 89' lang='lat' dir='ltr'><strong>ingressi</strong></span> <span class='ocrx_word' id='word_1_366' title='bbox 2718 2911 2884 2965; x_wconf 88' lang='lat' dir='ltr'><strong>variis</strong></span> <span class='ocrx_word' id='word_1_367' title='bbox 2908 2925 3090 2964; x_wconf 88' lang='lat' dir='ltr'><strong>rerum</strong></span> <span class='ocrx_word' id='word_1_368' title='bbox 3128 2909 3412 2978; x_wconf 76' lang='lat' dir='ltr'><strong>speciebus</strong></span> 
     </span>
    </p>
   </div>
   <div class='ocr_carea' id='block_1_29' title="bbox 346 3003 3483 3081">
    <p class='ocr_par' dir='ltr' id='par_1_29' title="bbox 346 3003 3483 3081">
     <span class='ocr_line' id='line_1_29' title="bbox 346 3003 3483 3081; baseline -0.002 -18"><span class='ocrx_word' id='word_1_369' title='bbox 346 3006 548 3065; x_wconf 78' lang='lat' dir='ltr'><strong>Edocti</strong></span> <span class='ocrx_word' id='word_1_370' title='bbox 579 3027 684 3064; x_wconf 88' lang='lat' dir='ltr'><strong>non</strong></span> <span class='ocrx_word' id='word_1_371' title='bbox 709 3026 869 3081; x_wconf 87' lang='lat' dir='ltr'><strong>posse</strong></span> <span class='ocrx_word' id='word_1_372' title='bbox 894 3011 1015 3081; x_wconf 87' lang='lat' dir='ltr'><strong>capi</strong></span> <span class='ocrx_word' id='word_1_373' title='bbox 1038 3014 1137 3067; x_wconf 88' lang='lat' dir='ltr'><strong>nisi</strong></span> <span class='ocrx_word' id='word_1_374' title='bbox 1166 3014 1232 3068; x_wconf 87' lang='lat' dir='ltr'><strong>de</strong></span> <span class='ocrx_word' id='word_1_375' title='bbox 1262 3028 1422 3068; x_wconf 91' lang='lat' dir='ltr'><strong>cruce</strong></span> <span class='ocrx_word' id='word_1_376' title='bbox 1452 3016 1667 3070; x_wconf 78' lang='grc' dir='ltr'><strong>ρωιιηη.</strong></span> <span class='ocrx_word' id='word_1_377' title='bbox 2041 3007 2379 3077; x_wconf 87' lang='lat' dir='ltr'><strong>Suscipituur</strong></span> <span class='ocrx_word' id='word_1_378' title='bbox 2406 3050 2421 3073; x_wconf 94' lang='lat'><strong>,</strong></span> <span class='ocrx_word' id='word_1_379' title='bbox 2484 3014 2830 3074; x_wconf 80' lang='lat' dir='ltr'><strong>mentemque</strong></span> <span class='ocrx_word' id='word_1_380' title='bbox 2876 3003 3077 3060; x_wconf 83' lang='lat' dir='ltr'><strong>adeunt</strong></span> <span class='ocrx_word' id='word_1_381' title='bbox 3132 3016 3483 3072; x_wconf 70' lang='lat' dir='ltr'><strong>quacumque</strong></span> 
     </span>
    </p>
   </div>
   <div class='ocr_carea' id='block_1_30' title="bbox 219 3096 2530 3180">
    <p class='ocr_par' dir='ltr' id='par_1_30' title="bbox 219 3096 2530 3180">
     <span class='ocr_line' id='line_1_30' title="bbox 219 3096 2530 3180; baseline 0.003 -23"><span class='ocrx_word' id='word_1_382' title='bbox 219 3096 316 3157; x_wconf 68' lang='lat'><strong>“0</strong></span> <span class='ocrx_word' id='word_1_383' title='bbox 421 3121 444 3157; x_wconf 71' lang='grc' dir='ltr'>ι</span> <span class='ocrx_word' id='word_1_384' title='bbox 483 3107 510 3131; x_wconf 84' lang='grc'><strong>·</strong></span> <span class='ocrx_word' id='word_1_385' title='bbox 538 3104 715 3160; x_wconf 67' lang='lat' dir='ltr'><strong>Jun:</strong></span> <span class='ocrx_word' id='word_1_386' title='bbox 748 3106 841 3161; x_wconf 87' lang='lat' dir='ltr'><strong>Dei</strong></span> <span class='ocrx_word' id='word_1_387' title='bbox 866 3096 1177 3177; x_wconf 80' lang='lat' dir='ltr'><strong>compertus</strong></span> <span class='ocrx_word' id='word_1_388' title='bbox 1202 3122 1378 3175; x_wconf 90' lang='lat' dir='ltr'><strong>amor,</strong></span> <span class='ocrx_word' id='word_1_389' title='bbox 1414 3108 1713 3180; x_wconf 82' lang='lat' dir='ltr'><strong>diﬁ&#39;usaque</strong></span> <span class='ocrx_word' id='word_1_390' title='bbox 1742 3110 1793 3166; x_wconf 92' lang='lat' dir='ltr'><strong>in</strong></span> <span class='ocrx_word' id='word_1_391' title='bbox 2255 3099 2530 3165; x_wconf 69' lang='grc' dir='ltr'><strong>νίάεηιυνν</strong></span> 
     </span>
    </p>
   </div>
   <div class='ocr_carea' id='block_1_31' title="bbox 559 3188 3482 3257">
    <p class='ocr_par' dir='ltr' id='par_1_31' title="bbox 559 3188 3482 3257">
     <span class='ocr_line' id='line_1_31' title="bbox 559 3188 3482 3257; baseline -0.003 -6"><span class='ocrx_word' id='word_1_392' title='bbox 559 3211 749 3252; x_wconf 90' lang='lat' dir='ltr'><strong>omnes</strong></span> <span class='ocrx_word' id='word_1_393' title='bbox 2038 3195 2253 3251; x_wconf 80' lang='lat' dir='ltr'><strong>Judicio</strong></span> <span class='ocrx_word' id='word_1_394' title='bbox 2274 3194 2541 3250; x_wconf 60' lang='lat' dir='ltr'><strong>censenda</strong></span> <span class='ocrx_word' id='word_1_395' title='bbox 2567 3190 2835 3248; x_wconf 83' lang='lat' dir='ltr'><strong>hominis:</strong></span> <span class='ocrx_word' id='word_1_396' title='bbox 2860 3197 3005 3245; x_wconf 87' lang='lat' dir='ltr'><strong>stant</strong></span> <span class='ocrx_word' id='word_1_397' title='bbox 3032 3189 3269 3257; x_wconf 83' lang='lat' dir='ltr'><strong>undique</strong></span> <span class='ocrx_word' id='word_1_398' title='bbox 3296 3188 3482 3243; x_wconf 73' lang='lat' dir='ltr'><strong>forma:</strong></span> 
     </span>
    </p>
   </div>
   <div class='ocr_carea' id='block_1_32' title="bbox 344 3276 3479 3359">
    <p class='ocr_par' dir='ltr' id='par_1_32' title="bbox 344 3276 3479 3359">
     <span class='ocr_line' id='line_1_32' title="bbox 344 3276 3479 3359; baseline -0.002 -18"><span class='ocrx_word' id='word_1_399' title='bbox 344 3304 366 3341; x_wconf 73' lang='grc' dir='ltr'>ι</span> <span class='ocrx_word' id='word_1_400' title='bbox 396 3287 545 3345; x_wconf 85' lang='lat' dir='ltr'><strong>Cura</strong></span> <span class='ocrx_word' id='word_1_401' title='bbox 577 3288 754 3359; x_wconf 71' lang='lat' dir='ltr'><strong>patet?</strong></span> <span class='ocrx_word' id='word_1_402' title='bbox 784 3300 970 3345; x_wconf 90' lang='lat' dir='ltr'><strong>notum</strong></span> <span class='ocrx_word' id='word_1_403' title='bbox 995 3297 1050 3345; x_wconf 91' lang='lat' dir='ltr'><strong>et</strong></span> <span class='ocrx_word' id='word_1_404' title='bbox 1078 3292 1287 3347; x_wconf 88' lang='lat' dir='ltr'><strong>cunctis</strong></span> <span class='ocrx_word' id='word_1_405' title='bbox 1319 3300 1495 3348; x_wconf 88' lang='lat' dir='ltr'><strong>astare</strong></span> <span class='ocrx_word' id='word_1_406' title='bbox 1524 3294 1791 3350; x_wconf 73' lang='lat' dir='ltr'><strong>salutem?</strong></span> <span class='ocrx_word' id='word_1_407' title='bbox 1821 3276 1865 3337; x_wconf 61' lang='grc' dir='ltr'><strong>(ἶ</strong></span> <span class='ocrx_word' id='word_1_408' title='bbox 1898 3288 2004 3345; x_wconf 85' lang='grc'>590</span> <span class='ocrx_word' id='word_1_409' title='bbox 2042 3289 2368 3347; x_wconf 66' lang='lat' dir='ltr'><strong>Innumeras.</strong></span> <span class='ocrx_word' id='word_1_410' title='bbox 2388 3298 2717 3357; x_wconf 71' lang='lat' dir='ltr'><strong>possuntque</strong></span> <span class='ocrx_word' id='word_1_411' title='bbox 2732 3300 2919 3343; x_wconf 89' lang='lat' dir='ltr'><strong>omnes</strong></span> <span class='ocrx_word' id='word_1_412' title='bbox 2936 3284 3229 3352; x_wconf 82' lang='lat' dir='ltr'><strong>spectando</strong></span> <span class='ocrx_word' id='word_1_413' title='bbox 3243 3280 3479 3351; x_wconf 80' lang='lat' dir='ltr'><strong>probari.</strong></span> 
     </span>
    </p>
   </div>
   <div class='ocr_carea' id='block_1_33' title="bbox 341 3376 3477 3457">
    <p class='ocr_par' dir='ltr' id='par_1_33' title="bbox 341 3376 3477 3457">
     <span class='ocr_line' id='line_1_33' title="bbox 341 3376 3477 3457; baseline -0.003 -24"><span class='ocrx_word' id='word_1_414' title='bbox 341 3395 364 3433; x_wconf 69' lang='grc' dir='ltr'>ι</span> <span class='ocrx_word' id='word_1_415' title='bbox 398 3380 469 3437; x_wconf 77' lang='lat' dir='ltr'><strong>Et</strong></span> <span class='ocrx_word' id='word_1_416' title='bbox 492 3388 694 3446; x_wconf 84' lang='lat' dir='ltr'><strong>tamen,</strong></span> <span class='ocrx_word' id='word_1_417' title='bbox 722 3382 855 3439; x_wconf 83' lang='lat' dir='ltr'><strong>heu!</strong></span> <span class='ocrx_word' id='word_1_418' title='bbox 879 3397 1063 3438; x_wconf 85' lang='lat' dir='ltr'><strong>rursus</strong></span> <span class='ocrx_word' id='word_1_419' title='bbox 1084 3384 1343 3454; x_wconf 87' lang='lat' dir='ltr'><strong>querulis,</strong></span> <span class='ocrx_word' id='word_1_420' title='bbox 1368 3382 1552 3450; x_wconf 87' lang='lat' dir='ltr'><strong>homo,</strong></span> <span class='ocrx_word' id='word_1_421' title='bbox 1579 3388 1788 3457; x_wconf 85' lang='lat' dir='ltr'><strong>garrula</strong></span> <span class='ocrx_word' id='word_1_422' title='bbox 2036 3382 2295 3448; x_wconf 68' lang='lat' dir='ltr'><strong>Quaedam</strong></span> <span class='ocrx_word' id='word_1_423' title='bbox 2324 3390 2486 3435; x_wconf 72' lang='lat' dir='ltr'><strong>etiam</strong></span> <span class='ocrx_word' id='word_1_424' title='bbox 2515 3379 2722 3448; x_wconf 84' lang='lat' dir='ltr'><strong>patulas</strong></span> <span class='ocrx_word' id='word_1_425' title='bbox 2742 3376 3154 3449; x_wconf 80' lang='lat' dir='ltr'><strong>intrantstipata</strong></span> <span class='ocrx_word' id='word_1_426' title='bbox 3179 3389 3275 3443; x_wconf 86' lang='lat' dir='ltr'><strong>per</strong></span> <span class='ocrx_word' id='word_1_427' title='bbox 3298 3386 3477 3437; x_wconf 87' lang='lat' dir='ltr'><strong>aures,</strong></span> 
     </span>
    </p>
   </div>
   <div class='ocr_carea' id='block_1_34' title="bbox 559 3471 3479 3534">
    <p class='ocr_par' dir='ltr' id='par_1_34' title="bbox 559 3471 3479 3534">
     <span class='ocr_line' id='line_1_34' title="bbox 559 3471 3479 3534; baseline -0.003 -8"><span class='ocrx_word' id='word_1_428' title='bbox 559 3474 740 3527; x_wconf 82' lang='lat' dir='ltr'><strong>verbis</strong></span> <span class='ocrx_word' id='word_1_429' title='bbox 2033 3476 2260 3529; x_wconf 84' lang='lat' dir='ltr'><strong>Errores</strong></span> <span class='ocrx_word' id='word_1_430' title='bbox 2291 3484 2534 3527; x_wconf 89' lang='lat' dir='ltr'><strong>veterum</strong></span> <span class='ocrx_word' id='word_1_431' title='bbox 2577 3472 2910 3533; x_wconf 88' lang='lat' dir='ltr'><strong>studiorum,</strong></span> <span class='ocrx_word' id='word_1_432' title='bbox 2940 3478 2997 3523; x_wconf 80' lang='lat' dir='ltr'><strong>et</strong></span> <span class='ocrx_word' id='word_1_433' title='bbox 3026 3483 3158 3521; x_wconf 89' lang='lat' dir='ltr'><strong>vana</strong></span> <span class='ocrx_word' id='word_1_434' title='bbox 3194 3471 3479 3534; x_wconf 80' lang='lat' dir='ltr'><strong>parentum</strong></span> 
     </span>
    </p>
   </div>
   <div class='ocr_carea' id='block_1_35' title="bbox 346 3557 3406 3640">
    <p class='ocr_par' dir='ltr' id='par_1_35' title="bbox 346 3557 3406 3640">
     <span class='ocr_line' id='line_1_35' title="bbox 346 3557 3406 3640; baseline -0.004 -18"><span class='ocrx_word' id='word_1_435' title='bbox 346 3586 369 3622; x_wconf 71' lang='grc' dir='ltr'><strong>ε</strong></span> <span class='ocrx_word' id='word_1_436' title='bbox 404 3568 564 3624; x_wconf 76' lang='lat' dir='ltr'><strong>Bella</strong></span> <span class='ocrx_word' id='word_1_437' title='bbox 596 3583 801 3633; x_wconf 83' lang='lat' dir='ltr'><strong>mores,</strong></span> <span class='ocrx_word' id='word_1_438' title='bbox 827 3567 1126 3638; x_wconf 65' lang='lat' dir='ltr'><strong>iaculisque</strong></span> <span class='ocrx_word' id='word_1_439' title='bbox 1154 3567 1260 3623; x_wconf 90' lang='lat' dir='ltr'><strong>tuis</strong></span> <span class='ocrx_word' id='word_1_440' title='bbox 1291 3576 1380 3623; x_wconf 89' lang='lat' dir='ltr'><strong>tua</strong></span> <span class='ocrx_word' id='word_1_441' title='bbox 1406 3570 1613 3624; x_wconf 86' lang='lat' dir='ltr'><strong>viscera</strong></span> <span class='ocrx_word' id='word_1_442' title='bbox 1648 3570 1784 3640; x_wconf 83' lang='lat' dir='ltr'><strong>ﬁgis.</strong></span> <span class='ocrx_word' id='word_1_443' title='bbox 2032 3565 2313 3634; x_wconf 78' lang='lat' dir='ltr'><strong>Dogmata,</strong></span> <span class='ocrx_word' id='word_1_444' title='bbox 2354 3580 2473 3618; x_wconf 89' lang='lat' dir='ltr'><strong>cum</strong></span> <span class='ocrx_word' id='word_1_445' title='bbox 2503 3564 2734 3629; x_wconf 79' lang='lat' dir='ltr'><strong>quodam</strong></span> <span class='ocrx_word' id='word_1_446' title='bbox 2764 3563 2885 3615; x_wconf 80' lang='lat' dir='ltr'><strong>luco</strong></span> <span class='ocrx_word' id='word_1_447' title='bbox 2911 3560 3237 3615; x_wconf 79' lang='lat' dir='ltr'><strong>ostentantia</strong></span> <span class='ocrx_word' id='word_1_448' title='bbox 3269 3557 3406 3617; x_wconf 80' lang='lat' dir='ltr'><strong>veri.</strong></span> 
     </span>
    </p>
   </div>
   <div class='ocr_carea' id='block_1_36' title="bbox 338 3652 3403 3718">
    <p class='ocr_par' dir='ltr' id='par_1_36' title="bbox 338 3652 3403 3718">
     <span class='ocr_line' id='line_1_36' title="bbox 338 3652 3403 3718; baseline -0.003 -4"><span class='ocrx_word' id='word_1_449' title='bbox 338 3677 361 3714; x_wconf 70' lang='grc' dir='ltr'>ι</span> <span class='ocrx_word' id='word_1_450' title='bbox 394 3659 515 3717; x_wconf 84' lang='lat' dir='ltr'><strong>Cur</strong></span> <span class='ocrx_word' id='word_1_451' title='bbox 554 3676 660 3715; x_wconf 90' lang='lat' dir='ltr'><strong>non</strong></span> <span class='ocrx_word' id='word_1_452' title='bbox 698 3675 815 3714; x_wconf 89' lang='lat' dir='ltr'><strong>sum</strong></span> <span class='ocrx_word' id='word_1_453' title='bbox 858 3659 1064 3713; x_wconf 80' lang='lat' dir='ltr'><strong>bonus?</strong></span> <span class='ocrx_word' id='word_1_454' title='bbox 1096 3657 1200 3714; x_wconf 86' lang='lat' dir='ltr'><strong>hoc</strong></span> <span class='ocrx_word' id='word_1_455' title='bbox 1231 3674 1334 3714; x_wconf 89' lang='lat' dir='ltr'><strong>non</strong></span> <span class='ocrx_word' id='word_1_456' title='bbox 1368 3660 1472 3713; x_wconf 86' lang='lat' dir='ltr'><strong>vis.</strong></span> <span class='ocrx_word' id='word_1_457' title='bbox 1515 3658 1623 3713; x_wconf 87' lang='lat' dir='ltr'><strong>Cur</strong></span> <span class='ocrx_word' id='word_1_458' title='bbox 1667 3676 1785 3715; x_wconf 89' lang='lat' dir='ltr'><strong>sum</strong></span> <span class='ocrx_word' id='word_1_459' title='bbox 2034 3660 2161 3715; x_wconf 60' lang='lat' dir='ltr'><strong>&quot;ac</strong></span> <span class='ocrx_word' id='word_1_460' title='bbox 2189 3659 2458 3714; x_wconf 78' lang='lat' dir='ltr'><strong>modulata</strong></span> <span class='ocrx_word' id='word_1_461' title='bbox 2493 3672 2630 3711; x_wconf 90' lang='lat' dir='ltr'><strong>sono</strong></span> <span class='ocrx_word' id='word_1_462' title='bbox 2659 3654 2903 3718; x_wconf 89' lang='lat' dir='ltr'><strong>veniunt,</strong></span> <span class='ocrx_word' id='word_1_463' title='bbox 2938 3652 3053 3713; x_wconf 61' lang='lat' dir='ltr'><strong>hac</strong></span> <span class='ocrx_word' id='word_1_464' title='bbox 3079 3652 3211 3705; x_wconf 91' lang='lat' dir='ltr'><strong>levia</strong></span> <span class='ocrx_word' id='word_1_465' title='bbox 3236 3659 3403 3711; x_wconf 89' lang='lat' dir='ltr'><strong>tactu.</strong></span> 
     </span>
    </p>
   </div>
   <div class='ocr_carea' id='block_1_37' title="bbox 557 3742 3295 3810">
    <p class='ocr_par' dir='ltr' id='par_1_37' title="bbox 557 3742 3295 3810">
     <span class='ocr_line' id='line_1_37' title="bbox 557 3742 3295 3810; baseline -0.007 5"><span class='ocrx_word' id='word_1_466' title='bbox 557 3753 768 3808; x_wconf 64' lang='lat' dir='ltr'><strong>malim?</strong></span> <span class='ocrx_word' id='word_1_467' title='bbox 791 3752 894 3807; x_wconf 76' lang='lat' dir='ltr'><strong>hoc</strong></span> <span class='ocrx_word' id='word_1_468' title='bbox 922 3753 1022 3806; x_wconf 72' lang='lat' dir='ltr'><strong>Vis-</strong></span> <span class='ocrx_word' id='word_1_469' title='bbox 1890 3752 2002 3810; x_wconf 72' lang='lat'><strong>595</strong></span> <span class='ocrx_word' id='word_1_470' title='bbox 2042 3752 2166 3807; x_wconf 75' lang='lat' dir='ltr'><strong>Hzcc</strong></span> <span class='ocrx_word' id='word_1_471' title='bbox 2198 3749 2407 3806; x_wconf 79' lang='lat' dir='ltr'><strong>blandis</strong></span> <span class='ocrx_word' id='word_1_472' title='bbox 2439 3749 2544 3802; x_wconf 85' lang='lat' dir='ltr'><strong>late</strong></span> <span class='ocrx_word' id='word_1_473' title='bbox 2577 3747 2871 3801; x_wconf 80' lang='lat' dir='ltr'><strong>funduntur</strong></span> <span class='ocrx_word' id='word_1_474' title='bbox 2898 3744 3176 3809; x_wconf 84' lang='lat' dir='ltr'><strong>odoribus,</strong></span> <span class='ocrx_word' id='word_1_475' title='bbox 3207 3742 3295 3796; x_wconf 90' lang='lat' dir='ltr'><strong>illa</strong></span> 
     </span>
    </p>
   </div>
   <div class='ocr_carea' id='block_1_38' title="bbox 205 3838 3296 3925">
    <p class='ocr_par' dir='ltr' id='par_1_38' title="bbox 205 3838 3296 3925">
     <span class='ocr_line' id='line_1_38' title="bbox 205 3838 3296 3925; baseline -0.005 -22"><span class='ocrx_word' id='word_1_476' title='bbox 205 3844 306 3925; x_wconf 50' lang='lat'><strong>{55</strong></span> <span class='ocrx_word' id='word_1_477' title='bbox 344 3864 369 3902; x_wconf 73' lang='grc' dir='ltr'><em>α</em></span> <span class='ocrx_word' id='word_1_478' title='bbox 394 3847 513 3905; x_wconf 87' lang='lat' dir='ltr'><strong>Cur</strong></span> <span class='ocrx_word' id='word_1_479' title='bbox 531 3847 655 3902; x_wconf 90' lang='lat' dir='ltr'><strong>volo</strong></span> <span class='ocrx_word' id='word_1_480' title='bbox 674 3862 794 3918; x_wconf 67' lang='lat' dir='ltr'><strong>quae</strong></span> <span class='ocrx_word' id='word_1_481' title='bbox 818 3846 956 3901; x_wconf 88' lang='lat' dir='ltr'><strong>mala</strong></span> <span class='ocrx_word' id='word_1_482' title='bbox 979 3855 1125 3914; x_wconf 84' lang='lat' dir='ltr'><strong>sunt,</strong></span> <span class='ocrx_word' id='word_1_483' title='bbox 1158 3854 1212 3902; x_wconf 91' lang='lat' dir='ltr'><strong>et</strong></span> <span class='ocrx_word' id='word_1_484' title='bbox 1232 3862 1328 3901; x_wconf 87' lang='lat' dir='ltr'><strong>cur</strong></span> <span class='ocrx_word' id='word_1_485' title='bbox 1352 3863 1472 3915; x_wconf 77' lang='lat' dir='ltr'><strong>qua:</strong></span> <span class='ocrx_word' id='word_1_486' title='bbox 1497 3857 1620 3902; x_wconf 91' lang='lat' dir='ltr'><strong>sunt</strong></span> <span class='ocrx_word' id='word_1_487' title='bbox 1647 3848 1786 3904; x_wconf 91' lang='lat' dir='ltr'><strong>bona</strong></span> <span class='ocrx_word' id='word_1_488' title='bbox 2034 3845 2337 3904; x_wconf 86' lang='lat' dir='ltr'><strong>Conciliant</strong></span> <span class='ocrx_word' id='word_1_489' title='bbox 2358 3844 2533 3898; x_wconf 89' lang='lat' dir='ltr'><strong>varias</strong></span> <span class='ocrx_word' id='word_1_490' title='bbox 2562 3841 2612 3895; x_wconf 89' lang='lat' dir='ltr'><strong>in</strong></span> <span class='ocrx_word' id='word_1_491' title='bbox 2644 3840 2791 3894; x_wconf 90' lang='lat' dir='ltr'><strong>mille</strong></span> <span class='ocrx_word' id='word_1_492' title='bbox 2813 3838 3095 3907; x_wconf 74' lang='lat' dir='ltr'><strong>saporibus</strong></span> <span class='ocrx_word' id='word_1_493' title='bbox 3120 3850 3296 3891; x_wconf 83' lang='lat' dir='ltr'><strong>escas.</strong></span> 
     </span>
    </p>
   </div>
   <div class='ocr_carea' id='block_1_39' title="bbox 551 3928 3473 4009">
    <p class='ocr_par' dir='ltr' id='par_1_39' title="bbox 551 3928 3473 4009">
     <span class='ocr_line' id='line_1_39' title="bbox 551 3928 3473 4009; baseline -0.005 -12"><span class='ocrx_word' id='word_1_494' title='bbox 551 3942 715 3999; x_wconf 76' lang='lat' dir='ltr'><strong>nolo?</strong></span> <span class='ocrx_word' id='word_1_495' title='bbox 2030 3940 2219 4009; x_wconf 77' lang='lat' dir='ltr'><strong>Magno</strong></span> <span class='ocrx_word' id='word_1_496' title='bbox 2251 3952 2382 4004; x_wconf 89' lang='lat' dir='ltr'><strong>ergo</strong></span> <span class='ocrx_word' id='word_1_497' title='bbox 2415 3937 2527 3989; x_wconf 66' lang='lat' dir='ltr'><strong>huic</strong></span> <span class='ocrx_word' id='word_1_498' title='bbox 2570 3932 2773 3987; x_wconf 87' lang='lat' dir='ltr'><strong>homini</strong></span> <span class='ocrx_word' id='word_1_499' title='bbox 2817 3938 2948 3985; x_wconf 87' lang='lat' dir='ltr'><strong>sunt</strong></span> <span class='ocrx_word' id='word_1_500' title='bbox 2981 3928 3336 3985; x_wconf 85' lang='lat' dir='ltr'><strong>discernenda</strong></span> <span class='ocrx_word' id='word_1_501' title='bbox 3378 3941 3473 3998; x_wconf 81' lang='lat' dir='ltr'><strong>pe-</strong></span> 
     </span>
    </p>
   </div>
   <div class='ocr_carea' id='block_1_40' title="bbox 330 4032 2416 4107">
    <p class='ocr_par' dir='ltr' id='par_1_40' title="bbox 330 4032 2416 4107">
     <span class='ocr_line' id='line_1_40' title="bbox 330 4032 2416 4107; baseline -0.003 -16"><span class='ocrx_word' id='word_1_502' title='bbox 330 4052 356 4091; x_wconf 77' lang='lat' dir='ltr'><strong>s</strong></span> <span class='ocrx_word' id='word_1_503' title='bbox 392 4036 565 4093; x_wconf 87' lang='lat' dir='ltr'><strong>Liber</strong></span> <span class='ocrx_word' id='word_1_504' title='bbox 598 4052 657 4092; x_wconf 91' lang='lat' dir='ltr'><strong>es</strong></span> <span class='ocrx_word' id='word_1_505' title='bbox 701 4054 716 4091; x_wconf 90' lang='lat'><strong>:</strong></span> <span class='ocrx_word' id='word_1_506' title='bbox 763 4035 860 4093; x_wconf 89' lang='lat' dir='ltr'><strong>sed</strong></span> <span class='ocrx_word' id='word_1_507' title='bbox 905 4050 1027 4091; x_wconf 91' lang='lat' dir='ltr'><strong>cum</strong></span> <span class='ocrx_word' id='word_1_508' title='bbox 1066 4044 1211 4091; x_wconf 90' lang='lat' dir='ltr'><strong>recta</strong></span> <span class='ocrx_word' id='word_1_509' title='bbox 1262 4051 1431 4107; x_wconf 88' lang='lat' dir='ltr'><strong>queas</strong></span> <span class='ocrx_word' id='word_1_510' title='bbox 1475 4036 1785 4093; x_wconf 87' lang='lat' dir='ltr'><strong>discernere</strong></span> <span class='ocrx_word' id='word_1_511' title='bbox 2245 4032 2416 4085; x_wconf 84' lang='lat' dir='ltr'><strong>riclo:</strong></span> 
     </span>
    </p>
   </div>
   <div class='ocr_carea' id='block_1_41' title="bbox 549 4115 3469 4198">
    <p class='ocr_par' dir='ltr' id='par_1_41' title="bbox 549 4115 3469 4198">
     <span class='ocr_line' id='line_1_41' title="bbox 549 4115 3469 4198; baseline -0.005 -15"><span class='ocrx_word' id='word_1_512' title='bbox 549 4127 761 4198; x_wconf 81' lang='lat' dir='ltr'><strong>pravis,</strong></span> <span class='ocrx_word' id='word_1_513' title='bbox 2028 4125 2104 4182; x_wconf 77' lang='lat' dir='ltr'><strong>Ne</strong></span> <span class='ocrx_word' id='word_1_514' title='bbox 2132 4124 2353 4179; x_wconf 89' lang='lat' dir='ltr'><strong>nimium</strong></span> <span class='ocrx_word' id='word_1_515' title='bbox 2382 4120 2623 4189; x_wconf 80' lang='lat' dir='ltr'><strong>trepidus</strong></span> <span class='ocrx_word' id='word_1_516' title='bbox 2652 4117 2853 4173; x_wconf 90' lang='lat' dir='ltr'><strong>nullum</strong></span> <span class='ocrx_word' id='word_1_517' title='bbox 2886 4115 3144 4186; x_wconf 77' lang='lat' dir='ltr'><strong>procedat</strong></span> <span class='ocrx_word' id='word_1_518' title='bbox 3168 4116 3220 4169; x_wconf 93' lang='lat' dir='ltr'><strong>in</strong></span> <span class='ocrx_word' id='word_1_519' title='bbox 3253 4127 3469 4185; x_wconf 66' lang='lat' dir='ltr'><strong>aequor;</strong></span> 
     </span>
    </p>
   </div>
   <div class='ocr_carea' id='block_1_42' title="bbox 330 4209 3341 4289">
    <p class='ocr_par' dir='ltr' id='par_1_42' title="bbox 330 4209 3341 4289">
     <span class='ocr_line' id='line_1_42' title="bbox 330 4209 3341 4289; baseline -0.003 -13"><span class='ocrx_word' id='word_1_520' title='bbox 330 4234 355 4270; x_wconf 74' lang='grc' dir='ltr'><strong><em>ο</em></strong></span> <span class='ocrx_word' id='word_1_521' title='bbox 393 4219 683 4276; x_wconf 75' lang='lat' dir='ltr'><strong>Deterior:</strong></span> <span class='ocrx_word' id='word_1_522' title='bbox 708 4219 863 4289; x_wconf 75' lang='lat' dir='ltr'><strong>legis,</strong></span> <span class='ocrx_word' id='word_1_523' title='bbox 889 4219 1203 4289; x_wconf 84' lang='lat' dir='ltr'><strong>placitisque</strong></span> <span class='ocrx_word' id='word_1_524' title='bbox 1229 4219 1561 4289; x_wconf 82' lang='lat' dir='ltr'><strong>improvidus</strong></span> <span class='ocrx_word' id='word_1_525' title='bbox 1586 4220 1776 4277; x_wconf 69' lang='lat' dir='ltr'><strong>haeres.</strong></span> <span class='ocrx_word' id='word_1_526' title='bbox 2028 4218 2140 4275; x_wconf 77' lang='lat' dir='ltr'><strong>Neu</strong></span> <span class='ocrx_word' id='word_1_527' title='bbox 2165 4232 2329 4285; x_wconf 81' lang='lat' dir='ltr'><strong>vagus</strong></span> <span class='ocrx_word' id='word_1_528' title='bbox 2360 4215 2546 4271; x_wconf 86' lang='lat' dir='ltr'><strong>etl‘nsis</strong></span> <span class='ocrx_word' id='word_1_529' title='bbox 2576 4216 2695 4267; x_wconf 90' lang='lat' dir='ltr'><strong>sine</strong></span> <span class='ocrx_word' id='word_1_530' title='bbox 2725 4214 2839 4281; x_wconf 89' lang='lat' dir='ltr'><strong>lege</strong></span> <span class='ocrx_word' id='word_1_531' title='bbox 2864 4211 3064 4265; x_wconf 79' lang='lat' dir='ltr'><strong>feratur</strong></span> <span class='ocrx_word' id='word_1_532' title='bbox 3094 4209 3341 4263; x_wconf 77' lang='lat' dir='ltr'><strong>habenis.</strong></span> 
     </span>
    </p>
   </div>
   <div class='ocr_carea' id='block_1_43' title="bbox 329 4301 3471 4381">
    <p class='ocr_par' dir='ltr' id='par_1_43' title="bbox 329 4301 3471 4381">
     <span class='ocr_line' id='line_1_43' title="bbox 329 4301 3471 4381; baseline -0.003 -18"><span class='ocrx_word' id='word_1_533' title='bbox 329 4326 352 4363; x_wconf 72' lang='grc' dir='ltr'>ι</span> <span class='ocrx_word' id='word_1_534' title='bbox 391 4311 561 4375; x_wconf 78' lang='lat' dir='ltr'><strong>Erro,</strong></span> <span class='ocrx_word' id='word_1_535' title='bbox 589 4311 692 4374; x_wconf 86' lang='lat' dir='ltr'><strong>ais,</strong></span> <span class='ocrx_word' id='word_1_536' title='bbox 716 4320 773 4366; x_wconf 89' lang='lat' dir='ltr'><strong>et</strong></span> <span class='ocrx_word' id='word_1_537' title='bbox 795 4313 989 4366; x_wconf 83' lang='lat' dir='ltr'><strong>vellem</strong></span> <span class='ocrx_word' id='word_1_538' title='bbox 1016 4328 1122 4365; x_wconf 91' lang='lat' dir='ltr'><strong>non</strong></span> <span class='ocrx_word' id='word_1_539' title='bbox 1154 4327 1313 4381; x_wconf 71' lang='lat' dir='ltr'><strong>posse</strong></span> <span class='ocrx_word' id='word_1_540' title='bbox 1335 4328 1539 4367; x_wconf 89' lang='lat' dir='ltr'><strong>errare.</strong></span> <span class='ocrx_word' id='word_1_541' title='bbox 1568 4314 1783 4370; x_wconf 89' lang='lat' dir='ltr'><strong>Duobus</strong></span> <span class='ocrx_word' id='word_1_542' title='bbox 1886 4312 1993 4369; x_wconf 77' lang='lat'><strong>600</strong></span> <span class='ocrx_word' id='word_1_543' title='bbox 2031 4311 2337 4367; x_wconf 81' lang='lat' dir='ltr'><strong>Estctenim</strong></span> <span class='ocrx_word' id='word_1_544' title='bbox 2361 4316 2578 4362; x_wconf 75' lang='lat' dir='ltr'><strong>sanctus</strong></span> <span class='ocrx_word' id='word_1_545' title='bbox 2594 4321 2770 4361; x_wconf 89' lang='lat' dir='ltr'><strong>rerum</strong></span> <span class='ocrx_word' id='word_1_546' title='bbox 2801 4320 2954 4369; x_wconf 62' lang='lat' dir='ltr'><strong>usus,</strong></span> <span class='ocrx_word' id='word_1_547' title='bbox 2974 4317 3131 4372; x_wconf 87' lang='lat' dir='ltr'><strong>quem</strong></span> <span class='ocrx_word' id='word_1_548' title='bbox 3153 4301 3471 4357; x_wconf 85' lang='lat' dir='ltr'><strong>cohibentes</strong></span> 
     </span>
    </p>
   </div>
   <div class='ocr_carea' id='block_1_44' title="bbox 329 4392 3472 4475">
    <p class='ocr_par' dir='ltr' id='par_1_44' title="bbox 329 4392 3472 4475">
     <span class='ocr_line' id='line_1_44' title="bbox 329 4392 3472 4475; baseline -0.005 -18"><span class='ocrx_word' id='word_1_549' title='bbox 329 4420 351 4456; x_wconf 76' lang='grc' dir='ltr'>ι</span> <span class='ocrx_word' id='word_1_550' title='bbox 391 4402 655 4472; x_wconf 82' lang='lat' dir='ltr'><strong>Subjacet</strong></span> <span class='ocrx_word' id='word_1_551' title='bbox 680 4402 798 4459; x_wconf 64' lang='lat' dir='ltr'><strong>haec</strong></span> <span class='ocrx_word' id='word_1_552' title='bbox 820 4404 958 4458; x_wconf 64' lang='lat' dir='ltr'><strong>tntis</strong></span> <span class='ocrx_word' id='word_1_553' title='bbox 990 4404 1255 4460; x_wconf 87' lang='lat' dir='ltr'><strong>sententia</strong></span> <span class='ocrx_word' id='word_1_554' title='bbox 1287 4421 1302 4458; x_wconf 88' lang='lat'><strong>:</strong></span> <span class='ocrx_word' id='word_1_555' title='bbox 1330 4420 1453 4460; x_wconf 92' lang='lat' dir='ltr'><strong>nam</strong></span> <span class='ocrx_word' id='word_1_556' title='bbox 1485 4407 1698 4475; x_wconf 87' lang='lat' dir='ltr'><strong>penitus</strong></span> <span class='ocrx_word' id='word_1_557' title='bbox 1730 4418 1783 4463; x_wconf 87' lang='lat' dir='ltr'><strong>te</strong></span> <span class='ocrx_word' id='word_1_558' title='bbox 2029 4404 2171 4459; x_wconf 90' lang='lat' dir='ltr'><strong>lntra</strong></span> <span class='ocrx_word' id='word_1_559' title='bbox 2197 4401 2415 4456; x_wconf 90' lang='lat' dir='ltr'><strong>modum</strong></span> <span class='ocrx_word' id='word_1_560' title='bbox 2460 4396 2703 4462; x_wconf 86' lang='lat' dir='ltr'><strong>numeri,</strong></span> <span class='ocrx_word' id='word_1_561' title='bbox 2737 4405 2792 4450; x_wconf 91' lang='lat' dir='ltr'><strong>et</strong></span> <span class='ocrx_word' id='word_1_562' title='bbox 2834 4405 3165 4449; x_wconf 88' lang='lat' dir='ltr'><strong>momentum</strong></span> <span class='ocrx_word' id='word_1_563' title='bbox 3216 4392 3472 4464; x_wconf 88' lang='lat' dir='ltr'><strong>ponderis</strong></span> 
     </span>
    </p>
   </div>
   <div class='ocr_carea' id='block_1_45' title="bbox 187 4488 2400 4569">
    <p class='ocr_par' dir='ltr' id='par_1_45' title="bbox 187 4488 2400 4569">
     <span class='ocr_line' id='line_1_45' title="bbox 187 4488 2400 4569; baseline 0.004 -21"><span class='ocrx_word' id='word_1_564' title='bbox 187 4488 290 4548; x_wconf 71' lang='grc' dir='ltr'><strong>δα)</strong></span> <span class='ocrx_word' id='word_1_565' title='bbox 327 4496 439 4549; x_wconf 76' lang='lat' dir='ltr'><strong>Aut</strong></span> <span class='ocrx_word' id='word_1_566' title='bbox 468 4510 590 4551; x_wconf 89' lang='lat' dir='ltr'><strong>esse</strong></span> <span class='ocrx_word' id='word_1_567' title='bbox 621 4496 927 4552; x_wconf 79' lang='lat' dir='ltr'><strong>examinum</strong></span> <span class='ocrx_word' id='word_1_568' title='bbox 952 4499 1127 4569; x_wconf 85' lang='lat' dir='ltr'><strong>cupis,</strong></span> <span class='ocrx_word' id='word_1_569' title='bbox 1156 4506 1248 4552; x_wconf 88' lang='lat' dir='ltr'><strong>aut</strong></span> <span class='ocrx_word' id='word_1_570' title='bbox 1272 4496 1496 4552; x_wconf 86' lang='lat' dir='ltr'><strong>rationis</strong></span> <span class='ocrx_word' id='word_1_571' title='bbox 1528 4515 1777 4567; x_wconf 88' lang='lat' dir='ltr'><strong>egenum.</strong></span> <span class='ocrx_word' id='word_1_572' title='bbox 2239 4492 2400 4561; x_wconf 70' lang='grc' dir='ltr'><strong>ωιιυί.</strong></span> 
     </span>
    </p>
   </div>
   <div class='ocr_carea' id='block_1_46' title="bbox 327 4574 3393 4661">
    <p class='ocr_par' dir='ltr' id='par_1_46' title="bbox 327 4574 3393 4661">
     <span class='ocr_line' id='line_1_46' title="bbox 327 4574 3393 4661; baseline -0.005 -18"><span class='ocrx_word' id='word_1_573' title='bbox 327 4589 508 4644; x_wconf 80' lang='lat' dir='ltr'><strong>Error</strong></span> <span class='ocrx_word' id='word_1_574' title='bbox 535 4591 680 4643; x_wconf 90' lang='lat' dir='ltr'><strong>enim</strong></span> <span class='ocrx_word' id='word_1_575' title='bbox 709 4599 792 4644; x_wconf 91' lang='lat' dir='ltr'><strong>est</strong></span> <span class='ocrx_word' id='word_1_576' title='bbox 819 4589 935 4661; x_wconf 82' lang='lat' dir='ltr'><strong>ejus</strong></span> <span class='ocrx_word' id='word_1_577' title='bbox 965 4590 1053 4661; x_wconf 90' lang='lat' dir='ltr'><strong>qui</strong></span> <span class='ocrx_word' id='word_1_578' title='bbox 1087 4592 1249 4644; x_wconf 89' lang='lat' dir='ltr'><strong>cessit</strong></span> <span class='ocrx_word' id='word_1_579' title='bbox 1279 4590 1450 4645; x_wconf 89' lang='lat' dir='ltr'><strong>limite</strong></span> <span class='ocrx_word' id='word_1_580' title='bbox 1478 4591 1642 4658; x_wconf 75' lang='lat' dir='ltr'><strong>ret-ti,</strong></span> <span class='ocrx_word' id='word_1_581' title='bbox 1812 4653 1849 4661; x_wconf 77' lang='lat'><strong><em>_</em></strong></span> <span class='ocrx_word' id='word_1_582' title='bbox 2028 4588 2133 4642; x_wconf 90' lang='lat' dir='ltr'><strong>Pro</strong></span> <span class='ocrx_word' id='word_1_583' title='bbox 2157 4586 2363 4641; x_wconf 90' lang='lat' dir='ltr'><strong>cunctis</strong></span> <span class='ocrx_word' id='word_1_584' title='bbox 2394 4581 2497 4637; x_wconf 75' lang='lat' dir='ltr'><strong>soli</strong></span> <span class='ocrx_word' id='word_1_585' title='bbox 2529 4578 2757 4635; x_wconf 90' lang='lat' dir='ltr'><strong>Domino</strong></span> <span class='ocrx_word' id='word_1_586' title='bbox 2783 4576 3073 4632; x_wconf 85' lang='lat' dir='ltr'><strong>reddemus</strong></span> <span class='ocrx_word' id='word_1_587' title='bbox 3107 4574 3393 4631; x_wconf 85' lang='lat' dir='ltr'><strong>honorem.</strong></span> 
     </span>
    </p>
   </div>
   <div class='ocr_carea' id='block_1_47' title="bbox 318 4653 3393 4753">
    <p class='ocr_par' dir='ltr' id='par_1_47' title="bbox 318 4653 3393 4753">
     <span class='ocr_line' id='line_1_47' title="bbox 318 4653 3393 4753; baseline -0.005 -17"><span class='ocrx_word' id='word_1_588' title='bbox 318 4682 542 4751; x_wconf 85' lang='lat' dir='ltr'><strong>Quique</strong></span> <span class='ocrx_word' id='word_1_589' title='bbox 573 4695 750 4753; x_wconf 88' lang='lat' dir='ltr'><strong>potest</strong></span> <span class='ocrx_word' id='word_1_590' title='bbox 778 4682 847 4739; x_wconf 90' lang='lat' dir='ltr'><strong>ad</strong></span> <span class='ocrx_word' id='word_1_591' title='bbox 874 4687 996 4750; x_wconf 89' lang='lat' dir='ltr'><strong>iter,</strong></span> <span class='ocrx_word' id='word_1_592' title='bbox 1018 4683 1233 4740; x_wconf 89' lang='lat' dir='ltr'><strong>Christo</strong></span> <span class='ocrx_word' id='word_1_593' title='bbox 1262 4684 1517 4748; x_wconf 81' lang='lat' dir='ltr'><strong>ducente,</strong></span> <span class='ocrx_word' id='word_1_594' title='bbox 1550 4686 1771 4742; x_wconf 77' lang='lat' dir='ltr'><strong>reverti.</strong></span> <span class='ocrx_word' id='word_1_595' title='bbox 1803 4653 1860 4714; x_wconf 67' lang='grc' dir='ltr'><strong>Β</strong></span> <span class='ocrx_word' id='word_1_596' title='bbox 2023 4680 2213 4737; x_wconf 87' lang='lat' dir='ltr'><strong>Omnia</strong></span> <span class='ocrx_word' id='word_1_597' title='bbox 2241 4694 2361 4747; x_wconf 78' lang='lat' dir='ltr'><strong>qua:</strong></span> <span class='ocrx_word' id='word_1_598' title='bbox 2387 4676 2515 4731; x_wconf 83' lang='lat' dir='ltr'><strong>fecit</strong></span> <span class='ocrx_word' id='word_1_599' title='bbox 2548 4675 2687 4729; x_wconf 90' lang='lat' dir='ltr'><strong>bona</strong></span> <span class='ocrx_word' id='word_1_600' title='bbox 2718 4673 2894 4735; x_wconf 87' lang='lat' dir='ltr'><strong>valde.</strong></span> <span class='ocrx_word' id='word_1_601' title='bbox 2923 4684 2982 4727; x_wconf 91' lang='lat' dir='ltr'><strong>ut</strong></span> <span class='ocrx_word' id='word_1_602' title='bbox 3013 4689 3115 4727; x_wconf 90' lang='lat' dir='ltr'><strong>non</strong></span> <span class='ocrx_word' id='word_1_603' title='bbox 3141 4672 3393 4725; x_wconf 87' lang='lat' dir='ltr'><strong>vitiorum</strong></span> 
     </span>
    </p>
   </div>
   <div class='ocr_carea' id='block_1_48' title="bbox 323 4760 3356 4848">
    <p class='ocr_par' dir='ltr' id='par_1_48' title="bbox 323 4760 3356 4848">
     <span class='ocr_line' id='line_1_48' title="bbox 323 4760 3356 4848; baseline -0.006 -18"><span class='ocrx_word' id='word_1_604' title='bbox 323 4760 399 4831; x_wconf 67' lang='lat' dir='ltr'><strong>At</strong></span> <span class='ocrx_word' id='word_1_605' title='bbox 428 4792 591 4847; x_wconf 90' lang='lat' dir='ltr'><strong>quem</strong></span> <span class='ocrx_word' id='word_1_606' title='bbox 622 4777 769 4831; x_wconf 91' lang='lat' dir='ltr'><strong>nulla</strong></span> <span class='ocrx_word' id='word_1_607' title='bbox 797 4776 900 4831; x_wconf 74' lang='lat' dir='ltr'><strong>via:</strong></span> <span class='ocrx_word' id='word_1_608' title='bbox 930 4779 1167 4848; x_wconf 88' lang='lat' dir='ltr'><strong>suscepit</strong></span> <span class='ocrx_word' id='word_1_609' title='bbox 1192 4777 1332 4831; x_wconf 91' lang='lat' dir='ltr'><strong>linea</strong></span> <span class='ocrx_word' id='word_1_610' title='bbox 1353 4817 1369 4843; x_wconf 93' lang='lat'><strong>,</strong></span> <span class='ocrx_word' id='word_1_611' title='bbox 1403 4792 1664 4848; x_wconf 88' lang='lat' dir='ltr'><strong>nusquam</strong></span> <span class='ocrx_word' id='word_1_612' title='bbox 2023 4774 2316 4834; x_wconf 86' lang='lat' dir='ltr'><strong>lucentiva,</strong></span> <span class='ocrx_word' id='word_1_613' title='bbox 2341 4770 2435 4824; x_wconf 78' lang='lat' dir='ltr'><strong>sed</strong></span> <span class='ocrx_word' id='word_1_614' title='bbox 2460 4778 2518 4822; x_wconf 92' lang='lat' dir='ltr'><strong>ut</strong></span> <span class='ocrx_word' id='word_1_615' title='bbox 2553 4781 2778 4835; x_wconf 85' lang='lat' dir='ltr'><strong>superas</strong></span> <span class='ocrx_word' id='word_1_616' title='bbox 2806 4780 3126 4835; x_wconf 83' lang='lat' dir='ltr'><strong>caperemus</strong></span> <span class='ocrx_word' id='word_1_617' title='bbox 3150 4766 3201 4815; x_wconf 93' lang='lat' dir='ltr'><strong>in</strong></span> <span class='ocrx_word' id='word_1_618' title='bbox 3226 4762 3356 4825; x_wconf 86' lang='lat' dir='ltr'><strong>illis,</strong></span> 
     </span>
    </p>
   </div>
   <div class='ocr_carea' id='block_1_49' title="bbox 318 4858 3175 4941">
    <p class='ocr_par' dir='ltr' id='par_1_49' title="bbox 318 4858 3175 4941">
     <span class='ocr_line' id='line_1_49' title="bbox 318 4858 3175 4941; baseline -0.007 -16"><span class='ocrx_word' id='word_1_619' title='bbox 318 4868 612 4935; x_wconf 83' lang='lat' dir='ltr'><strong>Declinat;</strong></span> <span class='ocrx_word' id='word_1_620' title='bbox 643 4871 962 4941; x_wconf 90' lang='lat' dir='ltr'><strong>nullumque</strong></span> <span class='ocrx_word' id='word_1_621' title='bbox 992 4872 1179 4926; x_wconf 92' lang='lat' dir='ltr'><strong>timent</strong></span> <span class='ocrx_word' id='word_1_622' title='bbox 1204 4886 1309 4926; x_wconf 90' lang='lat' dir='ltr'><strong>non</strong></span> <span class='ocrx_word' id='word_1_623' title='bbox 1333 4876 1530 4925; x_wconf 85' lang='lat' dir='ltr'><strong>stantia</strong></span> <span class='ocrx_word' id='word_1_624' title='bbox 1559 4886 1765 4926; x_wconf 89' lang='lat' dir='ltr'><strong>casum.</strong></span> <span class='ocrx_word' id='word_1_625' title='bbox 1876 4866 1984 4924; x_wconf 78' lang='lat'><strong>605</strong></span> <span class='ocrx_word' id='word_1_626' title='bbox 2023 4865 2119 4919; x_wconf 91' lang='lat' dir='ltr'><strong>llic</strong></span> <span class='ocrx_word' id='word_1_627' title='bbox 2151 4862 2429 4917; x_wconf 90' lang='lat' dir='ltr'><strong>decertato</strong></span> <span class='ocrx_word' id='word_1_628' title='bbox 2462 4858 2677 4913; x_wconf 84' lang='lat' dir='ltr'><strong>virtutis</strong></span> <span class='ocrx_word' id='word_1_629' title='bbox 2700 4871 2895 4927; x_wconf 89' lang='lat' dir='ltr'><strong>agone,</strong></span> <span class='ocrx_word' id='word_1_630' title='bbox 2928 4866 3175 4909; x_wconf 86' lang='lat' dir='ltr'><strong>coronas.</strong></span> 
     </span>
    </p>
   </div>
   <div class='ocr_carea' id='block_1_50' title="bbox 237 5035 3458 5119">
    <p class='ocr_par' dir='ltr' id='par_1_50' title="bbox 237 5035 3458 5119">
     <span class='ocr_line' id='line_1_50' title="bbox 237 5035 3458 5119; baseline -0.005 -16"><span class='ocrx_word' id='word_1_631' title='bbox 237 5048 271 5083; x_wconf 70' lang='grc'><strong><em>⁸</em></strong></span> <span class='ocrx_word' id='word_1_632' title='bbox 291 5046 488 5103; x_wconf 77' lang='lat' dir='ltr'><strong>Csm</strong></span> <span class='ocrx_word' id='word_1_633' title='bbox 511 5044 650 5103; x_wconf 74' lang='lat' dir='ltr'><strong>XIV.</strong></span> <span class='ocrx_word' id='word_1_634' title='bbox 676 5045 852 5101; x_wconf 81' lang='lat' dir='ltr'><strong>Homo</strong></span> <span class='ocrx_word' id='word_1_635' title='bbox 872 5049 959 5115; x_wconf 79' lang='lat' dir='ltr'><strong>qui</strong></span> <span class='ocrx_word' id='word_1_636' title='bbox 981 5049 1163 5104; x_wconf 67' lang='lat' dir='ltr'><strong>dicina</strong></span> <span class='ocrx_word' id='word_1_637' title='bbox 1185 5050 1513 5117; x_wconf 72' lang='lat' dir='ltr'><strong>providentia:</strong></span> <span class='ocrx_word' id='word_1_638' title='bbox 1534 5052 1765 5119; x_wconf 80' lang='lat' dir='ltr'><strong>ingratus</strong></span> <span class='ocrx_word' id='word_1_639' title='bbox 1868 5054 2047 5119; x_wconf 53' lang='lat' dir='ltr'><strong>poeta;</strong></span> <span class='ocrx_word' id='word_1_640' title='bbox 2075 5060 2173 5119; x_wconf 76' lang='lat' dir='ltr'><strong>per</strong></span> <span class='ocrx_word' id='word_1_641' title='bbox 2198 5053 2542 5119; x_wconf 83' lang='lat' dir='ltr'><strong>transennam</strong></span> <span class='ocrx_word' id='word_1_642' title='bbox 2582 5056 2696 5095; x_wconf 90' lang='lat' dir='ltr'><strong>rem</strong></span> <span class='ocrx_word' id='word_1_643' title='bbox 2734 5039 3108 5119; x_wconf 74' lang='lat' dir='ltr'><strong>difﬁcillimam</strong></span> <span class='ocrx_word' id='word_1_644' title='bbox 3147 5035 3458 5119; x_wconf 78' lang='lat' dir='ltr'><strong>attingenti,</strong></span> 
     </span>
    </p>
   </div>
   <div class='ocr_carea' id='block_1_51' title="bbox 169 5110 3459 5189">
    <p class='ocr_par' dir='ltr' id='par_1_51' title="bbox 169 5110 3459 5189">
     <span class='ocr_line' id='line_1_51' title="bbox 169 5110 3459 5189; baseline -0.003 -18"><span class='ocrx_word' id='word_1_645' title='bbox 169 5134 266 5171; x_wconf 83' lang='lat' dir='ltr'><strong>non</strong></span> <span class='ocrx_word' id='word_1_646' title='bbox 293 5120 397 5172; x_wconf 71' lang='lat' dir='ltr'><strong>sibi</strong></span> <span class='ocrx_word' id='word_1_647' title='bbox 414 5119 644 5189; x_wconf 74' lang='lat' dir='ltr'><strong>impluat</strong></span> <span class='ocrx_word' id='word_1_648' title='bbox 669 5110 1011 5189; x_wconf 46' lang='lat' dir='ltr'><strong>peccata&#39;sua.</strong></span> <span class='ocrx_word' id='word_1_649' title='bbox 1040 5110 1309 5187; x_wconf 71' lang='lat' dir='ltr'><strong>refellitur,</strong></span> <span class='ocrx_word' id='word_1_650' title='bbox 1334 5124 1451 5189; x_wconf 84' lang='lat' dir='ltr'><strong>quia</strong></span> <span class='ocrx_word' id='word_1_651' title='bbox 1470 5110 1765 5175; x_wconf 34' lang='lat' dir='ltr'><strong>eumvlibero</strong></span> <span class='ocrx_word' id='word_1_652' title='bbox 1869 5110 1915 5174; x_wconf 61' lang='lat' dir='ltr'><strong>Si</strong></span> <span class='ocrx_word' id='word_1_653' title='bbox 1943 5110 2281 5189; x_wconf 45' lang='lat' dir='ltr'><strong>quid&#39;minus</strong></span> <span class='ocrx_word' id='word_1_654' title='bbox 2308 5128 2497 5189; x_wconf 77' lang='lat' dir='ltr'><strong>exacte</strong></span> <span class='ocrx_word' id='word_1_655' title='bbox 2527 5115 2578 5166; x_wconf 92' lang='lat' dir='ltr'><strong>in</strong></span> <span class='ocrx_word' id='word_1_656' title='bbox 2610 5113 2859 5189; x_wconf 85' lang='lat' dir='ltr'><strong>terminis</strong></span> <span class='ocrx_word' id='word_1_657' title='bbox 2880 5111 3099 5189; x_wconf 68' lang='lat' dir='ltr'><strong>locutus</strong></span> <span class='ocrx_word' id='word_1_658' title='bbox 3139 5110 3459 5189; x_wconf 51' lang='lat' dir='ltr'><strong>reperiatur.</strong></span> 
     </span>
    </p>
   </div>
   <div class='ocr_carea' id='block_1_52' title="bbox 164 5175 3464 5271">
    <p class='ocr_par' dir='ltr' id='par_1_52' title="bbox 164 5175 3464 5271">
     <span class='ocr_line' id='line_1_52' title="bbox 164 5175 3464 5271; baseline 0 0"><span class='ocrx_word' id='word_1_659' title='bbox 164 5190 391 5271; x_wconf 64' lang='grc' dir='ltr'><strong>ανθίςνίρ</strong></span> <span class='ocrx_word' id='word_1_660' title='bbox 423 5175 743 5271; x_wconf 50' lang='lat' dir='ltr'><strong>tristitie!</strong></span> <span class='ocrx_word' id='word_1_661' title='bbox 782 5206 871 5270; x_wconf 62' lang='lat' dir='ltr'><strong>ea</strong></span> <span class='ocrx_word' id='word_1_662' title='bbox 900 5190 1033 5271; x_wconf 67' lang='grc' dir='ltr'><strong>ίακά</strong></span> <span class='ocrx_word' id='word_1_663' title='bbox 1059 5175 1413 5271; x_wconf 52' lang='lat' dir='ltr'><strong>Mat-0&#39;31»</strong></span> <span class='ocrx_word' id='word_1_664' title='bbox 1436 5194 1649 5271; x_wconf 52' lang='lat' dir='ltr'><strong>lumini</strong></span> <span class='ocrx_word' id='word_1_665' title='bbox 1679 5208 1767 5253; x_wconf 66' lang='lat' dir='ltr'><strong>ca.-</strong></span> <span class='ocrx_word' id='word_1_666' title='bbox 1870 5175 2076 5271; x_wconf 56' lang='lat' dir='ltr'><strong>Mims</strong></span> <span class='ocrx_word' id='word_1_667' title='bbox 2108 5189 2209 5243; x_wconf 72' lang='grc' dir='ltr'><strong>ίειε</strong></span> <span class='ocrx_word' id='word_1_668' title='bbox 2263 5187 2363 5271; x_wconf 72' lang='lat'><strong>&quot;9°</strong></span> <span class='ocrx_word' id='word_1_669' title='bbox 2390 5185 2589 5271; x_wconf 69' lang='grc' dir='ltr'><strong>,θυάθηι</strong></span> <span class='ocrx_word' id='word_1_670' title='bbox 2630 5186 2691 5271; x_wconf 58' lang='grc' dir='ltr'><strong>διε</strong></span> <span class='ocrx_word' id='word_1_671' title='bbox 2722 5184 2839 5271; x_wconf 55' lang='grc' dir='ltr'>μ’,ἢο</span> <span class='ocrx_word' id='word_1_672' title='bbox 2875 5175 3464 5271; x_wconf 48' lang='grc' dir='ltr'><strong>κζ”,ἿδίέἥιοῖᾳίξεέῗΞΡῖ</strong></span> 
     </span>
    </p>
   </div>
   <div class='ocr_carea' id='block_1_53' title="bbox 165 5246 3464 5339">
    <p class='ocr_par' dir='ltr' id='par_1_53' title="bbox 165 5246 3464 5339">
     <span class='ocr_line' id='line_1_53' title="bbox 165 5246 3464 5339; baseline -0.003 -28"><span class='ocrx_word' id='word_1_673' title='bbox 165 5246 663 5339; x_wconf 48' lang='grc' dir='ltr'><strong>υεηάᾲἶχιηήὶὶὶήἄό</strong></span> <span class='ocrx_word' id='word_1_674' title='bbox 691 5246 734 5312; x_wconf 73' lang='lat' dir='ltr'><strong>si</strong></span> <span class='ocrx_word' id='word_1_675' title='bbox 761 5246 998 5339; x_wconf 57' lang='lat' dir='ltr'><strong>iiii-iurem</strong></span> <span class='ocrx_word' id='word_1_676' title='bbox 1026 5246 1386 5339; x_wconf 47' lang='lat' dir='ltr'><strong>colerecu&#39;r&#39;et.</strong></span> <span class='ocrx_word' id='word_1_677' title='bbox 1426 5262 1552 5339; x_wconf 82' lang='lat' dir='ltr'><strong>Quis</strong></span> <span class='ocrx_word' id='word_1_678' title='bbox 1598 5246 1769 5317; x_wconf 72' lang='lat' dir='ltr'><strong>reruni</strong></span> <span class='ocrx_word' id='word_1_679' title='bbox 1871 5246 2009 5317; x_wconf 57' lang='lat' dir='ltr'><strong>ii&#39;e&#39;h‘i‘</strong></span> <span class='ocrx_word' id='word_1_680' title='bbox 2044 5246 2247 5314; x_wconf 34' lang='lat' dir='ltr'><strong>‘fatetur</strong></span> <span class='ocrx_word' id='word_1_681' title='bbox 2301 5256 2499 5339; x_wconf 63' lang='lat' dir='ltr'><strong>iactant</strong></span> <span class='ocrx_word' id='word_1_682' title='bbox 2544 5261 2845 5321; x_wconf 74' lang='lat' dir='ltr'><strong>augmento,</strong></span> <span class='ocrx_word' id='word_1_683' title='bbox 2889 5266 2999 5339; x_wconf 79' lang='grc' dir='ltr'><strong>Ιηοη</strong></span> <span class='ocrx_word' id='word_1_684' title='bbox 3052 5246 3464 5339; x_wconf 42' lang='lat' dir='ltr'><strong>ﬁnérhomt&#39;m&#39;s,‘</strong></span> 
     </span>
    </p>
   </div>
   <div class='ocr_carea' id='block_1_54' title="bbox 162 5322 3464 5403">
    <p class='ocr_par' dir='ltr' id='par_1_54' title="bbox 162 5322 3464 5403">
     <span class='ocr_line' id='line_1_54' title="bbox 162 5322 3464 5403; baseline -0.004 -19"><span class='ocrx_word' id='word_1_685' title='bbox 162 5322 539 5403; x_wconf 61' lang='lat' dir='ltr'><strong>temporalium</strong></span> <span class='ocrx_word' id='word_1_686' title='bbox 571 5346 717 5403; x_wconf 72' lang='lat' dir='ltr'><strong>usus.</strong></span> <span class='ocrx_word' id='word_1_687' title='bbox 754 5328 942 5385; x_wconf 80' lang='lat' dir='ltr'><strong>Sancti</strong></span> <span class='ocrx_word' id='word_1_688' title='bbox 966 5349 1137 5386; x_wconf 81' lang='lat' dir='ltr'><strong>omnes</strong></span> <span class='ocrx_word' id='word_1_689' title='bbox 1160 5376 1176 5399; x_wconf 88' lang='lat'><strong>,</strong></span> <span class='ocrx_word' id='word_1_690' title='bbox 1204 5333 1386 5387; x_wconf 80' lang='lat' dir='ltr'><strong>iisdem</strong></span> <span class='ocrx_word' id='word_1_691' title='bbox 1410 5322 1767 5391; x_wconf 69' lang='grc' dir='ltr'><strong>ιῖιιιαλέωιίὺιη</strong></span> <span class='ocrx_word' id='word_1_692' title='bbox 1874 5336 2169 5403; x_wconf 67' lang='lat' dir='ltr'><strong>praesertim</strong></span> <span class='ocrx_word' id='word_1_693' title='bbox 2198 5346 2317 5383; x_wconf 84' lang='lat' dir='ltr'><strong>cttm</strong></span> <span class='ocrx_word' id='word_1_694' title='bbox 2352 5346 2453 5403; x_wconf 78' lang='lat' dir='ltr'><strong>non</strong></span> <span class='ocrx_word' id='word_1_695' title='bbox 2492 5328 2643 5403; x_wconf 68' lang='lat' dir='ltr'><strong>longe</strong></span> <span class='ocrx_word' id='word_1_696' title='bbox 2674 5334 2832 5403; x_wconf 71' lang='lat' dir='ltr'><strong>antea</strong></span> <span class='ocrx_word' id='word_1_697' title='bbox 2854 5322 3337 5403; x_wconf 30' lang='lat' dir='ltr'><strong>clareprlzedicartt</strong></span> <span class='ocrx_word' id='word_1_698' title='bbox 3379 5335 3464 5387; x_wconf 89' lang='lat' dir='ltr'><strong>ge-</strong></span> 
     </span>
    </p>
   </div>
   <div class='ocr_carea' id='block_1_55' title="bbox 159 5391 3457 5472">
    <p class='ocr_par' dir='ltr' id='par_1_55' title="bbox 159 5391 3457 5472">
     <span class='ocr_line' id='line_1_55' title="bbox 159 5391 3457 5472; baseline -0.004 -21"><span class='ocrx_word' id='word_1_699' title='bbox 159 5391 344 5472; x_wconf 58' lang='lat' dir='ltr'><strong>quibtrs</strong></span> <span class='ocrx_word' id='word_1_700' title='bbox 373 5417 475 5453; x_wconf 82' lang='lat' dir='ltr'><strong>nos</strong></span> <span class='ocrx_word' id='word_1_701' title='bbox 500 5401 747 5472; x_wconf 73' lang='lat' dir='ltr'><strong>subjecti,</strong></span> <span class='ocrx_word' id='word_1_702' title='bbox 779 5405 1033 5467; x_wconf 81' lang='lat' dir='ltr'><strong>quomodo</strong></span> <span class='ocrx_word' id='word_1_703' title='bbox 1054 5420 1138 5456; x_wconf 86' lang='lat' dir='ltr'><strong>eas</strong></span> <span class='ocrx_word' id='word_1_704' title='bbox 1163 5391 1396 5462; x_wconf 49' lang='lat' dir='ltr'><strong>uicerint.</strong></span> <span class='ocrx_word' id='word_1_705' title='bbox 1873 5391 2067 5456; x_wconf 64' lang='lat' dir='ltr'><strong>iniriam</strong></span> <span class='ocrx_word' id='word_1_706' title='bbox 2117 5412 2358 5455; x_wconf 83' lang='lat' dir='ltr'><strong>naturam</strong></span> <span class='ocrx_word' id='word_1_707' title='bbox 2407 5398 2724 5471; x_wconf 81' lang='lat' dir='ltr'><strong>hominisque</strong></span> <span class='ocrx_word' id='word_1_708' title='bbox 2769 5391 2961 5471; x_wconf 63' lang='lat' dir='ltr'><strong>Deique</strong></span> <span class='ocrx_word' id='word_1_709' title='bbox 3012 5392 3061 5441; x_wconf 88' lang='lat' dir='ltr'><strong>in</strong></span> <span class='ocrx_word' id='word_1_710' title='bbox 3096 5391 3309 5469; x_wconf 75' lang='lat' dir='ltr'><strong>t&#39;.hristo</strong></span> <span class='ocrx_word' id='word_1_711' title='bbox 3337 5406 3457 5439; x_wconf 76' lang='lat' dir='ltr'><strong>con~</strong></span> 
     </span>
    </p>
   </div>
   <div class='ocr_carea' id='block_1_56' title="bbox 233 5469 3461 5544">
    <p class='ocr_par' dir='ltr' id='par_1_56' title="bbox 233 5469 3461 5544">
     <span class='ocr_line' id='line_1_56' title="bbox 233 5469 3461 5544; baseline -0.006 -17"><span class='ocrx_word' id='word_1_712' title='bbox 233 5469 368 5527; x_wconf 73' lang='grc'><strong>543.</strong></span> <span class='ocrx_word' id='word_1_713' title='bbox 405 5472 532 5525; x_wconf 68' lang='lat' dir='ltr'><strong>llmc</strong></span> <span class='ocrx_word' id='word_1_714' title='bbox 554 5469 673 5524; x_wconf 78' lang='lat' dir='ltr'><strong>cum</strong></span> <span class='ocrx_word' id='word_1_715' title='bbox 704 5487 871 5540; x_wconf 81' lang='lat' dir='ltr'><strong>grano</strong></span> <span class='ocrx_word' id='word_1_716' title='bbox 910 5475 1037 5527; x_wconf 85' lang='lat' dir='ltr'><strong>salis</strong></span> <span class='ocrx_word' id='word_1_717' title='bbox 1078 5478 1156 5541; x_wconf 92' lang='lat' dir='ltr'><strong>(ut</strong></span> <span class='ocrx_word' id='word_1_718' title='bbox 1208 5474 1377 5544; x_wconf 85' lang='lat' dir='ltr'><strong>aiunt)</strong></span> <span class='ocrx_word' id='word_1_719' title='bbox 1423 5476 1759 5543; x_wconf 72' lang='lat' dir='ltr'><strong>accipienda.</strong></span> <span class='ocrx_word' id='word_1_720' title='bbox 1870 5476 2103 5537; x_wconf 62' lang='lat' dir='ltr'><strong>venisse;</strong></span> <span class='ocrx_word' id='word_1_721' title='bbox 2158 5488 2256 5524; x_wconf 87' lang='lat' dir='ltr'><strong>nec</strong></span> <span class='ocrx_word' id='word_1_722' title='bbox 2310 5486 2431 5544; x_wconf 79' lang='lat' dir='ltr'><strong>esse</strong></span> <span class='ocrx_word' id='word_1_723' title='bbox 2458 5484 2560 5537; x_wconf 83' lang='lat' dir='ltr'><strong>quo</strong></span> <span class='ocrx_word' id='word_1_724' title='bbox 2602 5469 2758 5515; x_wconf 78' lang='lat' dir='ltr'><strong>victus</strong></span> <span class='ocrx_word' id='word_1_725' title='bbox 2790 5469 2985 5513; x_wconf 80' lang='lat' dir='ltr'><strong>t&#39;tncere</strong></span> <span class='ocrx_word' id='word_1_726' title='bbox 3019 5474 3215 5531; x_wconf 70' lang='lat' dir='ltr'><strong>posset,</strong></span> <span class='ocrx_word' id='word_1_727' title='bbox 3269 5478 3307 5544; x_wconf 74' lang='lat' dir='ltr'><strong>si</strong></span> <span class='ocrx_word' id='word_1_728' title='bbox 3361 5474 3461 5509; x_wconf 68' lang='lat' dir='ltr'><strong>non</strong></span> 
     </span>
    </p>
   </div>
   <div class='ocr_carea' id='block_1_57' title="bbox 157 5538 3457 5603">
    <p class='ocr_par' dir='ltr' id='par_1_57' title="bbox 157 5538 3457 5603">
     <span class='ocr_line' id='line_1_57' title="bbox 157 5538 3457 5603; baseline -0.005 -7"><span class='ocrx_word' id='word_1_729' title='bbox 157 5538 295 5597; x_wconf 87' lang='lat' dir='ltr'><strong>Cum</strong></span> <span class='ocrx_word' id='word_1_730' title='bbox 333 5543 411 5597; x_wconf 83' lang='lat' dir='ltr'><strong>ibi</strong></span> <span class='ocrx_word' id='word_1_731' title='bbox 444 5544 688 5597; x_wconf 84' lang='lat' dir='ltr'><strong>videatur</strong></span> <span class='ocrx_word' id='word_1_732' title='bbox 712 5538 920 5598; x_wconf 53' lang='lat' dir='ltr'><strong>Auctor</strong></span> <span class='ocrx_word' id='word_1_733' title='bbox 953 5548 1002 5598; x_wconf 85' lang='lat' dir='ltr'><strong>in</strong></span> <span class='ocrx_word' id='word_1_734' title='bbox 1031 5538 1167 5598; x_wconf 81' lang='lat' dir='ltr'><strong>duos</strong></span> <span class='ocrx_word' id='word_1_735' title='bbox 1194 5538 1406 5601; x_wconf 56' lang='lat' dir='ltr'><strong>errores</strong></span> <span class='ocrx_word' id='word_1_736' title='bbox 1446 5538 1678 5601; x_wconf 65' lang='lat' dir='ltr'><strong>Nestorii</strong></span> <span class='ocrx_word' id='word_1_737' title='bbox 1711 5558 1763 5603; x_wconf 79' lang='lat' dir='ltr'><strong>et</strong></span> <span class='ocrx_word' id='word_1_738' title='bbox 1869 5562 1989 5600; x_wconf 73' lang='lat' dir='ltr'><strong>uera</strong></span> <span class='ocrx_word' id='word_1_739' title='bbox 2024 5546 2116 5599; x_wconf 82' lang='lat' dir='ltr'><strong>llei</strong></span> <span class='ocrx_word' id='word_1_740' title='bbox 2158 5546 2318 5597; x_wconf 80' lang='lat' dir='ltr'><strong>virttis</strong></span> <span class='ocrx_word' id='word_1_741' title='bbox 2349 5542 2593 5593; x_wconf 69' lang='lat' dir='ltr'><strong>humana:</strong></span> <span class='ocrx_word' id='word_1_742' title='bbox 2628 5548 2833 5588; x_wconf 71' lang='lat' dir='ltr'><strong>natura:</strong></span> <span class='ocrx_word' id='word_1_743' title='bbox 2861 5544 3005 5585; x_wconf 75' lang='lat' dir='ltr'><strong>esset</strong></span> <span class='ocrx_word' id='word_1_744' title='bbox 3047 5541 3338 5585; x_wconf 73' lang='lat' dir='ltr'><strong>COItSOClttlu</strong></span> <span class='ocrx_word' id='word_1_745' title='bbox 3363 5572 3375 5591; x_wconf 87' lang='lat'><strong>,</strong></span> <span class='ocrx_word' id='word_1_746' title='bbox 3409 5544 3457 5579; x_wconf 92' lang='lat' dir='ltr'><strong>v.</strong></span> 
     </span>
    </p>
   </div>
   <div class='ocr_carea' id='block_1_58' title="bbox 157 5612 2203 5685">
    <p class='ocr_par' dir='ltr' id='par_1_58' title="bbox 157 5612 2203 5685">
     <span class='ocr_line' id='line_1_58' title="bbox 157 5612 2203 5685; baseline 0.001 -18"><span class='ocrx_word' id='word_1_747' title='bbox 157 5612 496 5685; x_wconf 69' lang='lat' dir='ltr'><strong>Eutychetis</strong></span> <span class='ocrx_word' id='word_1_748' title='bbox 521 5616 801 5685; x_wconf 83' lang='lat' dir='ltr'><strong>incorrere</strong></span> <span class='ocrx_word' id='word_1_749' title='bbox 822 5656 839 5681; x_wconf 92' lang='lat'><strong>,</strong></span> <span class='ocrx_word' id='word_1_750' title='bbox 886 5617 1010 5670; x_wconf 86' lang='lat' dir='ltr'><strong>dum</strong></span> <span class='ocrx_word' id='word_1_751' title='bbox 1040 5619 1117 5669; x_wconf 89' lang='lat' dir='ltr'><strong>ait</strong></span> <span class='ocrx_word' id='word_1_752' title='bbox 1145 5617 1416 5671; x_wconf 86' lang='lat' dir='ltr'><strong>Christum</strong></span> <span class='ocrx_word' id='word_1_753' title='bbox 1455 5634 1521 5671; x_wconf 82' lang='lat' dir='ltr'><strong>ex</strong></span> <span class='ocrx_word' id='word_1_754' title='bbox 1556 5624 1759 5673; x_wconf 73' lang='lat' dir='ltr'><strong>Asccn-</strong></span> <span class='ocrx_word' id='word_1_755' title='bbox 1865 5615 1973 5671; x_wconf 69' lang='grc'><strong>473</strong></span> <span class='ocrx_word' id='word_1_756' title='bbox 1994 5629 2047 5669; x_wconf 91' lang='lat' dir='ltr'><strong>et</strong></span> <span class='ocrx_word' id='word_1_757' title='bbox 2075 5617 2203 5670; x_wconf 68' lang='lat'><strong>480.</strong></span> 
     </span>
    </p>
   </div>
   <div class='ocr_carea' id='block_1_59' title="bbox 155 5674 3455 5750">
    <p class='ocr_par' dir='ltr' id='par_1_59' title="bbox 155 5674 3455 5750">
     <span class='ocr_line' id='line_1_59' title="bbox 155 5674 3455 5750; baseline -0.004 -10"><span class='ocrx_word' id='word_1_758' title='bbox 155 5674 332 5740; x_wconf 55' lang='lat' dir='ltr'><strong>sion&#39;is</strong></span> <span class='ocrx_word' id='word_1_759' title='bbox 370 5684 467 5739; x_wconf 85' lang='lat' dir='ltr'><strong>die</strong></span> <span class='ocrx_word' id='word_1_760' title='bbox 492 5685 560 5740; x_wconf 87' lang='lat' dir='ltr'><strong>ita</strong></span> <span class='ocrx_word' id='word_1_761' title='bbox 587 5674 860 5740; x_wconf 76' lang='lat' dir='ltr'><strong>hominem</strong></span> <span class='ocrx_word' id='word_1_762' title='bbox 888 5697 941 5741; x_wconf 88' lang='lat' dir='ltr'><strong>ct</strong></span> <span class='ocrx_word' id='word_1_763' title='bbox 967 5688 1134 5743; x_wconf 79' lang='lat' dir='ltr'><strong>Deum</strong></span> <span class='ocrx_word' id='word_1_764' title='bbox 1164 5705 1304 5748; x_wconf 65' lang='lat' dir='ltr'><strong>esse.</strong></span> <span class='ocrx_word' id='word_1_765' title='bbox 1336 5700 1387 5742; x_wconf 83' lang='lat' dir='ltr'><strong>ttt</strong></span> <span class='ocrx_word' id='word_1_766' title='bbox 1414 5706 1515 5743; x_wconf 86' lang='lat' dir='ltr'><strong>non</strong></span> <span class='ocrx_word' id='word_1_767' title='bbox 1538 5692 1600 5742; x_wconf 83' lang='lat' dir='ltr'><strong>sit</strong></span> <span class='ocrx_word' id='word_1_768' title='bbox 1629 5694 1761 5745; x_wconf 80' lang='lat' dir='ltr'><strong>alter</strong></span> <span class='ocrx_word' id='word_1_769' title='bbox 1939 5688 2067 5742; x_wconf 69' lang='lat'><strong>575.</strong></span> <span class='ocrx_word' id='word_1_770' title='bbox 2100 5689 2173 5739; x_wconf 86' lang='lat' dir='ltr'><strong>lta</strong></span> <span class='ocrx_word' id='word_1_771' title='bbox 2208 5683 2400 5750; x_wconf 72' lang='lat' dir='ltr'><strong>l.ttgd.;</strong></span> <span class='ocrx_word' id='word_1_772' title='bbox 2428 5689 2481 5732; x_wconf 86' lang='lat' dir='ltr'><strong>at</strong></span> <span class='ocrx_word' id='word_1_773' title='bbox 2521 5678 2748 5741; x_wconf 83' lang='lat' dir='ltr'><strong>Lovan.,</strong></span> <span class='ocrx_word' id='word_1_774' title='bbox 2788 5674 2953 5728; x_wconf 80' lang='lat' dir='ltr'><strong>Duae.</strong></span> <span class='ocrx_word' id='word_1_775' title='bbox 2982 5685 3038 5731; x_wconf 85' lang='lat' dir='ltr'><strong>et</strong></span> <span class='ocrx_word' id='word_1_776' title='bbox 3068 5675 3252 5729; x_wconf 74' lang='lat' dir='ltr'><strong>Colon.</strong></span> <span class='ocrx_word' id='word_1_777' title='bbox 3286 5686 3333 5722; x_wconf 74' lang='lat' dir='ltr'><strong>et</strong></span> <span class='ocrx_word' id='word_1_778' title='bbox 3370 5683 3455 5721; x_wconf 75' lang='lat' dir='ltr'><strong>re-</strong></span> 
     </span>
    </p>
   </div>
   <div class='ocr_carea' id='block_1_60' title="bbox 151 5756 1736 5831">
    <p class='ocr_par' dir='ltr' id='par_1_60' title="bbox 151 5756 1736 5831">
     <span class='ocr_line' id='line_1_60' title="bbox 151 5756 1736 5831; baseline 0.003 -22"><span class='ocrx_word' id='word_1_779' title='bbox 151 5764 202 5809; x_wconf 74' lang='lat' dir='ltr'><strong>et</strong></span> <span class='ocrx_word' id='word_1_780' title='bbox 232 5756 379 5811; x_wconf 74' lang='lat' dir='ltr'><strong>alter</strong></span> <span class='ocrx_word' id='word_1_781' title='bbox 412 5771 549 5831; x_wconf 76' lang='lat' dir='ltr'><strong>:_ncc</strong></span> <span class='ocrx_word' id='word_1_782' title='bbox 574 5758 681 5825; x_wconf 81' lang='lat' dir='ltr'><strong>iam</strong></span> <span class='ocrx_word' id='word_1_783' title='bbox 710 5758 923 5811; x_wconf 74' lang='lat' dir='ltr'><strong>diuersae</strong></span> <span class='ocrx_word' id='word_1_784' title='bbox 949 5760 1036 5811; x_wconf 83' lang='lat' dir='ltr'><strong>sed</strong></span> <span class='ocrx_word' id='word_1_785' title='bbox 1076 5775 1239 5811; x_wconf 85' lang='lat' dir='ltr'><strong>unum</strong></span> <span class='ocrx_word' id='word_1_786' title='bbox 1269 5761 1374 5813; x_wconf 77' lang='lat' dir='ltr'><strong>sint</strong></span> <span class='ocrx_word' id='word_1_787' title='bbox 1406 5763 1457 5814; x_wconf 86' lang='lat' dir='ltr'><strong>iu</strong></span> <span class='ocrx_word' id='word_1_788' title='bbox 1485 5776 1551 5814; x_wconf 70' lang='lat' dir='ltr'><strong>tto</strong></span> <span class='ocrx_word' id='word_1_789' title='bbox 1590 5764 1736 5814; x_wconf 82' lang='lat' dir='ltr'><strong>amba</strong></span> 
     </span>
    </p>
   </div>
   <div class='ocr_carea' id='block_1_61' title="bbox 1673 5756 3258 5831">
    <p class='ocr_par' dir='ltr' id='par_1_61' title="bbox 1682 5759 3258 5831">
     <span class='ocr_line' id='line_1_61' title="bbox 1682 5759 3258 5831; baseline -0.018 -16"><span class='ocrx_word' id='word_1_790' title='bbox 1682 5764 1761 5815; x_wconf 73' lang='lat' dir='ltr'><strong>bze</strong></span> <span class='ocrx_word' id='word_1_791' title='bbox 1867 5759 2515 5831; x_wconf 58' lang='lat' dir='ltr'><strong>cetttiortrj,itttegtturc.</strong></span> <span class='ocrx_word' id='word_1_792' title='bbox 2608 5820 2617 5831; x_wconf 43' lang='lat'><em>.</em></span> <span class='ocrx_word' id='word_1_793' title='bbox 2956 5820 2965 5828; x_wconf 37' lang='lat'><strong>.</strong></span> <span class='ocrx_word' id='word_1_794' title='bbox 3166 5814 3175 5831; x_wconf 50' lang='grc' dir='ltr'><strong><em>Ι</em></strong></span> <span class='ocrx_word' id='word_1_795' title='bbox 3251 5813 3258 5821; x_wconf 33' lang='grc'>.</span> 
     </span>
    </p>
   </div>
   <div class='ocr_carea' id='block_1_62' title="bbox 152 5814 3317 5899">
    <p class='ocr_par' dir='ltr' id='par_1_62' title="bbox 152 5814 3317 5899">
     <span class='ocr_line' id='line_1_62' title="bbox 152 5814 3317 5899; baseline -0.007 -17"><span class='ocrx_word' id='word_1_796' title='bbox 152 5836 399 5899; x_wconf 67' lang='lat' dir='ltr'><strong>naturae.</strong></span> <span class='ocrx_word' id='word_1_797' title='bbox 454 5814 646 5884; x_wconf 76' lang='lat' dir='ltr'><strong>Verum</strong></span> <span class='ocrx_word' id='word_1_798' title='bbox 692 5832 962 5899; x_wconf 87' lang='lat' dir='ltr'><strong>sapienter</strong></span> <span class='ocrx_word' id='word_1_799' title='bbox 1014 5832 1356 5884; x_wconf 85' lang='lat' dir='ltr'><strong>observatum</strong></span> <span class='ocrx_word' id='word_1_800' title='bbox 1396 5848 1423 5885; x_wconf 92' lang='lat' dir='ltr'><strong>a</strong></span> <span class='ocrx_word' id='word_1_801' title='bbox 1471 5834 1585 5887; x_wconf 83' lang='lat' dir='ltr'><strong>viro</strong></span> <span class='ocrx_word' id='word_1_802' title='bbox 1634 5814 1761 5886; x_wconf 83' lang='lat' dir='ltr'><strong>cru-</strong></span> <span class='ocrx_word' id='word_1_803' title='bbox 1941 5828 2068 5883; x_wconf 77' lang='lat' dir='ltr'><strong>69s.</strong></span> <span class='ocrx_word' id='word_1_804' title='bbox 2099 5814 2277 5879; x_wconf 76' lang='lat' dir='ltr'><strong>Editiu</strong></span> <span class='ocrx_word' id='word_1_805' title='bbox 2308 5814 2651 5877; x_wconf 72' lang='lat' dir='ltr'><strong>Coloniensis</strong></span> <span class='ocrx_word' id='word_1_806' title='bbox 2678 5828 2733 5896; x_wconf 74' lang='lat' dir='ltr'><strong>et</strong></span> <span class='ocrx_word' id='word_1_807' title='bbox 2762 5820 3116 5877; x_wconf 82' lang='lat' dir='ltr'><strong>recentiores,</strong></span> <span class='ocrx_word' id='word_1_808' title='bbox 3159 5814 3317 5867; x_wconf 77' lang='lat' dir='ltr'><strong>lenia.</strong></span> 
     </span>
    </p>
   </div>
   <div class='ocr_carea' id='block_1_63' title="bbox 149 5896 1762 5974">
    <p class='ocr_par' dir='ltr' id='par_1_63' title="bbox 149 5896 1762 5974">
     <span class='ocr_line' id='line_1_63' title="bbox 149 5896 1762 5974; baseline 0.003 -19"><span class='ocrx_word' id='word_1_809' title='bbox 149 5896 485 5965; x_wconf 82' lang='lat' dir='ltr'><strong>ditissima;</strong></span> <span class='ocrx_word' id='word_1_810' title='bbox 538 5896 899 5969; x_wconf 71' lang='lat' dir='ltr'><strong>praeterquam</strong></span> <span class='ocrx_word' id='word_1_811' title='bbox 954 5902 1100 5972; x_wconf 86' lang='lat' dir='ltr'><strong>quod</strong></span> <span class='ocrx_word' id='word_1_812' title='bbox 1140 5901 1296 5959; x_wconf 78' lang='lat' dir='ltr'><strong>facile</strong></span> <span class='ocrx_word' id='word_1_813' title='bbox 1335 5903 1542 5974; x_wconf 84' lang='lat' dir='ltr'><strong>ignosci</strong></span> <span class='ocrx_word' id='word_1_814' title='bbox 1586 5903 1762 5974; x_wconf 87' lang='lat' dir='ltr'><strong>possit</strong></span> 
     </span>
    </p>
   </div>
  </div>
