4014 6348
578 261 675 321 651

503 374 533 403 ν

718 382 800 438 An
832 385 923 439 tibi
952 385 1203 442 cmlestes
1224 386 1322 453 illi,
1355 401 1490 455 quos
1515 385 1737 454 protulit
1767 385 1919 438 orbis

718 473 973 545 Fertque,
1005 477 1106 532 viri
1130 494 1237 533 non
1262 481 1375 533 lich
1397 478 1585 532 eadem
1612 478 1875 530 tolerasse
1903 473 2154 528 videntur

714 567 849 635 Quae
864 570 1315 636 patimurlmotus
1337 569 1522 632 animi,
1543 568 1873 636 aliectusque
1896 566 2149 631 rebelles,

713 659 781 715 Et
804 661 1163 731 circumjectis
1192 662 1319 715 vitia
1349 658 1709 730 oppugnantis
1736 660 1928 713 castris
1951 658 1972 710 ἳ

574 748 677 808 610
717 751 821 805 Sed
844 753 1021 820 gladio
1049 753 1220 819 verbi,
1252 752 1484 823 fideique
1506 754 1738 807 umbone
1771 751 1977 820 potenti

718 842 1018 899 Vincebant
1037 860 1193 900 arcus
1224 847 1589 911 tenebrarum,
1617 854 1672 899 et
1695 844 1897 914 spicula
1924 843 2143 897 mortis:

710 932 951 1005 Cumque
971 951 1107 1005 opus
1141 940 1240 991 hoc
1262 936 1445 991 mundi
1475 952 1723 1004 magnum
1755 936 2145 1004 pulchrumque

921 1028 1195 1094 viderent;

706 1121 822 1177 Non
853 1138 1019 1183 mare,
1052 1139 1155 1177 non
1187 1123 1406 1189 caelum,
1458 1137 1563 1177 non
1597 1123 1796 1192 ignem,
1828 1129 1922 1174 aut
1967 1119 2142 1175 sidera

918 1216 1038 1269 coeli
1062 1259 1075 1283 ,

711 1306 840 1371 Qum
870 1322 1093 1363 numero
1114 1309 1351 1377 subjecta
1382 1310 1482 1362 sibi
1516 1310 1741 1377 visuque
1770 1308 2040 1373 tenebant,

563 1393 669 1452 615
707 1397 1018 1467 Suspcxere
1042 1401 1204 1455 deos:
1237 1418 1420 1463 unum,
1452 1403 1659 1455 ratione
1688 1401 1961 1469 magistra,

704 1490 993 1544 Auctorem
1040 1501 1093 1545 et
1122 1491 1408 1545 Dominum
1438 1507 1639 1556 rerum,
1693 1507 1799 1544 non
1842 1490 1977 1545 facta
1999 1532 2013 1558 ,
2044 1505 2138 1546 co-

913 1583 1108 1637 lentes.

700 1677 769 1729 At
800 1686 853 1731 tu
882 1677 1113 1731 nobilius
1140 1679 1231 1747 qui
1257 1678 1455 1733 factum
1488 1687 1539 1732 te
1568 1677 1852 1741 voluisses,

702 1768 969 1840 Numquid
985 1773 1033 1824 io
1050 1772 1295 1840 angelico
1310 1782 1457 1825 satus
1470 1772 1658 1825 ordine
1680 1786 1784 1824 non
1808 1768 2136 1839 querereris?
2168 1758 2212 1817 Β

702 1860 834 1917 Nam
866 1880 984 1919 cum
1013 1866 1105 1919 ille
1136 1866 1349 1919 excelso
1372 1866 1614 1933 dejectus
1638 1864 1850 1918 Lucifer
1881 1878 1981 1917 axe

560 1950 665 2007 620
700 1954 1028 2021 Conciderit,
1057 1956 1327 2025 rueritquc
1356 1956 1445 2009 illo
1478 1972 1599 2024 pars
1629 1956 1785 2010 tertia
1819 1954 1973 2022 pulso

700 2045 1004 2110 Astrorum,
1030 2064 1213 2116 quaero
1237 2048 1291 2099 in
1319 2062 1548 2115 quanam
1573 2058 1697 2100 tunc
1731 2055 1881 2114 parte
1901 2042 2135 2099 fuisses?

703 2139 860 2193 Clara
884 2141 978 2193 Dei
1010 2136 1227 2209 sempef
1244 2140 1497 2194 bonitatis
1527 2142 1700 2208 imago
1732 2152 1998 2203 maneres,

700 2236 783 2285 An
810 2242 983 2285 castra
1018 2232 1231 2285 invidiae
1262 2232 1566 2301 sequereris
1590 2240 1640 2283 et
1669 2230 1877 2298 agmina
1922 2228 2135 2283 noctis?

778 2325 798 2345 ‘
825 2323 932 2377 δε»
963 2338 1068 2390 quo
1100 2332 1149 2376 te
1173 2338 1414 2391 praeceps
1443 2324 1583 2391 rapit
1614 2322 1828 2375 orbita?
1854 2321 1942 2375 Vis
1967 2322 2137 2375 bonus

917 2430 1035 2469 esse

560 2504 664 2561 625
703 2506 918 2575 Absque
946 2508 1129 2562 labore
1158 2508 1287 2562 tuo?
1310 2506 1499 2561 Credis
1525 2506 1628 2561 hoc
1657 2506 1849 2561 cedere
1878 2519 2058 2574 posse,

686 2598 753 2654 'Si
788 2600 883 2653 tibi
912 2609 1183 2653 mutentur
1206 2600 1401 2651 natalia
1430 2598 1631 2664 sidera,
1660 2613 1883 2667 quorum

696 2690 772 2745 Te
795 2706 1014 2759 pravum
1047 2692 1305 2744 decursus
1334 2689 1483 2760 agit?
1512 2690 1647 2755 Quid
1679 2703 1815 2743 vana
1843 2688 2037 2742 vetusti

699 2782 945 2852 Perfugia
973 2782 1174 2836 erroris
1203 2780 1469 2835 Chaldaais
1496 2781 1691 2849 quaeris
1722 2782 1773 2833 in
1799 2779 2001 2834 astris?

699 2873 952 2940 Quamvis
982 2873 1227 2927 sollicitis
1256 2874 1416 2926 adeas
1438 2875 1677 2927 ccelestia
1710 2874 1875 2939 curis,

556 2965 661 3021 630
698 2965 767 3021 Et
796 2967 1006 3033 penitus
1029 2981 1220 3020 causas
1246 2982 1426 3021 rerum
1458 2967 1717 3020 scruleris
1749 2974 1961 3033 apertas
1992 2980 2006 3027 ;

689 3059 852 3128 811
897 3057 1013 3111 Non
1064 3057 1247 3110 renuis
1291 3073 1445 3126 mage
1492 3071 1653 3110 nosse
1710 3056 1912 3120 Deum,
1973 3070 2127 3123 quam

911 3153 1103 3221 cuique
1134 3152 1405 3205 elemento

698 3241 957 3298 Naturam
989 3244 1218 3309 dederit,
1246 3258 1347 3312 qua
1382 3250 1602 3311 pontum
1636 3240 1752 3309 lege
1785 3239 1989 3295 moveri

694 3335 946 3401 Jusserit,
970 3348 1061 3391 aut
1079 3338 1452 3407 tenerisquam
1472 3337 1578 3389 vim
1594 3337 1938 3390 consueverit
1959 3336 2126 3402 auris,

692 3429 1050 3498 Sidereosque
1074 3432 1223 3498 ignes
1264 3429 1315 3482 in
1351 3442 1472 3496 qua:
1502 3438 1771 3481 momenta
1801 3430 2019 3482 crearit.

551 3515 657 3570 635
692 3517 793 3586 Qui
825 3534 946 3573 cum
970 3520 1215 3575 sincerus
1246 3520 1314 3573 sit
1346 3518 1463 3573 fons
1487 3520 1733 3588 mquique
1765 3518 2019 3588 bonique,

686 3609 947 3665 [inmitem
976 3612 1138 3681 jussis
1166 3612 1338 3679 legem
1365 3612 1697 3681 prtescripsit
1724 3610 1943 3680 iniquis,

689 3702 743 3757 Si
761 3702 908 3771 prius
922 3704 1035 3771 ipse
1050 3704 1321 3757 hominum
1338 3717 1514 3756 mores
1531 3701 2120 3757 constrinxeratastris.

687 3792 928 3863 Namque
980 3794 1203 3850 adversa
1250 3794 1352 3849 sibi
1410 3802 1535 3848 sunt
1584 3794 1740 3859 inec,
1799 3794 2126 3862 nimiumque

898 3894 1231 3953 repugnant,

688 3972 916 4043 Exigere
939 3976 1179 4030 insontes
1205 3988 1377 4045 actus,
1408 3978 1712 4045 delictaque
1742 3980 1913 4046 pinnis

546 4061 654 4115 640
694 4063 945 4128 Afficere,
974 4076 1026 4119 et
1051 4078 1277 4121 cunctos
1302 4070 1491 4123 eadem
1521 4071 1585 4123 ad
1611 4072 1871 4138 promissa
1900 4088 2118 4128 vocare:

684 4151 883 4206 Contra
915 4166 1092 4207 autem
1121 4158 1261 4210 natis
1286 4159 1572 4211 violentum
1605 4161 1825 4228 affigere
1844 4162 2012 4228 sidus,

684 4240 836 4308 Quod
871 4258 971 4297 nec
997 4244 1135 4299 velle
1166 4246 1366 4299 homini
1414 4247 1612 4315 cedat,
1655 4264 1755 4303 nec
1795 4264 1986 4317 posse,
2026 4252 2120 4307 sed

896 4351 1085 4392 Omnes

686 4423 929 4496 Desuper
960 4430 1172 4499 ignaros
1199 4440 1252 4484 et
1287 4431 1456 4485 virtus
1486 4432 1665 4497 ducat,
1694 4443 1748 4487 et
1773 4449 1945 4490 error.

683 4515 825 4585 Ergo
846 4530 937 4573 aut
956 4520 1209 4576 asthereis
1234 4522 1437 4576 nullum
1465 4532 1549 4577 est
1570 4524 1657 4591 jus
1684 4524 1894 4592 ignibus
1914 4527 1964 4581 in
1998 4542 2118 4594 nos,
2154 4510 2202 4571 ο

539 4606 646 4662 645
683 4608 856 4665 Autsi
893 4614 1017 4683 quid
1068 4618 1231 4669 nostri
1262 4618 1528 4682 retinent,
1576 4618 1820 4672 amittere
1851 4631 2073 4688 possunt
2103 4640 2115 4673 :

680 4700 812 4756 Cum
844 4704 971 4758 mihi
1005 4707 1285 4775 progenito
1328 4709 1394 4762 ad
1424 4711 1585 4763 vitam
1633 4712 1877 4764 mandata
1930 4713 2118 4768 salutis

682 4793 750 4847 Et
769 4796 917 4850 cordi
945 4797 1181 4853 insinuet
1206 4799 1377 4853 bonus
1401 4812 1587 4856 auctor
1608 4813 1657 4855 et
1682 4804 1921 4869 auribus,
1952 4819 2017 4860 ac
2033 4822 2117 4861 me

681 4885 998 4942 Currentem
1050 4890 1301 4945 mercede
1332 4900 1509 4957 vocet,
1556 4902 1763 4967 terrore
1795 4905 2115 4951 morantem.

680 4977 1377 5051 Solum,inquit,venerare
1402 4984 1590 5049 Deum,
1615 4985 1819 5053 solique
1842 4997 2115 5042 memento

533 5066 641 5123 650
680 5069 915 5141 Servire,
941 5083 1189 5128 externas
1216 5085 1269 5129 et
1290 5076 1507 5143 despice
1538 5076 1865 5145 relligiones.

679 5163 791 5220 Hoc
818 5168 1001 5234 operis
1021 5176 1239 5243 sectare
1260 5169 1407 5232 boni,
1438 5167 1540 5221 hoc
1561 5167 1685 5237 fuge
1707 5182 1895 5225 cautus
1918 5170 2108 5241 iniqui.

674 5254 791 5308 Vita
821 5256 977 5311 beata
1007 5260 1111 5312 isto
1146 5262 1369 5326 paritur,
1401 5273 1547 5311 mors
1576 5259 1751 5327 editur
1783 5261 1895 5315 illo.

668 5344 863 5399 Coram
883 5348 1225 5419 adsuntaqua
1252 5349 1536 5415 servatrix,
1566 5351 1845 5418 populator
1865 5361 1921 5407 et
1938 5354 2103 5425 ignis:

1204 270 1261 325 S.
1306 270 1638 327 l‘ROSPERl
1679 268 2008 333 AQUITANI
2047 268 2278 322 OPERA
2322 264 2638 319 lNCElil‘A‘S
2680 256 3188 323 AUCTORITATIS

2180 384 2232 443 Α
2401 378 2482 435 Ad
2511 378 2655 449 quod
2698 379 2777 433 vis
2804 379 3034 436 extende
3065 396 3312 449 manum;
3364 389 3514 453 patet
3561 397 3713 454 aqua
3760 385 3830 437 la-

2156 3137 2203 3199 C

3739 269 3835 327 65!

2613 471 2809 527 cultas.

2255 562 2363 619 655
2398 564 2549 632 Quod
2573 564 2706 635 legis
2736 563 2990 627 monitus.
3023 573 3077 619 et
3096 574 3277 620 vatum
3301 568 3501 637 scripta
3528 568 3759 637 piorum,

2396 658 2463 713 Et
2490 659 2632 713 Deus
2662 659 2775 728 ipse
2802 674 2900 714 suo
2929 660 3286 731 nequidquam
3311 670 3588 731 promeret
3617 678 3735 725 ore,

2395 752 2689 806 Arbitrium
2716 762 2955 806 nostrum
2984 752 3031 807 si
3056 753 3135 806 vis
3173 763 3395 809 externa
3429 764 3663 809 teneret.

2393 842 2591 897 Verum
2609 843 2655 897 si
2676 844 2801 913 quid
2822 844 2977 899 obest
2998 845 3209 911 virtuti,
3231 845 3549 914 animosque
3569 844 3821 911 retardat,

2393 934 2507 990 Non
2532 938 2709 1006 superi
2735 938 2946 1005 pariunt
2972 937 3144 1007 ignes,
3178 953 3279 994 nec
3297 939 3366 993 ab
3390 938 3596 993 aethere
3620 947 3819 993 manat:

2249 1027 2352 1083 660
2391 1029 2495 1084 Sed
2526 1030 2723 1083 nostris
2751 1029 2924 1083 oritur
2953 1030 3020 1084 de
3049 1031 3333 1097 cordibus;
3362 1031 3586 1101 ipsaque
3628 1031 3817 1086 bellum

2389 1122 2636 1178 Libertas
2658 1134 2856 1188 movet,
2884 1132 2937 1177 et
2963 1126 3235 1194 quatimur
3256 1126 3504 1180 civilibus
3529 1125 3729 1180 armis:

2388 1215 2503 1271 Otia
2544 1230 2665 1269 cum
2696 1216 2873 1269 mollis
2902 1218 3180 1283 complexa
3207 1218 3392 1286 ignava
3417 1220 3673 1286 voluptas

2388 1305 2597 1359 Dilficili
2631 1316 2787 1376 [legal
2815 1308 2892 1361 ire
2928 1307 3031 1373 via,
3061 1307 3351 1378 bravioque
3383 1309 3581 1378 potitos

2386 1394 2564 1450 Ardua
2586 1413 2810 1466 quaequo.
2842 1400 2983 1467 piget
3014 1415 3109 1467 pro
3148 1414 3243 1468 Spe
3272 1410 3478 1455 tentare
3508 1401 3717 1455 latenti.

2244 1485 2349 1540 665
2386 1486 2628 1557 Cumque
2653 1488 2766 1542 luec
2794 1490 2935 1544 intus
2956 1492 3037 1559 agi
3064 1492 3339 1560 prospexit
3357 1492 3584 1546 callidus
3614 1491 3775 1547 hostis
3793 1533 3807 1559 ,

2383 1579 2460 1634 De
2490 1580 2681 1635 studiis
2710 1581 2900 1637 vestris
2930 1583 3075 1637 vires
3100 1585 3271 1652 capit:
3303 1593 3466 1651 utque
3499 1583 3735 1653 parentis

2385 1671 2605 1726 Avertat
2635 1674 2747 1727 veri
2778 1673 3000 1739 cultttm,
3035 1674 3325 1743 persuadet
3348 1675 3415 1729 ab
3441 1677 3603 1730 astris

2385 1761 2515 1815 Fata
2538 1764 2673 1829 seri,
2703 1762 3011 1832 frustraque
3040 1766 3283 1821 homines
3303 1767 3637 1822 contendere
3658 1766 3803 1825 divis.

2383 1853 2515 1908 Hinc
2542 1857 2687 1908 vario
2717 1858 2838 1910 vita:
2868 1856 3117 1911 dominos
3148 1870 3457 1914 mercantur
3487 1861 3714 1915 honore.

2240 1941 2346 1997 670
2387 1944 2555 1999 Error
2584 1946 2688 2014 abi,
2718 1947 2903 2015 procul
2935 1962 3086 2001 error
3113 1948 3235 2003 alii:
3281 1950 3413 2004 satis
3451 1950 3625 2020 agnita
3662 1950 3805 2020 prisci

2380 2037 2827 2095 Suntcommeuta
2851 2040 2980 2106 doli,
3000 2043 3231 2097 monitos
3250 2044 3444 2113 quibus
3464 2044 3805 2113 Omnipotens

2591 2147 2691 2186 ﬂOS

2384 2222 2662 2291 Elaqueat,
2695 2226 2976 2297 cultusque
3003 2229 3160 2285 docet
3188 2229 3355 2286 vitare
3386 2233 3659 2299 profanos.

2384 2314 2599 2370 Scimus
2617 2317 2968 2388 enimquauta
2992 2322 3200 2376 steterit
3228 2325 3476 2379 mercede
3497 2328 3803 2393 quibusdam

2381 2407 2542 2461 Sidus
2567 2408 2845 2463 adoratum
2880 2410 3201 2483 Rempham,
3235 2427 3599 2488 venerataque
3623 2421 3741 2475 coeli

2239 2496 2345 2551 675
2382 2498 2593 2561 Militia,
2625 2510 2679 2554 et
2708 2501 2880 2555 cultus
2907 2502 3015 2556 Soli
3047 2503 3316 2573 Lunmque
3346 2506 3572 2563 dicatus.

2381 2588 2489 2643 Nec
2512 2590 2640 2644 latet
2671 2591 2787 2646 litec
2827 2595 3004 2648 verbis
3036 2595 3267 2649 hominis
3310 2597 3606 2652 subsistere
3638 2600 3775 2670 jussa

2383 2681 2463 2735 Ad
2494 2697 2676 2736 vocem
2706 2686 2943 2738 servisse
2972 2702 3144 2753 moro,
3175 2692 3452 2757 noctisque
3484 2694 3710 2759 repulsa:

2380 2773 2734 2843 Temporibus
2762 2776 2997 2832 crevisse
3023 2778 3196 2833 diem:
3224 2794 3341 2834 cum
3372 2781 3458 2835 lux
3489 2781 3735 2839 famulata

2381 2864 2623 2921 Nesciret
2655 2866 2754 2921 nisi
2786 2883 2943 2937 quem
2968 2869 3167 2924 faceret
3193 2873 3413 2925 victoria
3442 2873 3622 2928 linem.

2237 2957 2343 3014 680
2381 2958 2637 3013 Novimus
2661 2971 2714 3015 et
2745 2964 2883 3017 cmlo
2916 2963 3254 3032 prmscriptas
3285 2966 3622 3021 conditiones

2380 3051 2616 3106 Arbitrio
2645 3054 2912 3121 quondam
2946 3056 3115 3110 sancti
3143 3058 3401 3113 mansisse
3434 3060 3736 3128 prophetm;

2374 3141 2506 3196 Cum
2543 3149 2771 3212 positum
2817 3146 2881 3200 ad
2926 3154 3134 3216 tempus
3164 3148 3411 3215 clausos,
3454 3152 3756 3208 sitientibus

2587 3238 2728 3305 agris
2752 3278 2765 3300 ,

2373 3327 2535 3397 813
2558 3326 2667 3380 Non
2698 3329 2847 3383 licuit
2874 3346 3058 3386 rorare
3087 3332 3268 3401 polos;
3301 3334 3598 3403 ipsumque,
3626 3345 3799 3393 vocata

2374 3416 2622 3473 Partibus
2651 3436 2682 3474 e
2713 3423 2926 3492 superis
2955 3424 3007 3477 iu
3040 3433 3222 3479 sancta
3255 3426 3442 3480 altaria
3474 3428 3701 3495 ﬂamma,

2231 3509 2335 3564 685
2377 3510 2542 3577 Quem
2572 3512 2797 3566 dederat
2820 3516 2991 3568 sacris
3022 3515 3199 3585 ignem
3233 3517 3520 3572 immisisse
3551 3518 3792 3588 profanis.

2371 3606 2532 3674 Cujus
2554 3607 2633 3661 vis
2662 3613 2824 3662 etiam
2853 3608 3049 3663 Christi
3083 3611 3300 3678 delapsa
3332 3609 3522 3666 fuisset

2372 3697 2684 3766 Discipulis,
2719 3715 2928 3768 poenam
2960 3700 3173 3770 hospitii
3202 3714 3461 3756 exactura
3490 3703 3695 3772 negoti;

2376 3789 2436 3843 Ni
2472 3791 2682 3859 patiens
2717 3794 2970 3845 Dominus
2999 3796 3150 3848 venia
3184 3804 3529 3862 prmverteret
3556 3795 3681 3848 iram

2370 3880 2585 3934 Nullum
2645 3898 2773 3953 ergo
2826 3883 2879 3937 in
2926 3897 3025 3937 nos
3070 3892 3152 3937 est
3199 3883 3519 3953 permissum
3565 3883 3652 3952 jus
3693 3882 3797 3937 ele-

2582 3980 2777 4032 mentis
2794 4015 2810 4044 ,

2227 4065 2334 4121 690
2374 4066 2428 4120 lu
2453 4084 2571 4136 quae
2589 4069 2673 4136 jus
2699 4069 2929 4124 hominis
2955 4088 2967 4123 :
2994 4086 3091 4124 nec
3116 4078 3337 4139 possunt
3358 4068 3590 4124 condere
3610 4068 3790 4138 legem.

2371 4161 2499 4226 Quae
2540 4161 2710 4229 legem
2752 4162 3044 4232 accipiunt.
3098 4162 3254 4216 Solus
3296 4162 3437 4216 Deus
3474 4160 3792 4230 omnipotens

2579 4253 2713 4319 Rex,

2369 4344 2558 4399 Omnia
2584 4348 2672 4415 qui
2701 4356 2900 4401 nostrae
2928 4347 3204 4415 dispensat
3234 4356 3473 4414 tempora
3502 4345 3654 4407 vitaz.

2368 4436 2478 4491 Nec
2502 4438 2705 4492 servire
2732 4439 2894 4494 astris
2922 4441 3037 4494 vult
3065 4454 3199 4509 quos
3227 4453 3390 4508 super
3417 4447 3560 4492 astra
3591 4434 3786 4491 locavit.

2368 4526 2498 4581 Nam
2522 4544 2889 4599 quoscumque
2910 4546 3065 4585 sacro
3083 4528 3358 4584 renovavit
3374 4527 3604 4598 Spiritus
3627 4540 3805 4590 amne,

2225 4617 2331 4674 695
2369 4620 2425 4674 1η
2454 4619 2672 4675 Cluisto
2701 4625 2942 4691 genitos,
2975 4622 3188 4676 mortali
3220 4636 3285 4676 ex
3315 4619 3481 4690 stirpe
3511 4619 3725 4681 recisos,

2366 4711 2482 4765 .lam
2514 4713 2669 4766 sedes
2699 4715 2934 4768 cmlestis
2963 4714 3161 4777 habet.
3194 4728 3294 4767 nec
3325 4723 3500 4767 terrea
3527 4708 3687 4765 nectit

2367 4805 2659 4876 Progenies
2707 4809 2959 4877 templum
3003 4809 3055 4861 in
3107 4807 3319 4861 Domini
3365 4820 3665 4875 corpusque
3714 4817 3790 4855 rr-

2579 4898 2785 4954 dactos.
3782 4912 3785 4915 '

2362 4994 2513 5062 Quod
2545 4994 2588 5048 si
2616 4997 2737 5063 quis
2765 5010 2924 5049 cursu
2955 5003 3222 5049 astrorum
3264 4991 3569 5059 eﬂ‘ectuque
3599 4994 3787 5042 notata.

2364 5085 2652 5140 Contendit
2680 5096 2926 5140 naturam
2962 5085 3193 5139 hominis
3232 5084 3507 5152 vitamque
3533 5078 3726 5137 videri;

2225 5176 2328 5232 700
2365 5176 2561 5243 Quer
2581 5177 2706 5247 quid
2733 5182 2831 5231 hac
2855 5177 3080 5246 trepidis
3104 5175 3426 5231 mortalibus
3446 5173 3633 5229 aﬂ‘erat
3657 5166 3786 5225 arte!

2365 5270 2460 5324 llic
2494 5271 2712 5342 (inquit)
2743 5269 2870 5325 felix
2896 5315 2910 5339 ,
2956 5270 3124 5323 miser
3167 5269 3252 5323 hic
3282 5269 3385 5323 erit
3407 5309 3422 5334 ,
3467 5268 3606 5321 hunc
3636 5262 3787 5330 rapiet

2577 5378 2725 5417 mors

598 5577 810 5632 'CAPU‘I‘
836 5576 927 5631 IX.
954 5576 1144 5631 Contra
1167 5594 1251 5632 eos
1280 5578 1366 5638 qui
1388 5584 1595 5647 peccata
1621 5592 1714 5628 sna
1735 5576 1987 5632 sideribus
2003 5579 2105 5632 im-

524 5658 728 5719 putant.
758 5647 986 5701 Libertas
1012 5649 1345 5719 arbitriisola
1372 5663 1528 5719 causa
1553 5648 1771 5716 peccati.
1803 5647 1924 5719 Non
1951 5652 2102 5703 homo

524 5717 771 5775 sideribus
813 5719 1083 5777 subditur;
1138 5718 1223 5770 sed
1273 5718 1550 5785 aliquando
1599 5718 1767 5771 sidera
1815 5717 2104 5773 hominibus

2204 5588 2395 5639 sanctis
2447 5588 2653 5641 subdita
2705 5589 2881 5657 fuere:
2912 5586 3091 5651 Iosue,
3136 5586 3318 5640 ‘Elias.
3364 5584 3519 5638 Vana!
3559 5576 3777 5637 ettraxi!

2207 5661 2563 5721 praedictiones
2588 5659 2933 5713 humanorum
2951 5669 3160 5711 actuum
3181 5674 3245 5711 ex
3266 5659 3420 5711 astris
3450 5657 3632 5710 ducta.
