4014 6348
627 411 728 470 939
1259 410 1316 469 8.
1357 410 1697 467 PROSPERI
1738 410 2067 479 AQUITANI
2104 410 2333 466 OPEHA
2372 409 2692 465 INCERTA‘I
2732 405 3249 465 AUCTORITATIS.
3781 402 3866 464 MO

1618 724 1623 729 ρ
1921 621 2588 705 ADMONITIO

1349 768 1430 829 IN
1472 766 1755 829 LIBROS
1797 766 1901 826 DE
1945 762 2408 828 VOCATIONE
2457 763 2779 827 OMNIUM
2824 764 3207 827 GENTIUM.

706 869 803 925 Diu
829 879 912 926 est
933 885 1055 926 cum
1085 869 1342 939 quaeritur
1383 869 1503 940 quis
1532 869 1693 925 fuerit
1742 877 1930 940 auctor
1986 868 2241 922 librorum
2275 868 2356 940 de
2397 868 2690 923 Vocatione
2736 871 2974 923 omnium
3019 868 3291 925 Gentium.
3327 870 3391 924 Et
3418 869 3648 936 primum
3678 868 3862 933 quidem

630 942 849 1010 ascripti
878 953 1001 996 sunt
1024 951 1209 996 sancto
1234 939 1520 996 AmbrOsio
1541 956 1608 995 ex
1636 939 1987 1009 quorumdam
2020 939 2499 1007 manuscriptorum
2533 940 2793 1010 codicum
2838 941 2959 995 fide.
2998 940 3106 996 Sed
3151 957 3255 995 non
3290 941 3456 995 multo
3488 947 3609 1010 post
3656 946 3865 1005 tempore

630 1013 698 1067 ab
731 1008 829 1066 hac
856 1012 1105 1082 opinione
1130 1011 1427 1066 discessum
1458 1023 1558 1074 eSt,
1602 1008 1725 1065 cuiu
1755 1010 2185 1082 animadversum
2210 1019 2293 1063 est
2321 1010 2387 1062 ab
2414 1009 2638 1063 eruditis
2666 1026 2769 1063 non
2801 1011 2974 1082 solum
3014 1011 3096 1064 his
3125 1012 3177 1065 in
3212 1011 3362 1065 libris
3387 1011 3544 1066 citari
3578 1008 3862 1078 Pelagiana.

633 1100 749 1137 rum
784 1081 1186 1151 haeresim,qua2
1219 1082 1691 1151 postAmbrosium
1725 1084 1863 1135 inter
1889 1081 2096 1134 caelites
2120 1090 2450 1151 assumptum
2475 1088 2589 1133 orta
2645 1088 2747 1145 est,
2763 1081 2854 1134 sed
2890 1082 3128 1135 etiamin
3177 1082 3283 1135 illis
3327 1082 3409 1147 agi
3446 1082 3516 1135 de
3553 1082 3866 1138 contentione

632 1168 751 1223 quae
779 1152 832 1206 in
864 1149 1102 1207 Ecclesia
1133 1149 1253 1206 nata
1287 1164 1369 1207 est
1390 1168 1458 1206 ex
1485 1154 1725 1206 doctrina
1752 1166 1911 1221 quain
1943 1159 2162 1223 sanctus
2184 1149 2510 1223 Augustinus
2532 1159 2718 1223 contra
2747 1152 3149 1218 Pelagianorum
3175 1151 3426 1223 limresim,
3451 1152 3733 1223 decertans
3752 1161 3867 1205 stre-

634 1220 753 1305 nue
769 1233 1214 1305 pr0pugnaverat.
1250 1223 1449 1305 Deinde
1479 1238 1606 1305 vero
1637 1220 1900 1289 Prospero
1927 1221 2141 1301 ascripti
2167 1230 2289 1273 sunt
2302 1236 2339 1302 a
2365 1220 2703 1305 quibusdam,
2736 1224 2824 1285 qui
2854 1223 2975 1276 illos
3000 1223 3049 1275 in
3085 1222 3472 1305 inanuscriptis
3495 1220 3756 1275 nonnullis
3778 1225 3863 1276 sub

632 1295 688 1349 S.
715 1291 1207 1361 Prospeanouiine
1233 1292 1530 1359 descriptos
1562 1293 1820 1361 legerunt,
1850 1302 1905 1345 et
1932 1292 2053 1358 quia
2084 1306 2272 1357 magna
2301 1291 2351 1344 in
2388 1291 2471 1363 his
2513 1292 2743 1363 affinitas
2777 1300 2992 1363 notatur
3023 1308 3143 1347 cum
3172 1292 3559 1363 quaestionibus
3601 1305 3729 1363 quas
3760 1306 3863 1363 san-

633 1373 753 1418 ctus
782 1360 869 1418 ille
893 1364 1172 1433 Augustini
1202 1363 1497 1431 discipulus
1525 1372 1580 1416 et
1602 1360 1797 1415 vindex
1828 1363 1879 1415 in
1912 1363 2023 1415 suis
2049 1362 2299 1430 operibus
2326 1360 2519 1430 attigit.
2553 1361 2658 1417 Sed
2705 1362 2930 1415 eruditis
2954 1360 3315 1424 criticisfncc
3339 1364 3522 1429 paucis
3549 1362 3777 1430 quidem,
3804 1361 3865 1433 vi-

634 1449 753 1487 sum
782 1443 887 1497 est,
909 1446 963 1488 et
990 1432 1042 1488 in
1068 1436 1167 1487 hac
1189 1434 1418 1487 secunda
1438 1434 1747 1501 opinatione
1767 1443 2002 1485 erratum
2024 1446 2167 1497 esse,
2190 1446 2285 1485 nec
2307 1447 2399 1486 eos
2422 1442 2478 1485 ut
2505 1447 2661 1486 veros
2683 1434 2852 1485 sancti
2880 1433 3050 1487 Patris
3071 1434 3211 1488 illius
3236 1434 3373 1487 lctus
3401 1432 3607 1487 debere
3635 1432 3859 1499 agnosci:

636 1505 719 1558 his
748 1504 961 1574 quidem
986 1514 1201 1573 propter
1224 1504 1344 1574 styli
1376 1503 1762 1564 diversitatem.
1793 1502 2048 1574 illisvero
2074 1513 2289 1574 propter
2318 1502 2577 1574 doctrina:
2606 1503 3045 1568 discrepantiam.
3070 1504 3202 1558 Cum
3233 1520 3362 1558 vero
3391 1520 3498 1557 non
3545 1513 3863 1567 superessent

636 1574 730 1628 ulli
760 1573 975 1627 codices
993 1572 1368 1642 ’niaiiuscripti,
1394 1575 1446 1626 in
1472 1574 1664 1640 quibus
1690 1572 1808 1625 libri
1838 1572 1909 1624 illi
1940 1572 2091 1625 alteri
2122 1572 2330 1626 cuidam
2357 1573 2562 1640 parenti
2592 1575 3014 1642 assignarentur,
3042 1585 3152 1628 tum
3176 1590 3304 1629 vero
3328 1582 3545 1627 ventum
3571 1582 3653 1627 est
3676 1573 3734 1624 ad
3757 1586 3862 1625 eon-

634 1644 890 1714 jecturas.
921 1645 1025 1697 Alii
1057 1644 1222 1707 enim,
1254 1650 1389 1697 inter
1414 1659 1547 1712 quos
1573 1642 1758 1697 Latius
1788 1653 1844 1697 et
1874 1642 2115 1708 Vossius,
2148 1642 2349 1714 Hilario
2380 1642 2454 1695 illi
2502 1643 2814 1697 tribuendos
2843 1644 3210 1706 crediderunt,
3254 1644 3408 1713 cujus
3448 1644 3674 1708 episuila
3699 1643 3860 1714 legitur

636 1713 703 1767 ad
728 1725 969 1767 sanctum
1010 1716 1362 1782 Augustinum
1403 1716 1547 1777 data,
1580 1728 1845 1783 quemque
1875 1715 2114 1766 nonnulli
2145 1728 2263 1766 cuin
2286 1713 2587 1766 Arelatensi
2619 1714 2777 1782 hujus
2808 1714 3039 1767 nominis
3080 1716 3337 1782 episcopo
3374 1714 3746 1783 confuderunl.
3774 1713 3857 1767 Alii

639 1795 842 1848 autem,
869 1796 925 1837 ut
950 1785 1223 1846 Erasmus,
1255 1784 1518 1837 Eucherio
1551 1784 1707 1838 tribui
1740 1798 1895 1850 posse
1935 1784 2188 1849 suspicati
2221 1792 2366 1843 sunt,
2392 1783 2638 1852 illiusque
2658 1784 2870 1852 genium
2900 1785 3030 1837 satis
3067 1786 3275 1840 referre
3299 1784 3627 1850 iudicarunt.
3658 1782 3863 1849 Denique

640 1853 700 1925 Ρ.
728 1854 1035 1918 Quesnellio
1058 1856 1108 1908 in
1134 1864 1362 1908 mentem
1382 1856 1543 1907 subiit
1563 1869 1698 1923 opus
1721 1854 1821 1907 hoc
1841 1852 2005 1907 Leoni
2040 1853 2227 1923 Magno
2250 1854 2474 1925 omnino
2498 1869 2618 1907 esse
2643 1854 3055 1925 assignandum;
3090 1856 3244 1925 cujus
3266 1855 3565 1909 doctrinam
3591 1856 3864 1925 styluinque

639 1924 694 1978 in
735 1925 817 1976 his
846 1925 1054 1978 duobus
1087 1926 1236 1979 libris
1264 1927 1483 1978 omnino
1514 1939 1792 1993 agnovisse
1816 1939 1877 1978 se
1904 1930 2150 1977 asseruit.
2183 1923 2335 1988 Quod
2358 1939 2512 1977 suum
2543 1925 2641 1978 hac
2672 1924 2724 1979 in
2750 1940 2808 1978 re
2836 1925 3089 1991 judicium
3113 1923 3241 1980 satis
3272 1925 3554 1993 probabile
3588 1924 3765 1977 feciSse
3792 1924 3864 1975 vi-

640 1994 886 2059 debatur,
917 1995 984 2049 ita
1015 2005 1071 2047 ut
1096 1996 1242 2049 multi
1271 2006 1555 2063 postrema:
1579 1996 1651 2048 illi
1682 1993 1918 2063 opinioni
1949 1996 2086 2047 ultro
2114 1993 2514 2048 subscriberent
2545 2012 2564 2048 :
2594 2010 2713 2049 cuin
2764 1995 3030 2064 Josephus
3062 1997 3363 2051 Autelmius
3396 1993 3766 2062 Forojttliensis
3787 2006 3867 2047 ca-

642 2064 865 2135 nonicos
894 2067 945 2117 in
976 2068 1302 2119 contrarium
1326 2081 1383 2119 se
1409 2081 1685 2133 opponens
1710 2107 1723 2129 ,
1752 2075 1807 2118 et
1844 2064 1999 2134 longa
2028 2065 2399 2119 dissertatione
2428 2065 2566 2119 hanc
2591 2067 2900 2135 opinionem
2943 2066 3204 2121 subruere
3251 2077 3503 2130 conatus,
3535 2065 3742 2119 alteram
3775 2078 3867 2132 qua

644 2133 698 2187 hi
727 2134 845 2188 libri
869 2134 1120 2205 Prosperi
1146 2150 1266 2191 esse
1295 2137 1738 2205 agnoscebantur.
1766 2136 1955 2189 iterum
1989 2136 2239 2189 statuisse
2267 2151 2325 2189 se
2350 2136 2610 2203 gloriatus
2631 2133 2736 2190 est.

714 2205 857 2259 Inter
888 2216 993 2260 tam
1030 2206 1267 2260 dii‘ei-sas
1292 2224 1392 2259 una
1422 2207 1487 2259 de
1515 2222 1574 2260 re
1603 2205 1905 2273 opiniones,
1930 2205 2048 2259 dum
2079 2216 2283 2259 tantum
2309 2207 2427 2273 ejus
2455 2218 2577 2259 sunt
2610 2206 2859 2276 ponderis
2888 2222 3006 2275 quae
3038 2207 3091 2260 in
3120 2222 3341 2261 examen
3385 2205 3625 2260 revocari
3655 2219 3871 2260 merean-

644 2284 767 2347 tur:
796 2276 999 2347 scilicet
1030 2292 1149 2345 quae
1178 2285 1364 2330 sancto
1393 2277 1678 2343 PrOSpet-o,
1703 2286 1756 2331 et
1783 2291 1902 2342 qua}
1942 2285 2126 2329 sancto
2157 2276 2320 2330 Leoni
2355 2277 2456 2331 hoc
2478 2292 2612 2339 opus
2643 2278 3023 2346 assignandum
3053 2278 3289 2347 probant
3318 2295 3330 2330 :
3356 2278 3474 2331 alia:
3504 2277 3645 2330 enini
3671 2287 3748 2329 aut
3770 2290 3871 2327 ma-

647 2344 847 2417 nifesto
874 2344 1166 2409 falsaa,ant
1194 2348 1342 2401 nullo
1375 2346 1719 2401 fundamento
1759 2346 1852 2399 niti
1886 2348 2250 2401 inveniuntur.
2283 2348 2566 2402 Ambrosio
2614 2344 3347 2417 enim—quomodotribuetur
3377 2363 3511 2417 opus
3544 2346 3594 2400 in
3624 2361 3720 2417 quo
3743 2361 3872 2417 quae-

642 2415 849 2487 stiones
880 2417 1147 2484 agitantur
1168 2432 1287 2485 quin
1320 2418 1557 2486 pluribus
1586 2417 1739 2471 annis
1767 2424 1886 2485 post
1915 2418 2180 2472 Ambrosii
2223 2418 2428 2471 obitum
2469 2420 2685 2473 tractari
2734 2415 3046 2487 caiperunt?
3082 2418 3192 2473 Nec
3218 2435 3278 2472 ea
3328 2415 3426 2472 est'
3456 2417 3581 2487 styli
3608 2416 3870 2470 similitudo

654 2486 793 2558 inter
825 2488 983 2558 hosce
1014 2487 1183 2542 libros
1205 2497 1261 2542 et
1288 2504 1449 2556 upera
1476 2489 1646 2542 sancti
1674 2488 1943 2547 Eucherii.
1976 2498 2030 2541 ut
2060 2502 2124 2539 ex
2150 2490 2265 2541 solo
2292 2487 2392 2541 hoc
2417 2489 2759 2544 fundamento
2789 2486 2837 2543 ei
2867 2491 3068 2542 auctori
3098 2490 3254 2543 tribui
3289 2486 3689 2558 queantJlulto
3718 2489 3871 2558 minus

644 2556 713 2610 ab
744 2557 946 2628 Hilario
979 2558 1279 2613 Arelatensi
1310 2569 1561 2614 exaratos
1588 2558 1862 2623 credibile,
1889 2574 2010 2612 cum
2042 2558 2130 2611 ille
2161 2558 2209 2611 in
2244 2560 2462 2612 materia
2494 2563 2676 2628 gratiae
2725 2575 2828 2612 non
2856 2559 2999 2623 paria
3044 2561 3272 2613 sentiret
3302 2556 3425 2613 cum
3458 2556 3868 2628 Augttstino,sed

644 2627 814 2700 magis
840 2642 963 2700 eum
997 2629 1078 2681 his
1116 2634 1205 2698 qut
1256 2632 1305 2683 in
1337 2630 1441 2684 hoc
1475 2630 1735 2696 cpusculo
1777 2630 2178 2698 impugnantur.
2214 2629 2321 2683 Nec
2351 2627 2673 2700 Syracusani
2701 2629 2888 2684 Hilarii
2918 2645 3039 2684 esse
3070 2630 3378 2691 verisimile,
3407 2638 3500 2682 aut
3551 2628 3731 2700 Hilarii
3752 2627 3870 2680 illius

645 2697 813 2751 sancti
838 2698 1089 2765 Prosperi
1120 2697 1252 2755 socii
1284 2703 1361 2768 (si
1394 2710 1569 2756 tamen
1594 2717 1698 2753 non
1732 2697 1867 2753 unus
1896 2703 1965 2753 sit
1988 2700 2290 2767 idemque);
2312 2701 2356 2751 si
2389 2697 2602 2768 quidem
2626 2701 2973 2767 epistolaruin
3006 2716 3137 2767 quas
3158 2700 3222 2754 ad
3257 2701 3607 2768 Augustinum
3640 2698 3871 2752 dederunt

646 2768 819 2841 stylus
846 2769 1000 2838 longe
1027 2770 1189 2824 distat
1219 2787 1245 2822 a
1278 2771 1417 2841 stylo
1445 2772 1680 2826 auctoris
1705 2770 1894 2841 nostri.
1928 2770 2031 2824 Sed
2059 2785 2155 2841 nec
2186 2769 2433 2838 Prosperi
2462 2771 2859 2825 Aurelianensis
2881 2786 3016 2841 opus
3047 2785 3165 2825 esse
3195 2771 3507 2838 agnoscitur
3538 2786 3554 2823 :
3586 2770 3669 2838 qui
3691 2776 3867 2821 tantum

645 2839 797 2916 abest
817 2850 873 2892 ut
905 2851 1185 2916 tractatum
1213 2839 1459 2916 ejus‘quo
1490 2842 1592 2895 iste
1616 2840 1925 2916 agnoscitur
1945 2856 2071 2916 esse
2102 2839 2300 2916 ingenii
2325 2841 2563 2916 scribere
2604 2842 2856 2916 potuerit,
2885 2852 2938 2894 ut
2963 2840 3241 2916 Sidonium
3268 2842 3667 2916 Appellinarent
3699 2853 3867 2916 conve-

646 2910 767 2961 nire
790 2922 1008 2963 coactus
1029 2913 1122 2973 sit,
1143 2926 1264 2965 cuin
1292 2910 1457 2965 vitam
1488 2910 1665 2965 sancti
1690 2912 1880 2965 Attiani
1924 2911 2228 2965 decessoris
2257 2914 2337 2964 sui
2365 2912 2522 2965 scribi
2549 2914 2783 2981 optavit,
2811 2927 2969 2980 quam
3017 2912 3131 2979 ipse
3174 2928 3267 2978 pro
3297 2912 3381 2964 sui
3414 2912 3608 2979 ingenii
3646 2910 3869 2981 tenuitate

646 2981 862 3051 aggredi
892 2996 1187 3051 aususnon
1219 2982 1347 3045 fuit;
1381 2996 1473 3036 sec
1502 2982 1731 3051 denique
1750 2981 1867 3050 ejus
1897 2981 2140 3049 Prosperi
2172 2983 2261 3051 qui
2292 2983 2527 3036 interfuit
2553 2979 2975 3051 subscripsitque
3001 2984 3227 3036 concilio
3246 2982 3251 2983 “
3270 2980 3741 3049 Carpentoracensi
3770 2979 3871 3031 anni

645 3045 860 3121 5i],_et
891 3050 1114 3104 Vaseusi
1138 3054 1260 3105 anni
1292 3052 1416 3106 529.
1448 3045 1720 3114 Siquidem
1749 3045 1885 3118 opus
1910 3045 2043 3105 illud
2060 3053 2127 3105 de
2145 3045 2432 3107 vocatione
2456 3054 2705 3107 Gentium
2733 3045 2934 3121 absque
2965 3057 3196 3106 auctoris
3226 3045 3443 3107 nomine
3464 3054 3684 3107 citatum
3708 3052 3872 3121 legitur

644 3117 918 3199 {Oﬁlﬁtsio
946 3136 1081 3199 papa
1114 3122 1165 3174 in
1195 3136 1294 3176 suo
1318 3131 1502 3199 contra
1530 3117 1844 3199 Pelagianos
1867 3122 2126 3192 opusculo
2158 3140 2168 3175 :
2202 3124 2334 3199 obiit
2368 3139 2520 3199 ver_o__‘
2534 3124 2780 3199 Gelasius
2829 3117 2970 3175 anno
2994 3123 3121 3186 496,
3156 3123 3295 3179 unde
3325 3133 3477 3178 extra
3526 3138 3733 3177 omnem
3757 3117 3873 3174 reri.

645 3188 1008 3263 similitudinis
1024 3188 1263 3257 speetem
1293 3203 1375 3247 est
1396 3192 1613 3247 citatum
1644 3188 1711 3246 ab
1742 3192 1832 3245 illo
1861 3188 2098 3260 auctore,
2133 3193 2225 3263 qui
2268 3210 2408 3248 anno
2457 3191 2559 3247 529
2596 3205 2709 3247 erat
2739 3203 3030 3259 superstes.

719 3260 776 3313 ιιι
802 3258 902 3315 hoc
926 3276 1055 3330 ergo
1084 3277 1245 3317 unum
1271 3270 1379 3317 tota
1403 3264 1627 3317 vertitur
1647 3266 1874 3331 quiestio
1905 3281 1919 3317 :
1952 3280 2019 3318 an
2053 3257 2185 3333 opus
2209 3267 2369 3320 hocce
2404 3265 2648 3329 Prosperi
2681 3265 2771 3329 sit,
2803 3257 2868 3318 an
2918 3264 3113 3319 Leonis
3144 3264 3337 3333 Magni,
3378 3279 3444 3317 an
3475 3262 3688 3318 tandem
3730 3257 3872 3330 ign0ti

645 3328 751 3402 huc
778 3345 945 3402 usque
972 3328 1205 3387 auctoris
1236 3335 1340 3388 dici
1366 3334 1582 3389 debeat.
1613 3328 1704 3387 Hie
1724 3346 1901 3388 autem
1934 3328 2203 3402 utrimque
2232 3338 2466 3389 rationes
2488 3328 2819 3389 diversarum
2847 3328 3559 3400 opinationumafferuntur.

716 3400 819 3474 _Pru
849 3401 1110 3471 Prospero
1135 3404 1348 3472 quidem
1371 3405 1545 3474 primo
1570 3403 1889 3459 exhibentur
1918 3400 2266 3473 manuscripti
2295 3407 2529 3467 Codices.
2562 3414 2617 3459 et
2648 3407 2825 3473 plures
2857 3406 3089 3472 quidem,
3122 3407 3172 3457 in
3204 3405 3398 3473 quibus
3428 3405 3554 3457 huic
3585 3403 3727 3471 operi
3754 3414 3870 3474 prte-

644 3468 1033 3545 fi‘giturtnomen
1059 3468 1307 3542 Prosperi
1335 3468 1692 3530 :Hincmarus
1717 3491 1926 3545 quoque
1976 3476 2120 3529 testis
2151 3468 2452 3540 adducitur,
2484 3476 2571 3544 qui
2614 3468 2665 3529 in
2706 3476 2843 3529 libro
2874 3468 3033 3541 quem
3066 3468 3281 3543 scripsit
3323 3474 3390 3530 de
3416 3468 3875 3545 Praedestinatione

641 3540 771 3616 citat
791 3541 928 3616 illud
953 3546 1053 3600 sub
1083 3540 1300 3600 nomine
1328 3548 1496 3601 sancti
1536 3540 1782 3613 Prosperi
1817 3540 2162 3601 {doctrinam
2193 3563 2403 3616 quoque
2430 3540 2647 3612 hujusce
2690 3546 2867 3613 operis
2894 3540 2951 3601 S.
2987 3540 3516 3613 Prosperidoctiinre
3547 3546 3872 3616 conformetn,

642 3612 837 3681 stylum
862 3615 1021 3669 etiam
1042 3615 1205 3687 valde
1230 3618 1481 3680 similem,
1514 3612 1807 3671 sententias
1836 3618 2053 3672 easdem
2083 3612 2371 3687 utrobique
2414 3616 2517 3685 legi
2547 3616 2893 3672 contendunt.
2928 3612 3170 3685 Exempli
3197 3619 3392 3685 gratia,
3424 3616 3555 3671 dicit
3582 3616 3800 3683 Prosper
3826 3613 3870 3666 in

640 3694 738 3737 suo
760 3687 996 3741 carmine
1023 3685 1090 3741 de
1115 3686 1341 3757 [ngratis
1361 3687 1505 3759 quod

1131 3800 1291 3864 Sedes
1311 3800 1461 3851 Roma
1484 3802 1643 3864 Petri,
1669 3815 1780 3864 quo
1804 3800 2057 3864 pastoralis
2076 3802 2273 3849 honoris

1135 3862 1280 3926 Eacia
1301 3871 1445 3926 caput
1467 3862 1663 3924 mundo,
1682 3862 1917 3926 quidquid
1943 3876 2038 3912 non
2067 3864 2283 3924 possidet
2306 3863 2453 3910 armis

1134 3923 1413 3988 Belligione
1433 3933 1590 3975 tenet.

712 4025 827 4079 Hoc
856 4025 993 4081 idem
1022 4034 1075 4079 et
1105 4025 1294 4080 iisdem
1329 4041 1465 4095 pene
1492 4026 1671 4081 verbis
1712 4027 1906 4093 legitur
1929 4025 2071 4091 apud
2118 4024 2369 4084 eumdem
2400 4031 2671 4078 auctorem
2714 4025 2971 4080 librorum
3020 4026 3090 4080 de
3124 4025 3414 4081 Vocatione
3444 4026 3697 4082 Gentium
3726 4022 3877 4095 capite

643 4094 709 4148 16
772 4096 888 4150 libri
947 4110 1006 4149 ll.
1049 4096 1281 4165 Prosper
1334 4094 1551 4165 quoque
1614 4099 1667 4150 iu
1708 4096 2077 4165 Responsioue
2139 4097 2205 4149 ad
2260 4096 2607 4164 Objectiones
2669 4095 2944 4151 Gallorum
2987 4099 3179 4153 asserit
3241 4098 3382 4165 quod
3448 4115 3511 4151 ea:
3577 4106 3681 4150 toto
3713 4094 3880 4150 tuendo

641 4174 775 4217 totus
808 4166 1027 4218 mundus
1056 4164 1265 4237 eligitur
1296 4184 1313 4222 :
1347 4164 1594 4236 loquendi
1629 4164 1829 4222 modus
1847 4166 2039 4222 similis
2079 4166 2272 4236 legitur
2307 4167 2361 4220 in
2391 4166 2530 4218 libro
2558 4183 2571 4220 I
2600 4166 2677 4237 de_
2701 4167 2990 4223 Vocatione
3019 4164 3271 4223 Gentium
3321 4183 3443 4235 cap.
3484 4166 3539 4229 9,
3576 4167 3663 4221 ubi
3712 4166 3771 4219 de
3793 4175 3879 4218 toto

642 4238 831 4291 mundo
852 4245 985 4288 totus
1016 4235 1234 4291 mundus
1264 4235 1503 4291 liberatus
1529 4239 1855 4306 agnoscitur.
1887 4238 1946 4293 S.
1981 4238 2213 4306 Prosper
2235 4237 2287 4291 in
2311 4238 2547 4290 carmine
2573 4237 2638 4289 de
2662 4235 2909 4306 lngratis,
2947 4241 3085 4293 inter
3114 4240 3324 4292 diversa
3364 4237 3789 4292 inscrutahiliutn
3808 4237 3880 4305 ju-

641 4308 900 4362 diciorum
923 4306 1017 4360 Dei
1041 4309 1284 4375 exempla
1316 4320 1560 4361 numerat
1588 4325 1681 4362 eas
1707 4308 2037 4362 differentias
2067 4324 2187 4378 qua:
2219 4307 2565 4375 reperiuntur
2593 4308 2735 4378 inter
2762 4311 3023 4373 homines,
3059 4311 3219 4363 etiam
3254 4310 3304 4363 in
3336 4310 3675 4362 naturalibus
3700 4309 3842 4360 donis
3868 4321 3879 4355 :

644 4378 902 4433 librorum
924 4378 989 4431 de
1011 4378 1301 4432 Vocatione
1323 4378 1556 4447 gentium
1580 4394 1772 4447 parens
1795 4381 2038 4433 eamdem
2060 4377 2512 4444 coinparatioucm
2548 4377 2769 4432 adhibet
2790 4380 2924 4433 libro
2949 4396 2965 4434 ι
2996 4381 3170 4448 capite
3193 4379 3279 4435 Η.
3309 4379 3546 4447 Denique
3566 4380 3624 4432 S.
3650 4379 3878 4446 Prosper.

642 4460 696 4503 et
723 4449 908 4519 seripti
936 4449 1311 4518 subsequentis
1338 4458 1545 4513 auctor,
1579 4449 1819 4517 exempla
1851 4450 2129 4519 infantium
2152 4450 2271 4519 sine
2299 4449 2565 4513 baptismo
2597 4451 2960 4519 morientium,
2994 4450 3289 4505 intidelium
3333 4465 3547 4519 quoque
3578 4450 3633 4504 in
3664 4460 3881 4504 extremo

644 4521 765 4572 vitai
797 4518 964 4572 halitu
992 4520 1057 4574 ad
1087 4522 1251 4575 Deum
1280 4536 1683 4587 conversurum,
1716 4529 1771 4573 et
1795 4518 1895 4572 alia
1920 4520 2068 4587 plura
2100 4518 2162 4570 ad
2194 4520 2407 4573 easdem
2440 4534 2526 4573 res
2560 4518 2859 4587 probandus
2888 4531 3170 4587 usurpant.

715 4589 782 4644 Et
804 4605 928 4644 vero
957 4589 1071 4645 Jos.
1103 4592 1425 4655 Autelinius,
1456 4591 1545 4659 qui
1579 4590 1715 4643 hanc
1744 4592 2051 4658 opiiii0nem
2082 4590 2226 4644 inter
2242 4589 2460 4644 criticos
2478 4589 2599 4659 jam
2619 4591 2914 4644 obsoletam
2949 4594 3080 4644 tueri
3110 4592 3371 4658 suscepit,
3396 4589 3767 4657 hujuscemodi
3789 4600 3883 4641 mo-

646 4671 824 4715 menta
858 4662 1138 4727 ponderat,
1186 4658 1576 4732 exaggeratque
1606 4661 1815 4727 sedulo,
1860 4662 2069 4727 aliaque
2116 4662 2339 4732 insuper
2369 4659 2527 4732 addit
2573 4658 2729 4732 ducta
2757 4675 2823 4715 ex
2856 4664 2975 4732 styli
3024 4663 3399 4726 similitudine,
3430 4663 3883 4732 verborumqueet

643 4735 1032 4786 sententiarum
1060 4729 1431 4799 consonantia,
1473 4729 1593 4801 quae
1627 4733 1676 4784 in
1708 4732 1929 4786 diffusas
1969 4732 2177 4784 tabulas
2229 4729 2574 4801 distribuens,
2610 4730 2763 4801 longa
2792 4741 2848 4785 et
2875 4729 3010 4801 pene
3051 4732 3323 4786 fastidiosa
3356 4733 3609 4799 parallela
3644 4730 3879 4801 instituit.

644 4803 779 4857 Tum
814 4802 989 4858 Photii
1025 4805 1386 4858 testiinonium
1415 4799 1631 4856 adducit
1654 4804 1704 4854 in
1729 4803 1982 4863 medium,
2009 4801 2099 4869 qui
2127 4802 2178 4855 in
2203 4801 2323 4855 cod.
2349 4801 2382 4855 5
2435 4799 2779 4871 Bibliotheca
2801 4799 3052 4856 Actorum
3081 4803 3452 4871 episcOporum
3480 4800 3880 4856 Occidentalium

644 4882 827 4929 coiitra
867 4873 1179 4943 Pelagianos
1202 4876 1502 4942 insurgens.
1531 4873 1606 4925 ait
1638 4887 1654 4927 :
1686 4872 1814 4927 Cum
1846 4874 2083 4942 temporis
2112 4888 2379 4941 progressu
2406 4882 2553 4925 recite
2577 4869 2731 4939 hujus
2748 4872 2989 4943 [tomines
3020 4869 3339 4942 per—heresis
3383 4888 3490 4927 sua:
3520 4873 3883 4943 abjurationem

646 4944 891 4999 Ecclesia:
912 4941 1130 4999 restituti
1148 4957 1330 5009 essent,
1358 4947 1542 4997 iterum
1576 4944 1769 4996 malum
1799 4946 1861 4995 ab
1890 4941 2011 5013 ipsis
2042 4944 2353 5013 principium
2379 4943 2616 5012 sumpsit,
2649 4950 2705 4993 ut
2736 4941 2970 5010 Septimo
2992 4941 3518 5013 epircOporenascens
3566 4941 3745 4996 eadem
3769 4941 3881 5013 lites,

643 5028 915 5087 antequam
954 5015 1155 5087 longius
1174 5026 1397 5085 serperet
1417 5016 1570 5083 fuerit
1593 5010 1933 5087 reprimenda,
1963 5014 2095 5087 datis
2134 5010 2448 5087 ad'Leonem
2477 5010 2653 5067 Romae
2691 5020 2815 5087 tunc
2843 5014 3009 5065 sedem
3038 5012 3373 5087 apostolicum
3392 5023 3651 5066 tenentem
3674 5011 3843 5087 litteris
3872 5024 3885 5061 ε

642 5089 728 5155 qui
757 5081 857 5141 Leo
889 5081 1096 5157 ferventi
1130 5091 1236 5141 zelo
1260 5081 1439 5140 contra
1490 5081 1811 5157 impietatem,
1841 5088 1981 5137 illam
2010 5084 2333 5157 depugnarit.
2366 5082 2491 5157 Post
2539 5100 2639 5135 non
2670 5082 2762 5157 diu
2790 5099 2995 5157 rursum
3026 5084 3180 5157 veluti
3223 5085 3436 5138 existere
3463 5094 3620 5157 atque
3650 5081 3834 5157 renasci
3860 5095 3882 5131 e

644 5158 779 5210 mala
806 5154 974 5212 radice
1006 5159 1321 5225 impudenter
1355 5172 1471 5210 cum
1506 5158 1755 5225 coepisset,
1784 5156 1960 5208 (iouia:
1988 5156 2139 5207 etiam
2170 5154 2378 5222 quidam
2407 5154 2557 5207 libere
2585 5170 2675 5220 pro
2702 5154 2882 5225 Ιιωνγεεὶ
2930 5154 3086 5225 locuti
3123 5164 3259 5214 sunt.
3288 5171 3413 5223 quos
3444 5156 3521 5206 vir
3548 5170 3676 5208 sane
3702 5154 3882 5225 diriguit

644 5227 869 5296 Prosper
901 5222 1085 5283 libellis
1106 5230 1345 5282 adversus
1366 5243 1451 5281 eos
1477 5227 1529 5278 in
1556 5222 1734 5297 uulgus
1755 5227 1902 5297 editis
1932 5226 2083 5297 faeile
2112 5224 2760 5297 dissipavitiexstinxitque,
2790 5224 2959 5297 Leone
2996 5222 3481 5297 etiamnum'quem
3499 5226 3751 5297 diximus,
3789 5222 3882 5277 Ro-

644 5294 849 5371 manum
876 5300 1045 5353 sedent
1064 5298 1391 5371 gubernante.
1426 5296 1578 5371 Quod
1610 5294 1737 5371 vero
1759 5294 1850 5371 hic
1879 5294 1953 5348 ait
1977 5295 2343 5371 Photiusaliis
2378 5296 2635 5371 Prosperi
2650 5296 2903 5371 operibus
2926 5303 3053 5371 ante
3082 5294 3278 5371 Leonis
3311 5294 3486 5371 Magni
3530 5295 3884 5363 pontificatum

645 5370 877 5422 exaratis
904 5364 1192 5424 convenire
1217 5376 1509 5437 nequeunt.
1547 5367 1617 5420 De
1647 5366 1799 5437 libris
1822 5381 1946 5435 ergo
1976 5366 2057 5420 his
2077 5365 2143 5419 de
2167 5365 2455 5437 Vocatione
2474 5365 2731 5437 Gentium
2764 5364 3081 5437 loquebatur
3110 5365 3449 5437 ibil‘botius.

715 5437 816 5504 Qui
839 5450 1018 5493 autem
1044 5455 1075 5495 e
1112 5434 1429 5493 contra'hos
1448 5437 1609 5490 libros
1638 5451 1668 5489 a
1687 5434 1932 5502 Prosperi
1964 5437 2215 5503 operibus
2238 5436 2552 5506 alienandos
2580 5446 2826 5506 tuentur,
2860 5435 2911 5489 id
2941 5435 3112 5504 primo
3151 5436 3374 5490 dicunt:
3400 5434 3612 5506 Stylum
3645 5435 3886 5489 librorum

646 5506 859 5579 illorum
901 5510 1058 5579 longe
1084 5509 1277 5563 differe
1297 5526 1324 5562 a
1359 5508 1509 5579 stylo
1529 5507 2046 5579 operumiProsperi.
2063 5507 2207 5579 llaec
2231 5504 2330 5579 fuit
2348 5521 2577 5579 censura
2608 5504 3045 5579 doctissimorum
3073 5506 3214 5579 inter
3234 5506 3451 5560 criticos
3470 5504 3661 5579 hujus
3677 5506 3849 5579 saeculi
3874 5519 3883 5550 :

644 5579 723 5632 sic
747 5578 887 5631 enim
917 5574 1124 5644 Laiius,
1163 5574 1435 5644 Erasmus,
1468 5576 1714 5641 Vossius,
1745 5574 1981 5641 Grotius,
2027 5577 2219 5644 aliique
2262 5576 2399 5629 bene
2430 5576 2578 5629 inulti
2614 5578 2983 5643 praecellentes
3024 5576 3311 5645 cximiiqoe
3339 5574 3762 5645 saporis'critici
3780 5590 3889 5629 cen-

644 5658 885 5703 suerunt.
920 5650 1204 5705 Enimvero
1233 5651 1463 5703 auctoris
1486 5650 1741 5702 librorum
1773 5649 1838 5701 de
1870 5647 2155 5702 Vocatione
2181 5648 2350 5717 stylus
2380 5646 2735 5714 Prosperiano
2759 5648 2913 5716 longe
2959 5648 3265 5715 castigatior
3310 5646 3761 5717 concinniorque,
3792 5648 3891 5699 ele-

642 5719 854 5789 gantior
890 5720 1075 5785 dictio,
1115 5720 1317 5789 periodi
1364 5722 1529 5788 magis
1552 5728 2019 5784 commensuratac,
2061 5716 2357 5789 antitheses
2394 5718 2804 5789 sententiarum,
2838 5717 3231 5789 verborumque
3262 5732 3450 5786 pugnae
3475 5716 3890 5789 frequentiores,

644 5787 976 5845 schematum
1004 5787 1132 5843 usus
1161 5791 1422 5858 crebrior,
1456 5787 1562 5844 tuta
1585 5792 1814 5857 denique
1842 5789 2012 5844 oratio
2052 5805 2119 5841 ex
2167 5787 2413 5842 affectate
2461 5788 2829 5857 rhythmorum
2861 5802 3088 5841 occursu
3119 5788 3278 5857 longe
3308 5787 3659 5841 modulatior.
3693 5788 3893 5854 Hocque

645 5858 1334 5924 imprimisattendenduin,
1366 5870 1549 5929 utpote
1578 5877 1680 5915 non
1708 5863 1807 5914 nisi
1840 5876 1903 5915 ex
1933 5858 2468 5928 consiliostudioque
2495 5869 2711 5922 natum;
2745 5874 2850 5915 non
2875 5860 3018 5913 enim
3057 5869 3184 5913 tunc
3223 5858 3395 5913 solum
3422 5866 3744 5922 occurrunt,
3787 5869 3895 5911 cum
