4014 6348
131 388 211 444 (μί
751 375 1121 432 ADMONITIO
1163 374 1225 431 IN
1266 374 1512 429 LIBROS
1552 373 1641 427 DE
1683 368 2068 428 VOCA'I‘lONE
2109 372 2377 427 OMNIUM
2417 368 2743 428 GENTIUM.
3266 370 3379 432 662

134 500 175 553 itt
200 510 283 549 eas
309 492 454 547 velut
483 498 674 559 sponte
702 504 919 543 currere
945 488 1226 541 videbatur
1246 488 1439 549 oratio,
1488 485 1627 555 quod
1678 495 1733 539 et
1762 500 2160 556 nonnumquam
2206 487 2256 540 itt
2309 487 2576 557 Prospero
2609 488 2910 555 inveneris;
2942 490 3034 545 sed
3064 490 3184 545 aliis
3213 492 3376 549 etiam

137 571 179 623 itt
205 567 347 623 lueis,
381 565 467 615 tibi
500 561 707 616 nonnisi
741 562 859 613 data
890 576 1049 625 Opera
1083 567 1482 626 usurparentur.

190 640 244 692 3°
280 632 557 689 Scribendt
584 631 865 685 tnetltodus
894 630 1099 702 auctori
1140 627 1710 702 auonymolamiliaris
1731 642 1760 702 a
1791 627 2041 702 Prosperi
2073 630 2278 702 ratione
2309 632 2595 698 plurimum
2626 632 2871 689 dissidet.
2909 633 3004 688 Hic
3034 633 3175 687 enim
3202 634 3373 702 palam

134 722 179 764 et
204 706 409 778 publice
432 713 757 757 assertorem
780 715 839 755 se
860 700 1239 778 vindicemque
1269 698 1437 778 sancti
1481 700 1765 778 Augustini
1783 698 2021 778 exhibet,
2053 698 2168 767 ejus
2212 701 2467 778 doctrinm
2509 704 2692 778 apices
2732 717 2931 778 omnes
2952 705 3148 770 ubique
3177 698 3376 759 acriter

134 796 181 833 ac
205 768 411 830 strenue
444 776 990 843 propugnat,pretnit
1019 772 1259 843 studiose
1290 771 1611 843 otttniaejus
1636 768 1893 843 vestigia;
1925 772 2121 839 ubique
2144 773 2311 843 sancti
2333 768 2575 826 Doctoris
2606 775 2868 839 animum,
2901 768 3225 843 doctrinam,
3249 791 3373 830 sen-

133 864 302 916 susque
340 840 743 912 omnes'spirat.
779 842 917 916 Nihil
966 844 1069 916 tale
1100 842 1151 895 in
1182 840 1631 916 geminolibello.
1683 840 1757 916 De
1801 848 1988 916 sancto
2018 840 2313 909 Augustino
2362 858 2429 896 ne
2457 858 2590 916 apex
2638 845 2851 913 quidem
2902 846 3080 911 ullus;
3112 847 3181 899 ita
3210 840 3266 900 ut
3287 846 3370 901 vel

134 910 279 981 ipsum
305 917 549 969 videatur
577 910 681 967 non
704 927 865 968 nosse
891 913 908 980 (
931 914 1073 979 quod
1096 928 1254 965 netno
1280 910 1637 978 crediderit);
1668 911 1751 964 vel
1776 910 1896 977 ejus
1918 926 2109 964 nomen
2134 927 2199 965 ex
2223 926 2371 966 certo
2392 914 2637 980 consilio,
2656 910 2948 982 certasque
2977 919 3047 970 ob
3068 910 3258 971 causas
3287 931 3373 972 re-

134 992 343 1043 ticuisse.
377 986 609 1054 Prosper
642 1001 762 1037 cum
795 982 1002 1045 scribit,
1032 984 1283 1056 Ecclesiae
1321 982 1573 1056 Romana:
1628 982 2001 1056 auctoritatem
2050 984 2262 1056 passim
2303 984 2556 1056 przedicat
2601 1000 2663 1039 ac
2699 986 3031 1052 circumfert,
3064 996 3245 1056 utpote
3272 987 3373 1055 (ut

134 1059 380 1114 nonnullis
412 1052 645 1125 placuit)
668 1058 787 1120 ejus
818 1056 1033 1127 nomine
1058 1064 1109 1108 et
1129 1068 1195 1106 ex
1217 1054 1333 1120 ejus
1353 1052 1766 1127 delegatiOtte__in
1789 1066 2007 1127 arenam
2032 1053 2403 1127 descendens;
2424 1055 2559 1127 alter
2581 1071 2653 1127 rex
2681 1060 2898 1125 proprio
2929 1052 3142 1127 ingenio
3167 1052 3368 1127 stylttnt

134 1133 299 1191 exerit,
354 1122 456 1179 non
491 1136 596 1178 tam
628 1122 895 1197 pugnandi
926 1139 1081 1197 quam
1113 1138 1234 1197 sese
1258 1123 1543 1197 exercendi
1586 1122 1783 1197 studio,
1815 1124 2089 1197 magisque
2117 1126 2402 1187 inquirenti
2432 1124 2641 1197 similis,
2664 1122 2821 1196 quam
2852 1122 3011 1182 certa'
3030 1140 3083 1183 et
3106 1122 3366 1197 jant'san-

133 1202 218 1253 eita
246 1200 491 1264 dogmata
524 1192 896 1265 propugnanti.
930 1195 1223 1265 “legpalztm
1268 1192 2077 1265 aggreditur;SemipelagianOs,
2119 1205 2279 1260 atque
2332 1205 2388 1248 ut
2429 1192 2707 1250 catholicae
2734 1199 2991 1252 doctrina:
3034 1192 3373 1252 adversarios

135 1263 436 1332 insectatur;
472 1263 557 1320 hic
589 1263 830 1319 nontam
860 1280 923 1318 ex
958 1264 1239 1337 industria.
1264 1263 1586 1337 quamaliud
1619 1264 1777 1337 veluti
1808 1279 1970 1332 agens
1996 1279 2093 1337 eos
2118 1268 2371 1335 exagitat,
2398 1281 2497 1320 nec
2518 1265 2569 1318 id
2598 1280 2662 1320 ea
2689 1269 3025 1323 vehementia
3052 1285 3225 1337 eoque
3254 1269 3371 1324 zelo

134 1344 418 1409 exsequitur
445 1352 552 1406 quo
580 1345 797 1390 sanctus
827 1337 915 1389 ille
945 1336 1227 1400 Augustini
1260 1334 1516 1409 doctrinm
1553 1334 1843 1409 discipulus
1875 1344 1929 1409 et
1959 1334 2173 1389 vindex.

196 1404 412 1464 t°'Gnm
444 1404 653 1462 certum
688 1408 757 1460 sit
784 1410 1043 1475 scriptum
1076 1406 1395 1478 opusculum
1442 1404 1607 1478 luisse
1637 1404 1964 1478 aliquamdiu
2009 1416 2133 1459 ante
2160 1405 2360 1478 Gelasii
2388 1422 2542 1478 papa:
2575 1418 2841 1476 tempora,
2875 1408 2964 1461 vix
2996 1420 3172 1464 tamen
3206 1426 3371 1465 unum

134 1481 328 1550 aliquod
362 1480 621 1546 temporis
661 1474 1202 1544 Spatium’assignare
1246 1474 1601 1550 possisquod
1637 1475 1902 1542 PrnSpero
1947 1480 2250 1550 conveniat.
2284 1477 2343 1533 Si
2374 1474 2554 1550 statim
2582 1478 2663 1550 ab
2692 1474 2855 1531 initio
2883 1483 3367 1550 concertationnm,

137 1545 221 1607 vel'
235 1554 391 1618 paulo
422 1545 539 1618 post
567 1564 657 1602 eas
690 1557 908 1601 exortas
935 1557 1216 1600 exaratum
1249 1546 1402 1608 velis,
1429 1545 1537 1613 jatn
1574 1548 1745 1610 ipsum
1776 1555 2049 1618 auctorem
2076 1548 2129 1600 in
2161 1548 2282 1601 lihri
2314 1549 2396 1618 sui
2426 1548 2653 1602 exordio
2682 1549 3142 1603 contradicentem
3182 1552 3369 1615 habes,

136 1624 206 1691 qui
228 1616 337 1691 jatn
368 1616 572 1675 dudum
602 1620 667 1672 de
696 1619 779 1671 Itis
806 1619 1195 1691 quaestionibus
1220 1624 1627 1691 controversum
1661 1618 1823 1669 fuisse
1850 1616 2051 1691 diserte
2078 1620 2324 1691 asserit;
2351 1616 2829 1691 lnterfa'efemores
2857 1619 3003 1691 liberi
3040 1621 3261 1687 arbitrii,
3292 1622 3372 1675 in-

137 1686 246 1760 quit.
264 1703 312 1746 et
343 1694 704 1756 prwdicatores
727 1692 906 1760 gratia
928 1686 1305 1762 Dei_magna_et
1333 1686 1554 1755 dimcilis
1590 1700 1765 1740 euenit
1795 1689 2004 1740 vertitur
2029 1691 2244 1758 quwstio
2275 1688 2414 1762 (μιν.
2445 1704 2461 1742 t
2488 1690 2552 1762 de
2584 1688 2761 1762 Vocat.
2791 1708 2932 1745 omn.
2961 1690 3114 1745 Gent.
3140 1708 3256 1759 cap.
3292 1694 3375 1762 1),

137 1758 179 1819 Si
204 1779 326 1816 vero
357 1764 493 1816 ultro
522 1758 879 1823 concesseris,
908 1758 1257 1831 quodnegari
1287 1774 1389 1809 non
1422 1767 1620 1825 potest,
1640 1771 1759 1831 eam
1771 1762 2200 1831 controversiam
2232 1758 2432 1831 dudum
2454 1760 2767 1831 ellerbuisse
2792 1762 2931 1814 inter
2952 1758 3372 1831 Augustinianos

137 1846 179 1888 et
201 1832 675 1900 Semipelagianos,
709 1846 830 1883 cum
864 1826 935 1881 ad
961 1828 1307 1883 scribendum
1338 1837 1527 1881 auctor
1555 1826 1918 1900 seapplicuit,
1946 1829 2055 1896 jam
2088 1830 2247 1882 alium
2287 1845 2317 1883 a
2354 1830 2621 1898 Prospero
2671 1830 2833 1885 fuisse
2878 1826 3100 1886 necesse
3137 1841 3241 1886 est.
3280 1833 3374 1887 Hic

139 1906 258 1959 enim
291 1898 657 1970 Statim—atque
684 1900 949 1965 Pelagiani
981 1900 1177 1953 veneni
1203 1900 1441 1970 reliquiae
1471 1912 1565 1965 per
1594 1898 1958 1951 Genuensiutn
2000 1900 2284 1969 Excerpta,
2316 1902 2397 1955 vel
2427 1900 2665 1965 Capitula
2699 1902 2999 1967 Gallorum,
3032 1905 3112 1958 vel
3150 1904 3375 1959 Joannis

139 1975 359 2029 Cassiani
390 1969 718 2027 Collationes
746 1972 921 2040 spargi
950 1984 1189 2038 capere,
1220 1969 1417 2037 stylum
1444 1971 1592 2040 ocios
1623 1969 1851 2040 arripuit
1876 1970 2149 2040 acuitque,
2179 1980 2234 2025 et
2263 1974 2387 2025 totis
2418 1972 2620 2025 viribus
2650 1972 2861 2027 illarunt
2889 1989 3078 2028 vocum
3112 1976 3377 2028 novitates

140 2048 409 2099 insectatus
452 2053 553 2097 est.
589 2037 788 2096 Contra
824 2057 953 2095 vero
1000 2037 1189 2111 auctor
1239 2041 1495 2111 librorum
1533 2038 1606 2091 De
1656 2037 1929 2093 Vocatione
1957 2037 2198 2094 Gentium
2227 2042 2399 2095 innuit
2424 2042 2560 2095 hanc
2587 2044 2810 2111 primam
2847 2060 2994 2097 suam
3025 2060 3148 2099 esse
3177 2046 3245 2099 de
3277 2049 3375 2099 hac

138 2122 340 2170 materia
369 2116 813 2184 lucubrationent.
839 2121 893 2165 et
917 2112 1130 2180 quidem
1164 2109 1362 2184 dudum
1398 2117 1715 2184 postntotrts
1747 2113 2073 2177 qutcsdones
2098 2114 2426 2166 elaboratam
2455 2131 2467 2165 :
2499 2109 2693 2184 Magna
2717 2122 2761 2167 et
2785 2114 3005 2184 difﬁcilis
3027 2130 3203 2171 nunuu
3225 2116 3377 2169 verti-

138 2196 205 2239 tur
225 2186 529 2255 quentia...
560 2183 636 2236 De
661 2182 757 2236 huc
784 2184 942 2252 igitur
967 2181 1365 2255 compugnantia
1397 2180 1703 2255 apittionuns
1720 2197 1823 2255 qua
1845 2197 2083 2255 mensura
2110 2193 2159 2255 et
2180 2186 2513 2250 temperantia
2540 2180 2966 2251 sentienduttisit,
2996 2200 3238 2253 quantum
3268 2185 3376 2241 Do-

141 2251 286 2310 minus
311 2256 584 2325 adjuverit,
630 2251 865 2307 austris
896 2254 1171 2373 iuzuirere,
1201 2267 1440 2305 exercens
1466 2262 1613 2317 atque
1640 2251 1913 2305 discutiens
1944 2252 2210 2306 modulum
2256 2256 2516 2323 facultatis
2554 2271 2678 2308 mea
2714 2257 2767 2307 in
2795 2255 2876 2309 his
2918 2251 3035 2327 qua:
3078 2259 3221 2310 cordi
3264 2272 3376 2311 meo

141 2331 299 2373 sobrie.
338 2336 585 2373 nuantum
614 2325 853 2373 arbitror.
895 2325 945 2373 in
985 2332 1219 2373 inserunt.
1261 2325 1335 2373 lin
1365 2324 1523 2373 verba
1554 2331 1673 2373 uost
1714 2321 1926 2373 lonaam
1958 2327 2268 2373 ouinionum
2321 2328 2543 2373 istarum
2574 2328 3028 2373 concertationem
3058 2329 3359 2373 scribentis-

138 2331 302 2385 sobrie.
338 2321 585 2395 quantum
614 2325 853 2387 arbitror,
895 2321 1219 2376 itthteserunt.
1261 2325 1335 2395 lin
1365 2324 1523 2395 verba
1554 2331 1673 2386 post
1714 2321 1926 2391 longam
1958 2321 2268 2392 opinionum
2321 2328 2543 2379 istarum
2574 2321 3028 2381 concertationem
3058 2329 3361 2392 scribentis,

139 2393 357 2467 printant
376 2397 429 2451 itt
458 2400 559 2449 hoc
586 2396 785 2462 scripto
812 2410 1036 2467 operam»
1061 2394 1306 2467 portentis
1334 2393 1671 2467 pritttuutque
1699 2404 1975 2467 conatum,
2008 2395 2346 2464 hominisque
2376 2398 2545 2464 magis
2572 2398 2891 2464 inquirentis.
2922 2412 3044 2453 sese
3074 2400 3373 2463 exercentis,

140 2462 342 2537 temque
385 2467 601 2536 prottrio
644 2467 820 2520 studio
849 2462 1189 2537 discutientis,
1238 2479 1301 2537 ac
1350 2477 1446 2529 pro
1493 2462 1712 2537 modulo
1745 2464 2011 2537 facultatis
2042 2480 2175 2529 suae,
2208 2462 2367 2535 quam
2413 2462 2749 2521 conﬁdenter
2788 2484 2851 2521 ex
2888 2468 3100 2522 Patrum
3132 2469 3373 2524 doctrina

138 2534 434 2603 asserentis,
467 2537 956 2606 pronugnantisque
984 2550 1048 2587 ex
1076 2535 1413 2606 delegatione
1442 2534 1584 2586 sedis
1626 2536 1953 2597 apostolicae.
1988 2535 2155 2588 Immo
2185 2534 2370 2590 timide
2400 2538 2688 2590 admodum
2736 2552 2799 2593 ac
2819 2538 3124 2593 dubitanter
3150 2541 3372 2605 scribit,

138 2624 240 2677 quia
264 2605 515 2663 videlicet
547 2608 787 2679 quamvis
820 2621 925 2679 per
953 2605 1131 2679 omnia
1166 2606 1565 2679 Augustinianze
1609 2616 1945 2673 receptaeque
1977 2606 2029 2659 itt
2061 2606 2300 2660 Ecclesia
2333 2609 2601 2679 doctrina:
2630 2610 2979 2677 congruentia
3024 2621 3371 2679 proponeret,

140 2674 286 2733 novos
316 2692 493 2733 tamen
527 2674 775 2746 loquendi
807 2676 992 2730 modos
1025 2676 1343 2746 inducebat:
1373 2674 1578 2729 sciebat
1602 2686 1777 2728 autem
1807 2690 2081 2743 suspeetas
2111 2681 2303 2731 merito
2325 2692 2447 2733 esse
2485 2678 2535 2730 in
2568 2674 2803 2732 Ecclesia
2848 2674 3368 2742 novita'tes'vocum,

139 2752 277 2833 etiam
302 2744 874 2833 servataatt—tiqoitatis
895 2748 1135 2833 doctrina
1163 2761 1185 2833 :l
1212 2744 1352 2833 u'nde
1369 2756 1495 2833 post
1524 2746 1791 2833 descripta
1826 2751 2011 2833 veoba,
2044 2746 2161 2833 haec
2189 2748 2408 2833 subjicit
2440 2768 2454 2803 :
2576 2752 2619 2801 si
2644 2751 2697 2833 in
2724 2766 2808 2832 eas
2830 2750 3375 2833 regu‘las‘processerit

138 2824 304 2890 stylus,
331 2838 444 2890 qum
474 2818 605 2872 nihil
646 2815 959 2886 offensionis,
1001 2815 1133 2892 nillil
1164 2816 1382 2868 habeant
1415 2816 1700 2892 pravitatis,
1722 2834 1821 2892 non
1844 2817 2009 2871 solum
2046 2819 2211 2892 nobis,
2254 2815 2343 2871 sed
2380 2832 2428 2892 εξ
2456 2821 2573 2873 aliis
2604 2820 2728 2873 utile
2752 2822 2839 2883 sit,
2874 2815 2960 2892 ad
3008 2815 3237 2892 aliquem
3280 2839 3373 2875 nos

138 2887 661 2960 limitem‘pervenisse,
689 2905 845 2959 quem
868 2904 971 2940 non
1002 2887 1267 2940 debeamus
1307 2888 1569 2960 excedere.
1603 2887 1703 2951 Qui
1734 2889 1970 2960 demum,
2000 2904 2066 2943 ne
2095 2890 2353 2959 scriptum
2399 2890 2661 2959 Prospero
2703 2890 3031 2959 abjudicent,
3079 2887 3371 2948 discrimen

140 2958 369 3016 notatum
408 2964 530 3035 inde
562 2958 709 3035 nasci
738 2974 893 3028 posse
919 2960 1173 3035 dixerint,
1208 2970 1261 3010 ut
1292 2958 1543 3035 dixerunt
1570 2959 1836 3035 nonnulli,
1881 2960 2049 3035 quod
2072 2961 2158 3013 illo
2188 2972 2427 3035 tempore
2454 2958 2730 3035 exaratum
2764 2958 2847 3016 est
2888 2977 2915 3015 a
2946 2963 3243 3035 Prospero.
3267 2979 3374 3035 quo

140 3035 355 3105 nondum
383 3033 541 3099 plene
574 3027 1201 3105 hauseratgnngustiuian
1223 3048 1249 3075 ι·
1277 3028 1535 3105 doctrina:
1567 3027 1785 3105 liae-uta,
1813 3027 2268 3105 priesert‘intvero
2296 3027 2358 3105 ex
2390 3032 2453 3085 iis
2472 3032 2621 3086 libris
2648 3048 2783 3102 quos
2812 3027 3137 3103 posteriores
3167 3027 3377 3105 subque

140 3103 246 3157 vitae
273 3098 434 3156 ﬂuunt
466 3104 714 3172 scripsit;
748 3101 902 3154 facile
933 3116 996 3155 ex
1031 3102 1132 3152 lixa
1155 3101 1399 3172 superius
1427 3098 1635 3172 epocha
1670 3100 1826 3167 hujus
1854 3100 2160 3172 scriptionis
2186 3102 2519 3157 refelluntur.

221 3180 520 3243 Antequam
556 3170 687 3227 vero
713 3172 919 3241 longius
951 3171 1327 3243 progrediatur
1352 3170 1543 3243 oratio,
1577 3172 1946 3243 examinanda:
1975 3171 2210 3226 rationes
2236 3188 2369 3240 quas
2392 3172 2505 3228 los.
2539 3175 2840 3229 Antelntius
2868 3175 3045 3230 allatis
3075 3189 3197 3229 mox
3221 3191 3249 3228 a
3273 3191 3377 3233 no-

140 3244 208 3297 bis
232 3241 518 3299 tttontentts
542 3245 783 3312 opponit.
821 3243 909 3296 Ait
939 3242 1080 3312 enim
1127 3241 1297 3308 primo
1339 3242 1585 3312 eamdem
1637 3256 1757 3294 esse
1790 3241 2034 3310 Prosperi
2064 3243 2362 3297 doctrinam
2396 3260 2514 3311 quae
2562 3256 2644 3299 e~t
2676 3247 2929 3300 librorum
2970 3248 3038 3299 de
3085 3246 3377 3302 Vocationu

138 3313 371 3369 Gentium
400 3332 413 3367 :
460 3328 513 3369 et
544 3311 644 3369 bac
676 3318 726 3367 in
755 3328 814 3367 re
858 3311 1282 3386 sumagatorem
1307 3326 1366 3386 se
1407 3311 1603 3386 habere
1637 3312 2025 3386 Quesnellium,
2073 3317 2159 3382 qtti
2190 3315 2514 3368 contrariam
2544 3312 2734 3369 Norisii
2767 3320 3087 3371 sententiam
3119 3332 3377 3386 expresse

139 3387 338 3441 refellit.
368 3386 481 3440 Hoc
508 3387 723 3455 quidem
754 3399 936 3438 verum
968 3385 1206 3455 omnino,
1240 3383 1285 3436 si
1314 3382 1485 3455 ipsam
1519 3383 1569 3455 in
1603 3397 1660 3435 se
1689 3383 1963 3452 utriusque
1993 3384 2295 3437 doctrinam
2326 3395 2557 3452 spectes.
2590 3388 2656 3440 At
2684 3388 3061 3442 contendimus
3094 3382 3376 3444 auctorem

138 3470 449 3527 gnonytnum
495 3452 710 3510 diverso
752 3455 1069 3527 quandoque
1114 3452 1362 3527 Loquendi
1412 3453 1569 3506 modo
1614 3462 1845 3527 mentettt
1884 3457 2412 3527 suamﬂexposuisse,
2452 3458 2604 3511 abeo
2633 3472 2740 3527 quo
2770 3474 2985 3527 semper
3025 3474 3176 3512 usum
3205 3457 3370 3512 fuisse

142 3521 451 3598 Prosperutn
483 3540 640 3581 nemo
660 3529 778 3598 jure.
801 3521 1079 3579 dubitabit.
1111 3521 1367 3577 Fatemur
1394 3538 1607 3598 quoque
1633 3523 1889 3598 librorum
1931 3526 2000 3577 de
2035 3521 2322 3579 Vocatione
2348 3524 2598 3581 Gentium
2629 3521 2945 3598 scriptorem
2986 3543 3089 3583 non
3122 3528 3375 3583 dissimili

137 3595 412 3668 aliquando
437 3614 599 3653 sensu
625 3597 809 3665 gratit-
840 3610 1030 3648 nomen
1073 3609 1357 3668 usurpasse
1394 3597 1461 3647 ab
1488 3608 1554 3668 eo
1586 3609 1691 3662 quo
1732 3595 1961 3668 Prosper
1990 3606 2231 3668 usurpat,
2263 3612 2361 3663 pro
2388 3610 2511 3649 vera
2544 3595 2753 3651 scilicet
2776 3600 2899 3653 lesu
2928 3599 3127 3652 Christi
3158 3600 3328 3667 gratia
3360 3617 3373 3653 :

137 3664 229 3722 sed
248 3664 795 3723 COIIICﬂdlIItUSdIUllc
817 3678 1089 3721 auctorem
1114 3666 1213 3718 sub
1242 3669 1340 3718 hoc
1366 3664 1549 3733 gratia:
1572 3672 1786 3717 nomine
1807 3666 1965 3717 etiam
1996 3666 2134 3719 dona
2164 3667 2428 3720 naturalia
2460 3670 2779 3737 quandoque
2812 3664 3173 3730 intellexisse,
3191 3678 3246 3723 et
3274 3671 3375 3723 hoc

138 3742 344 3794 omnino
370 3755 531 3795 sensu
560 3753 679 3793 eam
711 3738 961 3791 omnibus
992 3737 1296 3789 hominibus
1326 3750 1664 3807 communem
1694 3739 1996 3807 agnouisse.
2038 3737 2156 3801 Quo
2184 3752 2345 3791 sensu
2376 3752 2403 3789 a
2456 3741 2717 3805 Prospero
2759 3750 2943 3794 nostro
2975 3740 3085 3793 ullo
3111 3740 3165 3793 in
3210 3755 3377 3807 opere

137 3822 220 3881 suo
248 3812 436 3881 gratiae
464 3825 650 3865 vocent
683 3820 990 3881 usurpatam
1023 3821 1180 3881 nemo
1214 3807 1535 3881 probaverit.
1561 3805 1690 3881 Rem
1720 3805 1935 3881 quidem
1966 3809 2209 3881 eamdem
2248 3810 2408 3862 docet
2436 3807 2665 3881 Presper
2691 3824 2811 3863 cum
2838 3819 3056 3864 auctore
3083 3805 3373 3881 anonymo,

136 3878 232 3934 Deo
251 3877 463 3936 Scilicet
492 3896 676 3935 curam
706 3880 868 3934 luisse
896 3880 1040 3933 omni
1075 3888 1331 3949 tempore
1353 3879 1418 3930 de
1449 3877 1773 3941 hominibus,
1806 3880 1905 3930 hos
1927 3892 2147 3933 Vocasse
2172 3880 2286 3933 sive
2316 3894 2411 3947 per
2441 3879 2573 3948 legis
2598 3880 2856 3944 litteram,
2875 3881 2990 3935 sive
3013 3895 3109 3949 per
3133 3877 3376 3936 naturale

136 3954 350 4007 rationis
380 3954 584 4017 lumen,
627 3952 740 4006 sive
770 3966 861 4019 per
892 3948 1162 4018 Evangelii
1195 3948 1657 4019 prmdicationem;
1694 3949 1787 4001 sed
1840 3948 2206 4017 hujuscemodi
2236 3966 2263 4001 a
2296 3950 2404 4003 Deo
2432 3949 2702 4016 impensas
2732 3952 2933 4004 homini
2979 3948 3375 4006 admonitiones

134 4027 307 4089 gratia:
337 4026 555 4079 nomine
585 4018 1060 4076 uullibi’invenitnr
1091 4019 1398 4080 decorasse,
1433 4032 1531 4091 nec
1564 4018 1786 4091 hujusce
1831 4034 1907 4071 ret
1930 4020 2104 4091 ullum
2136 4019 2433 4073 Antelutius
2464 4021 2687 4083 preluIit
2711 4022 3039 4091 exemplum.
3072 4020 3182 4076 Hoc
3208 4038 3373 4077 unum

136 4088 266 4148 enim
299 4096 392 4149 ille
420 4099 633 4163 probat,
673 4093 939 4163 docuisse,
965 4091 1284 4163 Prosperum
1306 4088 1561 4163 naturale
1580 4089 1765 4163 lumen
1798 4088 2048 4142 omnibus
2080 4090 2384 4163 hominibus
2412 4088 2963 4163 essecoutmune,’ad
2988 4107 3183 4163 omnes
3214 4095 3376 4161 perti-

134 4178 251 4219 nere
277 4166 373 4220 Dei
404 4158 794 4230 providentiam
816 4179 832 4226 ;
852 4162 944 4215 sed
969 4176 1072 4215 non
1107 4162 1207 4214 ltoc
1235 4160 1447 4233 agitur:
1478 4158 1807 4233 probandum
1832 4163 1974 4233 enim
2003 4162 2222 4215 omnino
2250 4161 2689 4233 illiincumbebat
2716 4163 2857 4233 quod
2889 4162 3081 4216 talibus
3110 4158 3377 4233 general’s

135 4236 481 4301 providentiae
510 4234 744 4297 auxiliis,
776 4234 825 4288 id
855 4244 937 4286 est
968 4232 1225 4302 naturalis
1252 4232 1478 4302 rationis
1504 4230 1823 4297 disciplime.
1852 4230 1984 4298 legis
2014 4231 2477 4297 instructionibus,
2540 4230 2951 4301 Evangelicmve
2988 4230 3375 4302 prmtlicationi,

132 4300 250 4377 etc.,
283 4309 472 4377 gratia:
499 4321 693 4361 nomen
716 4306 771 4361 S.
809 4304 1039 4377 PrtiSper
1064 4300 1551 4377 lueritﬂimpertit‘us
1572 4315 1717 4377 ;__nec
1744 4302 2087 4377 doctissimus
2133 4303 2351 4377 criticos
2382 4318 2543 4356 unum
2574 4300 2827 4377 Prosperi
2854 4300 3026 4377 locum
3058 4304 3244 4374 objicit
3271 4321 3378 4377 quo

134 4376 180 4429 itt
206 4370 347 4432 hunc
367 4392 587 4431 sensom
616 4375 861 4445 usurpari
886 4377 1194 4445 probentur.
1214 4375 1384 4438 Quem
1411 4373 1557 4445 enim
1589 4372 1917 4445 illegprotulit
1948 4370 2350 4445 Dissertationis
2372 4376 2543 4445 tertiae
2566 4370 2755 4445 pagina
2782 4375 2903 4441 159,
2928 4376 2978 4429 ἱιι
3004 4392 3109 4444 quo
3127 4370 3376 4444 loqui—tur

130 4444 180 4499 S.
206 4446 461 4518 Prosper,
496 4464 546 4503 c.
584 4444 649 4500 M
681 4442 774 4500 libi.
805 4454 991 4499 contra
1015 4442 1361 4518 Collatorem,
1390 4443 1458 4518 de
1491 4442 1941 4518 potentia‘gratite
1963 4442 2075 4505 Dei,
2107 4454 2160 4518 et
2189 4445 2257 4499 de
2288 4444 2460 4501 modis
2503 4442 2873 4518 cognoscendi
2892 4442 3053 4501 Deum
3088 4461 3183 4518 per
3216 4442 3379 4501 natu-

131 4521 251 4571 ralia
276 4513 497 4579 auxilia.
527 4518 655 4572 nihil
685 4520 901 4585 probat;
942 4530 1063 4569 cunt
1095 4516 1240 4568 hisce
1268 4513 1623 4585 exterioribus
1650 4513 1974 4585 adjutnentis
2003 4516 2189 4584 gratia:
2218 4531 2412 4569 nomen
2443 4530 2545 4569 non
2578 4513 2830 4570 iudiderit
2860 4513 3107 4585 Prosper,
3154 4515 3256 4571 hoc
3284 4534 3375 4572 so-

134 4588 232 4643 lum
260 4590 357 4645 illo
387 4589 440 4643 in
471 4592 590 4643 loco
616 4583 836 4647 docens.
862 4588 1001 4656 quod
1032 4586 1311 4651 quodlibet
1337 4583 1476 4656 Deus
1503 4584 1738 4637 exterius
1764 4584 2014 4638 adhibeat
2041 4585 2243 4639 homini
2274 4586 2553 4649 auxilium,
2578 4586 2689 4639 sola
2722 4602 2934 4655 semper
2958 4583 3125 4656 gratia
3150 4588 3376 4642 interius

130 4660 188 4711 ad
223 4661 394 4715 Deum
423 4659 603 4714 trahit.
641 4658 859 4711 Fatetur
882 4655 1099 4711 tandem
1134 4657 1213 4708 vel
1245 4655 1441 4708 invitus
1470 4670 1663 4709 censor
1692 4656 2107 4727 eruditissimus,
2140 4657 2352 4709 diversa
2381 4658 2716 4725 aliquatenus
2747 4660 2827 4709 via
2862 4655 3160 4727 ingressum
3191 4668 3377 4713 aucto-

132 4743 238 4782 rem
269 4732 454 4799 operis
484 4731 552 4785 de
585 4729 889 4799 Vocatiune
921 4728 1169 4799 Gentium
1194 4727 1560 4799 rabﬂea_quam
1584 4728 1933 4799 ‘tentteratb‘.
1973 4726 2207 4795 Prosper
2235 4727 2285 4779 itt
2331 4727 2450 4779 aliis
2490 4727 2898 4799 snisﬂoperibus
2930 4726 2999 4782 fin
3044 4728 3376 4799 explicandis

135 4796 518 4867 'jttaestionthus
541 4801 608 4855 de
635 4799 730 4853 Dei
758 4798 925 4868 gratia
952 4817 966 4863 ;
996 4796 1090 4851 sed
1120 4797 1344 4870 vultille
1373 4796 1692 4870 Prosperuut
1724 4796 1824 4849 hoc
1852 4798 1902 4848 itt
1930 4811 2093 4862 opere
2119 4799 2577 4870 sese‘occultasse,
2609 4796 2739 4870 illud
2771 4814 3093 4870 attonymttm
3117 4796 3370 4870 edidistf,

134 4885 315 4926 tensus
347 4889 477 4928 suos
504 4866 843 4939 mentemque
865 4870 1198 4938 aliquatenus
1218 4867 1607 4939 dissimulasse,
1641 4866 1762 4939 ideo
1790 4866 2254 4939 notnenitnagistri
2279 4869 2358 4920 sui
2383 4868 2662 4936 Augustini
2688 4866 2939 4932 tacuisse,
2964 4879 3021 4921 ut
3042 4868 3158 4937 ejus
3178 4866 3377 4922 docui-

128 4956 242 4995 natn
272 4946 520 4998 securius
549 4950 786 4996 tueretur
817 4958 828 4993 :
861 4956 1050 4995 novam
1081 4939 1310 5009 denique
1340 4938 1489 4991 illum
1524 4940 1574 4989 in
1607 4938 1796 5009 eodem
1825 4942 1963 4990 viam
1993 4938 2212 5009 iniisse:
2255 4947 2307 4991 et
2342 4939 2464 5009 hinc
2493 4939 2607 4993 lieri
2648 4940 2789 5009 quod
2830 4940 2961 4994 nihil
2992 4940 3246 5009 hactenus
3280 4940 3376 4993 hac

124 5010 187 5083 de
209 5029 269 5068 re
296 5030 359 5069 se
380 5013 661 5083 scripsisse
690 5012 937 5065 tinxerit:
968 5006 1250 5078 ipsumque
1279 5008 1603 5083 Prosperutn
1627 5007 1747 5060 aliis
1772 5008 1930 5083 etiam
1957 5010 2007 5061 in
2029 5006 2283 5083 Operibus
2306 5008 2418 5063 suis
2443 5012 2651 5065 cautius
2668 5006 2956 5083 aitquando
2976 5023 3093 5063 esse
3118 5008 3368 5083 locutum.

124 5082 411 5153 Augustini
441 5077 697 5152 principia
729 5077 1076 5150 temperasse,
1105 5094 1333 5147 cumque
1361 5078 1644 5146 aliquando
1674 5092 1733 5131 se
1772 5080 1993 5153 ulterius
2023 5094 2129 5153 non
2157 5080 2479 5149 scripturum
2506 5077 2857 5147 promisisset,
2882 5093 3100 5153 necesse
3127 5077 3291 5132 fuisse.
3320 5090 3377 5153 ut

124 5150 337 5210 diversa
362 5150 661 5210 dtssereudi
694 5153 947 5207 methodo
976 5160 1235 5209 uteretur,
1267 5157 1763 5221 ne_agnosceretur,
1796 5150 1989 5221 stylum
2022 5150 2193 5221 ipsum
2224 5152 2456 5221 denique
2484 5161 2717 5205 mutasse
2744 5164 2793 5206 et
2838 5151 3121 5205 simulasse
3148 5189 3167 5217 ,
3216 5158 3272 5204 et
3309 5152 3374 5205 ad

123 5222 224 5281 hoc
255 5227 510 5282 adactum
534 5223 753 5278 omnino
782 5238 849 5277 ex
875 5237 937 5277 ea
966 5220 1231 5275 scribendi
1263 5218 1492 5290 ratione,
1515 5232 1674 5285 quam
1703 5219 1800 5290 sibi
1834 5218 1996 5274 hocce
2024 5219 2074 5272 in
2110 5222 2242 5275 libro
2263 5218 2588 5288 sequendam
2615 5232 2983 5290 proposuerat.

192 5296 324 5353 Haec
349 5307 528 5351 autem
560 5304 869 5362 argumenta
902 5302 1241 5345 momentave
1262 5290 1400 5362 quid
1417 5289 1574 5362 solidi
1598 5289 1908 5362 contineant
1938 5291 2108 5344 lector
2136 5308 2318 5361 aequus
2341 5291 2594 5361 dijudicet
2620 5310 2631 5345 :
2665 5289 2765 5347 hoc
2794 5307 2954 5345 unum
2985 5290 3295 5362 asserimus,
3330 5294 3375 5349 si

120 5379 183 5419 ex
216 5367 556 5436 conjecmris
586 5359 889 5431 ltitjustnodi
922 5363 1076 5436 liceat
1103 5362 1233 5414 tattti
1266 5360 1515 5428 ponderis
1544 5359 1778 5436 rationes
1798 5376 1933 5436 quas
1954 5376 2117 5436 supra
2157 5359 2520 5416 recensuttnus
2548 5362 3072 5436 enervaretgnullutn
3117 5360 3378 5432 imposta-

118 5452 233 5493 rttm
261 5456 294 5492 a
326 5430 520 5492 critico
549 5430 738 5506 quovis
770 5434 993 5506 proferri
1026 5446 1181 5506 posse
1209 5430 1893 5506 argumentum,quod__ltac
1918 5435 2019 5506 via,
2046 5448 2378 5503 quacumque
2409 5435 2601 5506 polleat
2634 5435 2683 5487 vi
2710 5445 2761 5485 et
2789 5432 3050 5506 efﬁcacia,
3076 5448 3182 5487 non
3200 5430 3377 5505 possit

116 5509 311 5563 everti.
347 5508 498 5564 Unde
519 5500 663 5561 enim
692 5504 877 5559 didicit
908 5500 1211 5575 Antelmius
1234 5500 1893 5575 Prosperumintendisse
1924 5503 2026 5575 huc
2054 5500 2188 5575 opus
2210 5500 2311 5575 sub
2338 5505 2616 5575 larvatiet
2652 5504 2845 5557 occulti
2877 5502 3108 5575 hominis
3150 5500 3376 5575 persona

115 5579 403 5644 proferre?
435 5583 475 5633 Α
501 5592 608 5647 quo
633 5576 838 5630 audivit
868 5575 1020 5629 libris
1047 5574 1127 5627 bis
1155 5574 1359 5647 nullum
1384 5573 1620 5627 auctoris
1643 5586 1835 5625 nemen
1863 5572 2125 5626 inditum?
2153 5574 2304 5641 Quod
2335 5575 2378 5627 si
2406 5574 2649 5638 contigit,
2682 5574 2947 5647 quomodo
2974 5572 3221 5640 Prositeri
3254 5592 3375 5633 esse

116 5649 408 5718 probabit?
436 5644 572 5704 hain
603 5662 737 5715 quos
766 5648 817 5700 in
847 5644 1323 5718 mediutuadducit
1355 5660 1448 5711 pro
1476 5658 1571 5697 sua
1597 5657 1778 5718 causa,
1806 5654 2072 5711 tamquam
2098 5647 2467 5718 probationum
2492 5646 2788 5718 cilleaciutn
2820 5645 2958 5718 loco,
2989 5649 3379 5717 manttscriptos

115 5712 376 5787 codices;
407 5720 534 5790 quid
563 5712 697 5771 ultra
721 5732 817 5787 pro
846 5720 964 5790 ipso
986 5716 1238 5790 militant,
1271 5729 1391 5768 cutn
1436 5721 1647 5767 constet
1686 5712 1933 5790 Prosperi
1962 5726 2282 5790 aetateopus
2310 5715 2448 5768 istud
2492 5715 2606 5790 sine
2636 5716 2871 5790 auctoris
2890 5718 3120 5771 nomine
3152 5712 3272 5790 legi:
3291 5734 3380 5774 so-

112 5792 247 5860 lere,
275 5804 338 5848 et
364 5784 475 5847 tale
507 5784 1121 5861 pertttan'sisse'diu‘post
1147 5787 1493 5861 Prosperuttt,
1522 5800 1642 5861 cum
1671 5784 1881 5861 scilicet
1904 5802 1931 5837 a
1960 5786 2175 5861 Gelasio
2203 5801 2334 5861 papa
2360 5788 2758 5861 recensebantur.
2788 5785 2883 5841 Cui
2912 5790 3049 5844 bono
3070 5784 3227 5861 igitur
3244 5788 3377 5844 Pro-

112 5854 245 5931 me
270 5878 474 5924 sensus
503 5854 635 5919 illos
654 5859 942 5933 aliquando
970 5856 1397 5915 dissimulasset?
1424 5856 1531 5913 Cur
1559 5854 1703 5913 idem
1729 5854 1823 5911 illa
1849 5870 1955 5922 qua
1983 5857 2190 5913 solebat
2206 5854 2375 5912 animi
2402 5857 2649 5914 libertate
2682 5866 2738 5915 et
2775 5854 3172 5926 constantiafs.
3200 5862 3379 5939 Attgu.
