4014 6348
524 327 622 383 ΜΊ
1154 323 1213 380 8.
1254 320 1590 378 PROSPERI
1626 317 1958 389 AQUITANI
1994 317 2220 377 OPERA
2263 316 2589 377 INCERTAS
2629 317 3152 379 AUCTORITATIS.
3683 322 3813 384 ΜΒ

526 444 741 513 fratrum
767 455 1034 513 numerem
1063 440 1300 492 concilio.
1329 439 1462 513 Num
1488 438 1613 513 ind_e
1635 436 1891 513 conﬁcies
1935 438 2199 513 fautorem
2222 436 2783 513 semipelagianoruni
2812 438 3091 513 Leonem?
3120 438 3233 493 Non
3351 440 3567 505 quidem
3606 442 3812 498 multis

525 508 858 577 consequens
890 511 1179 583 videndum
1215 525 1358 564 reor.
1391 510 1521 583 Cum
1556 508 1795 583 Faustus
1827 508 2084 583 Romano
2114 508 2352 583 interluit
2394 508 2654 583 concilio,
2682 508 2922 583 nonduin
2948 510 3243 583 scripserat
3278 510 3468 563 librum
3500 513 3651 567 illum
3683 529 3814 583 quo

523 586 573 640 in
605 586 775 635 sancti
806 583 1081 648 Augustini
1114 582 1416 634 doctrinam
1449 581 1677 651 insurgit
1709 597 1720 630 :
1750 580 1837 630 tlin
1884 588 2004 644 post
2037 578 2085 631 id
2117 580 2373 648 temporis
2408 578 2603 651 librum
2643 578 2787 633 liunc
2820 580 3037 646 scripsit
3068 596 3081 633 :
3112 591 3165 634 et
3204 582 3325 634 licet
3356 594 3509 635 antea
3538 578 3813 651 st-iipsis-

522 664 625 713 set,
658 669 760 705 non
806 653 930 706 itnle
967 652 1161 705 inieras
1195 654 1473 721 probatum
1509 650 1575 702 ab
1620 650 1802 703 llilaro
1830 666 1987 712 otius.
2016 652 2183 702 multo
2227 652 2403 701 minus
2432 664 2462 701 a
2509 649 2687 703 LcOuc
2721 651 2885 704 llilaii
2931 654 3244 716 decessore,
3274 667 3374 706 nec
3419 656 3555 704 bunt:
3585 649 3812 709 Fausto

522 725 715 777 lavisse
745 723 1055 777 enuclndas.
1088 722 1216 785 Sed,
1238 722 1381 791 quod
1406 724 1635 774 maxime
1666 721 1857 773 mirum
1884 721 2174 785 videbitur,
2200 735 2302 773 noo
2330 721 2564 773 advertit
2598 721 2895 792 Atili-liuius
2920 724 3099 775 omnia
3129 738 3156 774 a
3191 737 3250 776 se
3286 726 3512 777 adducta
3539 727 3813 792 exempla

526 797 641 848 solo
671 793 918 862 l’rosperi
950 790 1483 865 exemplo‘c’onvelli.
1514 794 1633 865 Nec
1651 794 1793 845 enim
1814 792 2039 865 fidelitr
2067 791 2157 845 ille
2185 793 2388 860 aliquot
2414 800 2599 865 contra
2625 790 3095 865 Scinipelagianos
3118 794 3377 865 scriptum
3403 794 3641 849 edidisse
3667 790 3812 865 post

520 866 717 921 librum
761 859 917 919 suum
968 878 1151 918 contra
1196 862 1549 922 Collaiorem.
1587 863 1635 934 id
1668 876 1772 925 eSI,
1803 859 2139 923 Cassianum,
2161 859 2318 930 quem
2362 871 2485 914 ante
2530 863 2727 915 Leonis
2758 866 3125 934 pontiﬁcatum
3158 864 3421 917 ediderat.
3456 866 3510 922 Si
3549 859 3680 934 ergo
3715 868 3810 920 illi

523 935 770 989 homines
797 939 895 987 sub
939 938 1039 989 lioc
1082 937 1391 1000 pontilicatu
1410 932 1619 1005 aliquid
1655 949 1773 984 novi
1805 934 2061 1005 indui-ere
2084 943 2377 993 ti-ntarunt,
2399 948 2504 1005 cur
2538 936 2648 1001 ipse
2677 932 2844 996 siluit,
2868 945 2959 1005 aut
2984 950 3080 987 cur
3118 949 3222 987 non
3266 938 3404 999 illos,
3433 932 3668 999 ut’ante,
3697 951 3813 1005 pa-

523 1006 626 1060 lam
656 1017 711 1059 et
738 1009 948 1071 publice
976 1016 1270 1060 insectatus
1300 1004 1423 1057 est?
1448 1006 1558 1057 Cur
1586 1018 1650 1056 eo
1681 1019 1788 1073 quo
1820 1004 2056 1068 pollebat
2086 1006 2223 1073 apud
2267 1004 2569 1072 poinilicem
2611 1020 2875 1056 summum
2905 1004 3091 1058 favore
3121 1022 3225 1057 iiott
3256 1021 3384 1059 nsns
3414 1020 3491 1060 εει
3527 1009 3812 1061 adversus

523 1078 687 1132 illos?
714 1077 822 1131 Cur
850 1094 953 1131 non
987 1078 1124 1143 apud
1167 1077 1397 1129 Leonem
1442 1075 1631 1127 (ΙιιιιιΙιι
1669 1075 1948 1128 ενι-..ηιθςῖ
1973 1074 2028 1128 Si
2070 1080 2190 1142 quis
2222 1076 2319 1127 boc
2344 1089 2513 1141 genus
2555 1074 2819 1127 ratiocinii
2851 1089 2917 1126 eo
2947 1090 3115 1144 usque
3144 1088 3361 1144 ingeret
3394 1077 3462 1130 de
3494 1076 3805 1144 ProSpero,

522 1160 779 1218 quantuni
809 1150 1105 1200 Attleliniits
1138 1158 1290 1215 urget
1317 1147 1382 1199 tle
1406 1147 1463 1201 S.
1491 1146 1691 1208 Leone,
1712 1160 1896 1212 parum
1918 1147 2133 1199 abesset
2168 1145 2293 1213 quin
2321 1144 2444 1198 inde
2470 1145 2884 1199 concluderetur
2912 1160 3125 1214 quaque
3152 1148 3287 1199 ltlliil
3318 1162 3563 1217 umquam
3593 1149 3811 1202 δόνει-ο

522 1231 613 1272 sus
643 1218 1104 1287 Semipelagianos
1142 1231 1393 1270 exarasse
1421 1228 1662 1269 sanctum
1697 1218 2041 1284 l’rospcruin.

593 1289 745 1356 Quod
774 1285 986 1342 ducitur
1014 1306 1078 1343 ex
1106 1288 1305 1342 Gelasii
1350 1305 1496 1355 papa:
1527 1287 1845 1339 auctoritate
1886 1295 2283 1356 argumentum.
2315 1287 2454 1356 quod
2500 1286 2589 1338 ille
2620 1293 2893 1339 auctorem
2926 1285 3188 1339 librorum
3215 1286 3283 1339 de
3314 1285 3610 1341 Vocatiotie
3641 1288 3812 1343 Gen-

523 1360 656 1413 tiuni
688 1362 825 1414 ittter
852 1362 1102 1413 doctores
1134 1358 1391 1412 Ecclesia:
1434 1370 1699 1418 numeret.
1742 1357 1842 1410 etsi
1872 1360 1939 1410 ab
1984 1356 2101 1423 ejus
2130 1359 2344 1410 nomine
2388 1356 2674 1418 abstineat,
2712 1358 3139 1425 praecedentibus
3173 1358 3513 1423 plausibilius
3541 1359 3805 1413 videtur.

524 1430 579 1485 Si
606 1433 747 1484 enini
780 1431 975 1484 Leonis
1006 1440 1147 1483 esset
1177 1444 1312 1495 opus
1356 1429 1519 1488 istud.
1551 1432 1821 1496 quomodo
1875 1427 1925 1480 id
1972 1430 2243 1481 Gelasium
2283 1429 2556 1491 latuisset;
2585 1439 2673 1478 aut
2718 1427 2761 1479 si
2806 1444 2910 1479 non
2952 1427 3126 1488 latuit,
3160 1443 3267 1495 quo
3308 1430 3536 1482 consilio
3586 1430 3812 1483 Leonis

525 1515 718 1555 nomen
750 1501 1044 1555 tacuisset?
1070 1498 1266 1554 Verum
1300 1501 1399 1553 lioe
1429 1511 1748 1567 argumento
1775 1500 2033 1567 probatur
2063 1508 2292 1561 tantum,
2326 1514 2460 1563 opus
2502 1497 2640 1550 istud
2671 1509 2796 1551 tunc
2820 1498 2978 1550 etiam
3014 1509 3274 1565 ιι·ιιι[)οι·ι8
3295 1515 3623 1569 anoiiyinutn
3655 1514 3808 1569 pro-

524 1573 709 1637 diisse,
738 1573 806 1625 de
836 1587 941 1641 quo
985 1571 1235 1624 coiivenit
1280 1569 1418 1623 inter
1466 1584 1653 1641 euntes
1683 1584 1698 1622 :
1736 1571 1876 1621 unde
1906 1583 2120 1641 semper
2150 1570 2494 1635 qiiazrendum
2537 1579 2803 1641 superest,
2838 1569 3094 1641 numquid
3126 1584 3229 1622 non
3268 1572 3381 1637 ipse
3418 1585 3638 1624 sanctus
3670 1569 3807 1623 Leo

525 1642 729 1710 absque
775 1638 993 1695 nomine
1037 1641 1285 1696 ediderit.
1321 1641 1422 1694 Eas
1452 1639 1603 1693 aﬂ'ert
1635 1640 1973 1704 Quesnellius
2018 1640 2278 1705 rationes,
2311 1655 2429 1707 qua:
2458 1653 2568 1691 rem
2614 1639 2960 1692 verisimilem
2990 1638 3248 1710 efﬁciant.
3288 1641 3363 1692 Ad
3396 1655 3457 1693 ea
3489 1655 3633 1695 nunc
3662 1656 3805 1707 qua:

526 1709 1061 1778 istis’resiiondentor
1090 1710 1503 1774 descentlamus,
1536 1725 1656 1764 cuni
1691 1712 1803 1778 jam
1846 1723 2050 1763 certum
2082 1710 2149 1763 sit
2173 1712 2310 1779 apud
2342 1726 2437 1763 nos
2471 1712 2617 1762 nullo
2649 1722 2963 1777 argumento
2992 1713 3165 1763 evniet
3200 1709 3297 1762 llos
3327 1710 3493 1763 libros
3524 1728 3631 1763 ttoti
3663 1726 3807 1765 esse

526 1782 585 1839 S.
620 1781 841 1838 Leonis.
874 1782 1166 1849 Otiesnellii
1195 1782 1533 1835 adversarius
1562 1787 1661 1834 hoc
1695 1798 1856 1833 unum
1884 1783 2110 1849 probare
2143 1783 2347 1847 nititur,
2378 1793 2621 1835 sanctum
2655 1780 2975 1848 Prosperum
3007 1780 3183 1833 sancti
3214 1781 3524 1850 Hieronymi
3556 1786 3808 1835 transla-

527 1854 671 1907 tione
702 1870 878 1917 u~uni,
908 1854 1176 1921 quomodo
1207 1864 1258 1905 et
1290 1852 1347 1906 8.
1376 1851 1514 1917 Leo;
1542 1863 1593 1904 et
1626 1852 1763 1905 ltiinc
1802 1867 2199 1918 nonnumquam
2244 1855 2515 1920 antiquam
2556 1866 2770 1919 quoque
2818 1852 3121 1921 versionem
3168 1850 3572 1919 Scripluiarum
3620 1852 3799 1905 adhi-

528 1925 739 1987 bui~se;
771 1940 876 1994 quo
915 1920 1034 1987 stilo
1064 1923 1369 1977 lirmissimo
1399 1924 1693 1994 adversarii
1722 1922 1804 1975 sui
1835 1935 2149 1990 argumento
2177 1922 2505 1975 satisfactum
2532 1924 2842 1975 arbitratur.
2876 1920 3109 1994 Nouliic
3142 1923 3464 1990 investigare
3499 1922 3803 1992 aggrediar

527 2008 648 2062 quis
672 1992 856 2049 eorum
892 2005 1059 2057 recte,
1092 1994 1215 2063 quis
1260 2008 1416 2047 secus
1460 1993 1561 2046 hoc
1592 2000 1644 2046 in
1679 1995 1893 2062 negotio
1935 1994 2166 2046 senserit
2196 2011 2207 2043 :
2235 1994 2333 2045 soli
2362 2001 2677 2059 argumento
2708 1993 2848 2063 quod
2891 1992 3100 2044 ducitur
3128 2007 3197 2046 ex
3227 1995 3367 2063 styli,
3390 1994 3798 2048 confortnitate

531 2064 794 2129 insistam,
826 2066 891 2119 de
922 2081 1027 2133 quo
1061 2062 1195 2133 parti
1219 2067 1459 2118 adversa:
1486 2066 1735 2117 assentiri
1762 2065 2104 2129 cognoscitur
2133 2064 2461 2127 An'elinius;
2489 2078 2610 2116 cum
2646 2063 2761 2130 ipse
2792 2062 2909 2115 ideo
2938 2064 3226 2115 Sermones
3254 2076 3307 2116 et
3335 2062 3601 2131 Epistolas
3633 2063 3799 2117 Leo-

529 2139 614 2205 nis
644 2138 819 2205 magni
849 2136 906 2190 S.
940 2136 1207 2200 Pl‘USpCI‘O
1249 2136 1407 2187 tribui
1440 2140 1576 2199 vult,
1606 2136 1730 2204 quia
1768 2139 2007 2187 concinit
2040 2136 2216 2205 stylus
2240 2134 2430 2187 borum
2462 2149 2688 2201 operum
2738 2148 2857 2185 cum
2904 2136 3046 2205 stylo
3092 2135 3346 2205 libroruin
3376 2138 3441 2187 de
3480 2133 3800 2188 Vocatione

526 2203 800 2262 Gentium.
833 2209 944 2273 Qua
995 2206 1332 2259 confessione
1392 2206 1518 2257 nibil
1567 2203 1736 2274 magis
1776 2219 1993 2259 citisam
2021 2203 2315 2272 Qucsnellii
2353 2220 2670 2273 promovere
2704 2215 2897 2272 potest.
2928 2204 3062 2257 Cum
3107 2204 3249 2257 enim
3299 2205 3457 2272 longe
3482 2208 3686 2257 certius
3723 2205 3804 2259 sit

526 2277 812 2331 Sermones
838 2292 888 2330 et
924 2276 1195 2344 Epistolas
1228 2277 1421 2344 quibus
1454 2274 1745 2344 pra-[igitur
1776 2277 1970 2329 Leonis
2004 2292 2225 2341 nomen,
2253 2275 2447 2329 Leonis
2488 2290 2623 2344 opus
2653 2288 2795 2338 esse,
2836 2292 2992 2344 quain
3039 2274 3202 2328 libros
3229 2277 3297 2328 de
3326 2275 3616 2329 Voc:itioue
3646 2274 3805 2330 Geti-

528 2346 659 2401 tium
683 2364 803 2403 esse
830 2351 988 2403 l'etnin
1017 2350 1072 2401 S.
1105 2347 1355 2412 Prosiieri
1383 2363 1395 2407 ;
1427 2350 1470 2400 si
1506 2349 1809 2401 neci-ssario
1839 2346 2209 2415 agnoscendus
2250 2348 2388 2399 idem
2434 2357 2782 2413 utrorumque
2814 2359 3027 2414 parens.
3058 2347 3277 2415 :t-qniori
3303 2344 3429 2413 jure
3482 2349 3804 2400 tribuentur

524 2416 691 2472 Leoni
722 2420 842 2472 libri
886 2422 953 2473 de
998 2418 1283 2471 Vociitione
1312 2418 1583 2477 Gentium,
1608 2433 1767 2486 quam
1811 2417 2078 2486 Prospero
2109 2418 2362 2483 Epistolas
2409 2428 2463 2471 et
2510 2417 2801 2471 Sermones
2843 2418 2897 2470 8.
2928 2416 3141 2469 Leonis.
3175 2416 3430 2486 Equidem
3482 2416 3541 2470 P.
3569 2415 3799 2470 Natalis

526 2489 848 2555 Alexander,
879 2502 929 2544 et
962 2490 1017 2541 P.
1047 2490 1292 2553 Oldinus,
1328 2488 1451 2559 styli
1496 2486 1851 2559 tlill‘crentiain
1882 2488 2168 2556 agnovisse
2214 2504 2272 2541 se
2303 2490 2506 2548 dicunt,
2540 2502 2637 2541 nec
2680 2494 2757 2539 tot
2803 2488 2853 2540 in
2900 2486 3083 2540 Leone
3124 2487 3427 2556 rhythmos,
3452 2496 3531 2541 tot
3558 2489 3794 2556 ﬁguras,

527 2569 603 2613 tot
632 2560 879 2615 similiter
907 2560 1176 2623 eadentia,
1212 2569 1340 2625 quot
1381 2558 1431 2613 in
1486 2558 1591 2611 illis
1622 2560 1792 2612 libris.
1819 2559 1925 2613 Sed
1961 2577 2065 2612 non
2106 2559 2295 2613 sedulo
2328 2575 2439 2612 rem
2468 2559 2844 2613 considerasse
2882 2561 3145 2624 Videntur,
3178 2560 3221 2611 si
3250 2558 3374 2627 quid
3400 2560 3544 2612 enim
3574 2559 3797 2613 diversi

530 2632 856 2699 reperiatur,
882 2630 984 2684 hoc
1014 2631 1190 2697 exigui
1221 2630 1506 2682 admodum
1537 2629 1793 2683 momenti
1827 2630 2131 2698 apparebit.

594 2702 669 2755 Ex
700 2701 780 2755 his
809 2697 927 2769 qua:
961 2705 1215 2756 liaCIenus
1246 2702 1510 2767 di~pntaia
1542 2712 1665 2753 sunt
1711 2701 1777 2754 dc
1838 2697 2057 2755 anetore
2102 2702 2358 2753 librorum
2404 2701 2470 2753 de
2518 2698 2810 2769 Vocatione
2839 2697 3090 2753 Gentium
3141 2698 3255 2769 lizec
3285 2698 3474 2752 confici
3508 2709 3745 2765 possunt
3782 2718 3794 2751 :

524 2770 585 2825 1ο
617 2772 732 2826 Hoc
761 2768 894 2840 opus
926 2774 1154 2841 primum
1188 2771 1447 2840 prodii~se
1477 2786 1837 2840 anonymum;
1868 2770 1932 2824 2°
1960 2780 2232 2825 exaratum
2259 2786 2379 2825 esse
2408 2780 2527 2840 post
2558 2786 2753 2822 annum
2788 2768 2909 2841 450ἓ
2945 2781 2995 2823 et
3028 2779 3152 2822 ante
3178 2768 3318 2835 496;
3350 2771 3412 2822 5°
3443 2774 3543 2823 sub
3566 2770 3800 2839 pontili-

520 2852 643 2913 catu
673 2842 871 2897 Gelasii
905 2840 1054 2913 papa
1081 2857 1215 2909 opus
1248 2853 1429 2913 notum
1454 2843 1637 2904 luisse,
1668 2842 1761 2895 sed
1793 2848 1909 2895 sine
1936 2843 2168 2897 auctoris
2196 2844 2413 2895 nomine
2442 2846 2632 2894 lectum
2663 2855 2813 2913 esse;
2858 2840 2916 2895 4⁸
2948 2850 3068 2909 post
3095 2856 3211 2894 eain
3240 2850 3450 2894 aetatem
3481 2842 3531 2894 in
3560 2842 3799 2913 quibus-

519 2911 641 2981 dam
672 2930 801 2968 mss.
834 2911 1033 2968 nomen
1062 2913 1359 2981 praetulisse
1387 2912 1444 2965 S.
1476 2914 1765 2975 Ambrosii,
1794 2913 1845 2966 in
1876 2913 1993 2967 aliis
2021 2929 2213 2967 nomen
2242 2914 2299 2967 S.
2338 2913 2617 2980 I'rospcri;
2665 2912 2727 2965 5°
2758 2922 2906 2965 certo
2949 2913 3146 2965 certius
3178 2926 3281 2965 non
3330 2926 3450 2966 esse
3478 2911 3754 2966 Ambrosii
3782 2928 3797 2975 ;

519 2980 575 3035 6'
608 2998 705 3037 nec
738 3000 863 3037 vero
893 2980 1071 3037 simile
1100 2984 1237 3036 idem
1270 2998 1388 3037 esse
1419 2983 1475 3037 8.
1513 2984 1795 3051 ιἰσοςρει·ἱ;
1834 2984 1896 3037 7°
1930 2993 2201 3037 auctorem
2233 2998 2351 3037 cum
2382 2984 2636 3035 bat-tenus
2667 2983 2877 3051 ignotus
2916 2988 3193 3047 manserit,
3221 2982 3436 3036 diflicile
3469 2997 3629 3051 posse
3658 2982 3799 3036 sciri

518 3053 638 3123 quis
668 3054 879 3108 tandem
914 3054 1002 3108 ille
1031 3054 1188 3108 luerit
1208 3070 1243 3125 ;7
1263 3056 1325 3108 8°
1357 3053 1571 3125 quodsi
1597 3070 1661 3106 ex
1692 3057 1850 3107 modo
1881 3070 1966 3108 res
1996 3056 2255 3108 traeiandi
2295 3063 2347 3107 et
2388 3053 2513 3125 styli
2544 3052 2916 3125 conforinitate
2944 3053 3198 3121 judicium
3227 3054 3470 3125 ducatur,
3498 3067 3620 3107 esse
3647 3054 3801 3108 unde

518 3125 839 3190 conjiciatur
864 3139 1000 3193 opus
1027 3128 1195 3178 sancti
1228 3124 1457 3187 Leonis;
1503 3124 1565 3177 9°
1596 3126 1907 3177 anlatenus
1940 3126 2153 3193 probari
2185 3125 2285 3178 hoc
2327 3122 2462 3193 opus
2492 3142 2594 3177 non
2626 3143 2650 3175 a
2686 3122 2864 3177 Leone
2891 3125 3244 3178 elaboratum.
3290 3122 3465 3179 Unum
3506 3136 3795 3190 superest,

518 3194 726 3249 scilicet
758 3210 853 3264 pro
892 3205 1039 3249 certo
1065 3194 1293 3249 delinire
1324 3199 1418 3248 bos
1448 3196 1613 3247 libros
1638 3208 1758 3249 esse
1788 3200 1955 3249 sancti
1990 3196 2182 3253 Leonis
2223 3198 2404 3249 letum.
2452 3196 2604 3263 Quod
2637 3210 2733 3247 nos
2761 3208 2826 3248 ex
2857 3204 3172 3264 argumento
3204 3196 3254 3248 in
3295 3196 3407 3248 sola
3438 3196 3568 3265 βιγΙὶ
3595 3194 3799 3248 simili-

519 3265 705 3335 tudine
736 3267 953 3320 fundato
979 3275 1217 3319 statuere
1248 3282 1354 3319 non
1382 3265 1617 3319 ausimus
1639 3307 1652 3331 ,
1683 3267 1823 3335 quod
1867 3276 2042 3321 tanien
2076 3279 2360 3323 momentis
2395 3282 2425 3321 a
2463 3266 2772 3334 Quesnellio
2804 3269 2853 3320 in
2887 3267 3119 3321 medium
3148 3265 3396 3320 adductis
3424 3264 3532 3320 fere
3562 3280 3800 3335 persua-

517 3334 634 3390 deri
665 3350 768 3390 non
799 3336 1167 3390 diﬂitebiinnr.

589 3406 898 3461 ProbatiOni
930 3423 1059 3461 vero
1086 3423 1241 3478 quam
1269 3407 1569 3461 Antelmius
1595 3422 1661 3461 ex
1695 3406 1863 3460 Pbotii
1914 3408 2222 3462 testimonio
2258 3408 2396 3462 eruit
2444 3421 2549 3462 non
2596 3407 2988 3476 reSpondimus,
3023 3409 3143 3476 quia
3188 3407 3317 3461 illud
3348 3408 3399 3461 in
3442 3420 3552 3461 rem
3584 3407 3655 3461 de
3686 3423 3795 3475 qua

515 3478 690 3546 agitur
714 3478 846 3533 nihil
877 3477 1116 3533 confert.
1158 3480 1288 3533 Huic
1313 3481 1457 3533 enim
1500 3480 1703 3531 auctori
1747 3481 1967 3532 confuse
2013 3480 2305 3548 leviterque
2355 3489 2475 3532 nota
2522 3480 2732 3533 videtur
2783 3477 3002 3531 historia
3044 3479 3483 3548 Pelagianorum,
3522 3487 3576 3531 et
3608 3478 3797 3547 ignota

515 3551 736 3619 omnino
770 3561 886 3603 orta
929 3560 1050 3619 post
1099 3552 1376 3619 Augustini
1418 3560 1641 3604 mortem
1672 3550 1738 3603 de
1767 3551 1882 3618 ejus
1910 3551 2154 3605 doctrina
2196 3554 2333 3605 inter
2356 3550 2728 3605 Occidentales
2771 3549 3013 3603 dissidia.
3068 3551 3144 3603 Ex
3182 3565 3281 3603 suo
3316 3551 3529 3618 ingenio
3554 3548 3634 3601 ait
3663 3566 3692 3599 ει
3724 3548 3789 3604 8.

514 3617 780 3690 Prospero
809 3617 1097 3690 pugnatum
1130 3617 1318 3675 contra
1350 3619 1666 3690 Pelagianos
1696 3617 2130 3690 subpontilicaln
2157 3624 2214 3676 S.
2242 3621 2458 3675 Leonis.
2501 3620 2757 3675 Audierat
2796 3619 2863 3673 de
2891 3622 3061 3689 gratia
3090 3617 3743 3687 scripsisse’l’rosperum
3776 3636 3793 3675 :

516 3689 827 3762 Pelagianos
866 3689 935 3745 ab
979 3708 1045 3747 eo
1074 3694 1416 3761 iinpngnatos
1439 3689 1699 3752 credidit;
1750 3689 1830 3746 et,
1855 3706 1973 3745 cum
2010 3694 2224 3762 legisset
2261 3695 2314 3746 in
2344 3694 2586 3761 epistolis
2612 3691 2858 3759 Septimii
2890 3702 2943 3744 et
2974 3692 3169 3746 Leonis
3198 3696 3262 3743 ad
3290 3690 3598 3744 Januariuin
3625 3690 3795 3762 Aqui-

514 3761 769 3818 leiensem
796 3764 897 3817 sub
937 3763 1038 3817 hoc
1065 3766 1376 3833 pontilicatu
1406 3776 1579 3817 mctos
1606 3762 1907 3817 istiusmodi
1938 3761 2203 3829 homines,
2238 3765 2339 3818 hoc
2366 3767 2482 3831 ipso
2510 3774 2751 3830 tempore
2782 3777 2810 3814 a
2840 3764 3104 3832 ProSpero
3130 3764 3468 3832 inipngnatos
3499 3762 3794 3819 arbtratus

513 3846 616 3899 εει,
649 3848 716 3889 eo
744 3833 994 3888 libentius
1019 3832 1160 3904 quod
1202 3851 1305 3888 non
1333 3850 1455 3888 enni
1490 3834 1692 3888 latebat
1718 3847 1843 3888 tunc
1872 3835 2125 3902 temporis
2157 3835 2342 3889 Roma:
2369 3835 2696 3889 diversatum
2731 3834 2892 3887 fuisse
2918 3833 3263 3901 Prosperuin.
3306 3833 3411 3887 Sed
3451 3832 3566 3887 lirc
3605 3833 3792 3885 omnia

510 3919 577 3958 ex
608 3906 771 3958 meris
801 3906 1130 3974 conjeetnris
1155 3922 1185 3959 a
1218 3906 1409 3960 Photio
1440 3909 1637 3975 scripta
1670 3904 1951 3959 manifeste
1988 3916 2153 3975 patet,
2187 3908 2527 3975 locutiimque
2556 3914 2613 3958 ut
2639 3906 2906 3959 hominem
2934 3920 2961 3957 a
2994 3907 3324 3973 temporibus
3352 3915 3406 3958 et
3435 3905 3567 3957 loeis
3598 3907 3790 3971 sojun-

509 3986 677 4047 ctum,
708 3976 795 4045 qui
826 3985 1015 4047 exacta
1044 3992 1221 4030 rerum
1250 3977 1470 4031 bistoria
1502 3978 1743 4039 carebat,
1774 3978 1867 4030 sed
1893 3978 2072 4031 omnia
2102 3994 2169 4031 ex
2195 3992 2293 4031 suo
2316 3978 2527 4047 ingenio
2558 3975 2811 4045 tingebat.
2845 3975 2953 4029 Etsi
2980 3991 3109 4029 vero
3140 3976 3433 4047 lateremnr
3460 3975 3792 4047 Prosiieruin

510 4046 732 4119 sedente
762 4051 812 4119 in
844 4045 1083 4119 Romana
1115 4048 1243 4101 sede
1276 4048 1455 4119 Leone
1477 4060 1661 4102 contra
1695 4048 2008 4114 Pelagianos
2037 4051 2233 4119 styluin
2273 4045 2583 4119 exercuisse
2617 4065 2629 4099 :
2664 4063 2730 4119 ex
2766 4062 2911 4100 mera
2941 4048 3246 4119 conjectura
3272 4046 3323 4099 id
3353 4046 3607 4119 tribuitur
3637 4045 3793 4119 libris

509 4113 578 4189 de
613 4114 899 4189 Vocatione
924 4115 1206 4189 Gentium:
1238 4119 1327 4185 qui
1354 4118 1408 4171 in
1438 4118 1752 4187 Pelagianos
1777 4113 1881 4172 non
1913 4113 2235 4189 diriguntur.
2267 4118 2417 4175 Unde
2447 4119 2673 4173 habetur
2702 4118 2770 4171 de
2799 4118 2880 4170 bis
2903 4113 3055 4189 libris
3085 4120 3316 4171 locutum
3346 4131 3466 4169 esse
3496 4116 3793 4189 Plionum?

510 4184 777 4255 Numquid
805 4186 919 4241 ﬁeri
952 4190 1134 4257 nequit
1172 4184 1497 4259 Pro~perum
1542 4184 1745 4243 interea
1777 4184 2042 4257 temporis
2071 4191 2281 4259 aliquos
2331 4189 2498 4244 libros
2528 4190 2763 4244 edidisse
2790 4201 2975 4243 contra
3006 4188 3315 4257 Pelagianos
3339 4228 3353 4251 ,
3385 4190 3478 4258 qui
3512 4201 3690 4242 tamen
3718 4185 3789 4241 ad

509 4271 610 4338 nos
637 4272 741 4309 non
773 4262 1136 4339 pervenerint.
1175 4258 1278 4339 Sed
1301 4260 1529 4339 tandem
1558 4259 1689 4313 nihil
1726 4259 1862 4316 certi
1890 4262 2049 4315 statui
2091 4258 2268 4330 poteSt
2296 4274 2363 4315 ex
2404 4262 2506 4315 boc
2534 4259 2709 4314 Pliotii
2738 4260 2877 4324 loco,
2908 4260 2996 4329 qui
3027 4262 3140 4313 bicc
3168 4260 3349 4313 omnia
3376 4274 3445 4313 ex
3476 4274 3625 4313 mera
3650 4271 3788 4311 con-

503 4330 713 4397 jectura
753 4330 1037 4393 scripsisse
1068 4330 1424 4383 convincitur.

583 4397 664 4470 Ex
704 4399 787 4453 bis
815 4402 1064 4470 omnibus
1095 4401 1248 4455 facile
1275 4402 1491 4470 colliget
1518 4415 1704 4469 :equus
1733 4404 1904 4455 lector
1925 4441 1941 4466 ,
1971 4402 2105 4457 niliil
2140 4402 2307 4457 satius
2328 4443 2344 4469 ,
2378 4414 2432 4458 et
2457 4402 2525 4456 ab
2554 4402 2697 4457 omni
2731 4401 3046 4457 temeritatis
3084 4400 3391 4469 suspicione
3437 4401 3721 4462 remotius,
3756 4415 3789 4453 a

510 4468 665 4522 nobis
689 4469 803 4523 lleri
822 4469 1097 4537 debuisse,
1123 4486 1282 4540 quam
1308 4485 1364 4525 tit
1394 4468 1555 4527 liosce
1579 4468 1744 4527 libros
1769 4475 1909 4526 inter
1928 4475 2168 4528 eruditos
2199 4468 2335 4528 biuc
2356 4476 2476 4527 inde
2509 4484 2651 4527 tanta
2679 4476 3079 4528 concertatione
3104 4468 3399 4531 disCussos.
3430 4473 3573 4525 unde
3602 4480 3789 4523 tamen

508 4548 714 4613 certum
747 4541 1063 4613 deant-tore
1089 4544 1348 4611 judicium
1381 4544 1544 4598 statui
1574 4553 1819 4612 nc-qneat.
1855 4558 1954 4599 nec
1978 4545 2120 4600 veris
2148 4545 2203 4598 S.
2239 4544 2487 4613 Prasperi
2526 4544 2778 4613 operibus
2817 4557 3257 4611 autumn-remus,
3286 4557 3385 4596 nec
3412 4543 3477 4595 ad
3506 4542 3789 4611 supposita

507 4611 730 4664 omnino
756 4612 1093 4685 rejiciamus;
1128 4615 1304 4685 donec
1331 4616 1399 4668 de
1427 4627 1569 4669 tanta
1601 4616 1692 4669 lite
1719 4616 2004 4671 statuerint
2033 4615 2252 4672 eruditi.
2302 4611 2389 4670 Ειί
2417 4611 2577 4670 dictis
2606 4628 2780 4669 tamen
2808 4614 2962 4669 facile
2990 4617 3270 4685 eonjicitur
3309 4613 3409 4669 hos
3440 4615 3610 4668 libros
3636 4613 3787 4667 circa

506 4694 703 4736 annum
746 4684 944 4737 Cliristi
983 4684 1087 4739 MO
1123 4683 1287 4739 fuisse
1325 4698 1594 4741 exaratos.

503 4800 3759 4829 ___________._________________________—__—..

1798 4898 2106 4971 LIBRI
2183 4894 2391 4967 Ι)Πο
2420 4888 2450 4927 ³

586 5077 817 5201 DE
904 5072 1913 5215 VOCATIONE
2010 5063 2770 5197 OMNIUM
2852 5060 3706 5205 GENTIUM.

1545 5345 2020 5458 LIBER
2094 5344 2735 5452 PRIMUS.

919 5517 1080 5590 84⁷
1121 5516 1347 5575 CAPUT
1388 5514 1673 5570 PRIMUM.
2115 5528 2171 5586 Α
2266 5522 2367 5561 non
2388 5508 2735 5590 recte‘sentt’re
2754 5524 2839 5561 eos
2861 5508 2946 5590 qui
2971 5507 3339 5590 praedicatione
3364 5506 3543 5577 gratia
3567 5504 3790 5560 liberata!

2266 5580 2443 5648 negari
2468 5579 2735 5632 arbitrium
2763 5579 3095 5633 contendunt.

506 5674 785 5732 Haterium
813 5673 909 5728 hoc
937 5674 1067 5729 libro
1108 5673 1433 5728 tractandam
1454 5672 1741 5743 'propom't,
1774 5671 2093 5741 ostenditque
2270 5670 2415 5727 later
2462 5670 2779 5729 defensores
2818 5673 2971 5729 liberi
3018 5670 3269 5739 arbitrii,
3312 5680 3368 5727 et
3403 5668 3791 5742 pradicatoros

583 5820 611 5850 ⁸
644 5812 844 5882 Scripti
868 5810 1086 5868 circiter
1110 5823 1310 5862 anitum
1336 5806 1463 5864 ΗΟ.
