4014 6348
531 350 638 430 oss

1165 358 1222 426 's.
1265 349 1603 425 rauSrsnt
1643 365 1976 437 AQUI‘I‘ANI
2014 364 2243 422 orsus
2281 361 2607 422 taceam
2648 362 3172 424 AUCTORITATIS.

3709 362 3808 433 650

530 504 634 560 que
663 489 806 560 quod
832 488 1002 544 virttis
1024 497 1126 548 est.
1167 489 1311 541 Deus
1343 498 1445 542 est.
1499 485 1601 554 Qui
1637 487 1681 540 si
1716 500 1822 540 non
1869 492 2126 554 operatur
2155 487 2206 544 Α
2233 481 2457 542 audivit.
2489 491 2544 536 et
2574 491 2741 536 totum
2773 483 2841 537 de
2873 482 3150 537 voluntate
3176 482 3319 552 quod
3357 483 3631 540 credidit?
3669 487 3805 556 Quod

529 581 582 637 itt
614 580 792 644 nobis,
828 580 1027 634 nullius
1074 595 1361 649 possumus
1411 579 1703 649 participes
1732 591 1854 632 esse
1885 575 2117 629 virtutis.

528 676 658 732 Sine
688 675 790 729 hoc
812 676 1011 746 quippe
1035 676 1174 729 bono
1204 674 1336 728 nihil
1362 682 1448 728 est
1477 673 1678 726 bonum
1697 713 1711 734 .
1736 669 1854 725 sine
1886 668 2124 724 hacluce

528 770 661 822 nihil
681 780 765 823 est
787 768 1042 835 lucidum,
1066 769 1183 822 sine
1211 770 1310 820 hac
1329 766 1591 836 sapientia
1611 765 1742 820 nihil
1762 778 1977 825 sanum,
2004 761 2123 815 sine

530 857 630 913 hac
646 859 858 928 justitia
882 860 1012 913 nihil
1036 869 1260 914 rectum.
1281 857 1421 914 Dicit
1441 859 1584 913 enim
1611 871 1708 926 per
1728 855 1917 910 lsaiam
1939 852 2123 908 Domi-

530 966 653 1015 nus,
674 948 930 1021 Egosum,
952 965 1042 1021 ego
1057 965 1171 1002 sum
1193 948 1403 1014 Deus,et
1417 964 1518 1001 non
1536 956 1608 1001 est
1623 956 1811 1018 prceter
1823 943 2001 1013 mequi
2017 941 2120 996 sal-

530 1040 774 1110 uetUsai.
805 1043 1072 1107 xum“);
1103 1052 1157 1096 et
1186 1040 1472 1104 .Ieremias,
1495 1038 1641 1104 Scio,
1661 1039 1856 1107 inquit,
1879 1033 2117 1102 Domine,

529 1132 765 1202 quianon
793 1140 900 1185 ἐει
932 1132 983 1184 in
1015 1132 1219 1184 homine
1251 1130 1333 1182 via
1363 1146 1478 1195 sua,
1511 1145 1602 1182 nec
1622 1129 1717 1182 viri
1748 1138 1820 1181 est
1851 1136 1906 1180 ut
1932 1125 2122 1194 dirigat

529 1222 780 1276 itersutnn
797 1219 934 1289 (In.
964 1238 996 1275 x
1010 1221 1147 1291 .25).
1171 1221 1344 1275 Homo
1359 1236 1590 1290 namque
1605 1219 1851 1274 mortalis
1868 1218 2119 1272 damnata

527 1315 585 1368 in
607 1315 776 1369 Adam
803 1314 1009 1383 origine
1037 1313 1329 1367 carnaliter
1349 1324 1538 1377 natus,
1574 1312 1640 1366 ad
1665 1309 1967 1382 spiritalem
1995 1309 2118 1362 novi

526 1412 741 1478 generis
769 1406 1088 1476 dignitatem
1109 1445 1124 1470 ,
1156 1406 1254 1459 nisi
1288 1405 1492 1475 Spiritu
1520 1413 1713 1460 sancto
1755 1413 1974 1472 regente
2013 1415 2117 1456 non

527 1499 791 1569 pervenit.
827 1498 932 1554 Sed
983 1512 1083 1553 nec
1125 1498 1232 1552 ullo
1266 1498 1405 1554 hanc
1446 1497 1718 1552 desiderio
1761 1496 1997 1565 appetit,
2028 1493 2118 1563 qui

527 1594 764 1646 calorem
795 1591 961 1658 ipsius
983 1589 1234 1644 desiderii
1269 1605 1374 1643 non
1399 1589 1611 1656 accepit
1639 1587 1668 1626 δ
1696 1602 1726 1641 a
1751 1587 1892 1654 Deo,
1925 1585 1993 1640 de
2012 1599 2119 1652 quo

528 1680 656 1735 dicit
683 1681 966 1743 Dominus,
997 1678 1176 1750 Ignem
1207 1682 1318 1734 veni
1347 1682 1550 1734 mittere
1579 1681 1633 1733 in
1662 1691 1895 1734 terram:
1923 1688 1970 1730 et
1992 1676 2120 1747 quid

525 1775 639 1829 volo
667 1776 764 1828 nisi
788 1785 843 1828 ut
864 1776 1040 1829 ardeat
1061 1774 1216 1846 (Luc.
1250 1789 1364 1836 xu,
1402 1775 1471 1829 49
1494 1773 1552 1845 )?
1587 1772 1730 1844 Ignis
1760 1783 1940 1829 autem
1977 1772 2078 1825 iste
2100 1810 2116 1835 ,

2231 573 2276 627 si
2303 573 2374 629 ita
2404 584 2568 640 eSset,
2617 575 2746 629 nilnl
2796 575 2937 630 inter
2970 577 3200 646 gratiam
3247 575 3529 647 legemque
3571 579 3802 647 distaret.

2227 682 2330 723 nec
2381 669 2730 740 indulgentia:
2776 684 3101 739 quemquam
3132 668 3356 737 spiritus
3394 669 3727 736 viviﬁcaret,
3767 673 3805 728 si

2227 759 2484 816 occidens
2509 760 2683 815 littera
2711 768 3072 828 permaneret.
3100 759 3208 814 Lex
3235 759 3384 815 enim
3411 763 3558 832 quod
3583 762 3700 816 ﬁeri
3729 771 3806 818 aut

2228 866 2335 906 nun
2369 851 2485 905 fieri
2509 851 2683 918 jubet,
2716 867 2822 905 non
2856 859 3080 919 prastat
3101 861 3152 905 ut
3184 862 3276 906 aut
3316 852 3407 906 fiat
3433 862 3526 908 aut
3553 868 3662 908 non
3692 854 3803 920 ﬁat;

2225 942 2478 1014 quoniam
2512 943 2787 999 severitati
2834 945 2954 1011 ejus
3003 959 3109 998 non
3157 944 3432 1013 libertate,
3483 947 3578 1001 sed
3628 947 3805 1005 timore

2223 1041 2459 1092 servitur
2485 1055 2499 1090 :
2529 1037 2789 1092 Dominus
2813 1049 2995 1092 autem
3028 1047 3084 1091 ut
3109 1037 3283 1107 legem
3317 1053 3421 1093 non
3446 1040 3801 1108 solveret,sed

2225 1130 2477 1200 impleret
2506 1128 2726 1200 (Matth.
2775 1147 2829 1196 ν,
2867 1129 2981 1200 1τ),
3017 1144 3112 1199 per
3135 1132 3323 1199 gratiae
3350 1132 3608 1185 auxilium
3629 1133 3803 1189 efﬁcax

2227 1219 2354 1274 fecit
2389 1219 2520 1290 legis
2566 1221 2882 1290 imperium,
2929 1233 2986 1276 et
3025 1221 3431 1290 multiplicando
3476 1223 3803 1281 clementiam

2226 1313 2436 1367 sustulit
2465 1327 2675 1382 ptenatn
2701 1328 2716 1377 ;
2747 1323 2804 1367 ut
2843 1327 3120 1383 peccatum
3148 1330 3252 1368 non
3280 1314 3595 1370 ulciscendo
3620 1318 3804 1386 plecte

2225 1416 2329 1477 ret,
2360 1408 2452 1462 sed
2484 1407 2809 1463 remittendo
2849 1408 3074 1463 deleret.
3116 1407 3266 1463 Unde
3297 1409 3600 1464 adulteram
3637 1426 3707 1466 ex
3742 1413 3802 1470 le-

2223 1501 2307 1571 gis
2327 1502 2714 1555 constitutione
2737 1500 3102 1568 lapidaodam.
3132 1509 3188 1554 et
3217 1500 3441 1555 veritate
3470 1501 3739 1568 liberavit,
3759 1513 3804 1558 et

2222 1593 2435 1663 gratia;
2486 1607 2606 1647 cum
2658 1602 3007 1648 exsecutores
3057 1593 3312 1661 praecepti
3361 1594 3429 1649 de
3468 1597 3802 1654 conscientiis

2227 1687 2419 1750 territi,
2459 1697 2778 1742 trementem
2819 1702 2966 1741 ream
3006 1687 3108 1742 sub
3141 1687 3283 1741 illius
3322 1687 3530 1757 judicio
3572 1691 3796 1762 reliquis-

2225 1790 2346 1834 sent
2375 1781 2464 1848 qtti
2505 1790 2729 1834 venerat
2754 1795 2983 1849 querere
3009 1789 3060 1832 et
3085 1780 3282 1834 salttum
3327 1780 3493 1848 facere
3535 1783 3683 1851 quod
3707 1799 3798 1850 per-

526 1868 745 1924 dilec.io
773 1879 858 1924 est
891 1870 1003 1936 Dei,
1025 1885 1188 1940 quam
1219 1877 1430 1924 amator
1467 1868 1651 1923 mundi
1697 1866 1836 1921 cord
1904 1862 2119 1931 captivo
2151 1878 2197 1937 Β
2223 1873 2351 1925 ierat
2376 1871 2526 1946 (ιυε,
2560 1888 2679 1934 χιι,
2712 1872 2838 1940 10);
2880 1881 2936 1926 et
2969 1870 3088 1926 ideo
3119 1872 3434 1938 inclinatus,
3486 1872 3539 1927 id
3599 1884 3720 1939 est,
3743 1875 3798 1929 ad

529 1976 634 2016 non
662 1973 837 2032 potest
863 1965 1182 2028 concipere;
1215 1962 1407 2030 plenus
1448 1970 1534 2016 est
1568 1961 1711 2015 enim
1743 1964 1818 2014 au
1878 1967 1930 2014 re
1963 1957 2118 2011 vani-

527 2065 715 2116 talum.
748 2069 881 2125 quas
908 2056 1068 2110 etiam
1092 2055 1138 2109 si
1167 2055 1396 2123 potuerit
1423 2070 1488 2107 ex
1515 2054 1690 2123 aliqua
1723 2058 1805 2120 pat
1863 2064 1882 2104 ι
1918 2051 2086 2104 vitare
2106 2090 2120 2114 ,

526 2153 616 2212 et,
670 2144 997 2200 transcensis
1070 2156 1091 2184 ε
1135 2144 1523 2212 temporalibus
1568 2159 1631 2198 ac
1674 2141 2005 2204 visikuibus,
2052 2139 2122 2194 ad

525 2247 727 2293 acterna
755 2248 808 2293 et
830 2237 1116 2293 inviStbilia
1160 2237 1511 2306 intelligendo
1543 2234 1871 2306 profecerit;
1906 2235 1952 2288 si
1978 2248 2007 2288 a
2029 2247 2122 2288 co-

525 2330 699 2384 lendis
723 2345 939 2400 quoque
965 2329 1273 2384 simulacris
1303 2330 1609 2393 recesserit,
1644 2338 1698 2382 et
1730 2329 1978 2382 venerari
2009 2341 2121 2380 cce-

525 2426 635 2478 lum
664 2440 726 2478 ac
782 2437 1009 2488 terram,
1062 2426 1354 2495 omniaque
1415 2425 1595 2478 mundi
1648 2425 1808 2493 hujus
1850 2424 2119 2477 elementa

523 2517 828 2582 destiterit;
863 2519 1020 2571 fidem
1052 2528 1227 2572 tatnen
1257 2517 1712 2585 dilectionemque
1762 2516 1926 2589 855
1957 2515 2120 2570 Chri—

524 2609 614 2674 sti,
647 2612 998 2665 conturbatus
1021 2610 1088 2664 de
1120 2610 1234 2678 cjus
1266 2610 1378 2678 ipsa
1412 2610 1748 2672 humilitate,
1782 2624 1888 2664 non
1919 2609 2114 2678 capiet,

524 2714 578 2758 et
598 2703 910 2758 scandalum
957 2703 1252 2757 Dominicte
1300 2701 1598 2757 nativitatis
1646 2717 1709 2757 ac
1761 2702 1950 2757 mortis
1995 2717 2120 2773 pro-

528 2801 643 2869 prio
683 2800 889 2869 judicio
933 2814 1038 2852 non
1089 2799 1321 2853 evincet.
1359 2798 1588 2867 Propter
1613 2797 1931 2867 sapientiam
1973 2797 2115 2850 enim

525 2894 708 2948 mundi
746 2895 1083 2948 resistentem
1118 2892 1397 2960 sapientia:
1429 2892 1557 2956 Dei,
1592 2902 1648 2944 ttt
1678 2891 1933 2960 superbia
1964 2890 2031 2944 de
2056 2904 2117 2945 se

523 2990 959 3059 prmeumeutium
989 2996 1304 3052 cmcttretttr,
1336 2986 1531 3054 placuit
1569 2984 1678 3039 Deo
1721 3001 1807 3050 per
1841 2985 2114 3039 stultitiam

525 3083 903 3149 pradicationis
945 3082 1112 3134 salt-os
1145 3081 1314 3150 facere
1352 3079 1617 3132 credentes
1649 3080 1666 3146 (
1697 3077 1718 3131 l
1751 3077 1868 3132 Cor.
1901 3094 1937 3141 ι,
1980 3077 2044 3132 21
2072 3078 2113 3147 ).

524 3173 676 3232 Unde
721 3175 810 3244 qtti
853 3173 1114 3227 doctrinis
1146 3171 1497 3227 Saecularibus
1553 3179 1802 3236 tument,
1835 3169 2112 3226 ridEndam

2225 1963 2458 2018 httmana
2501 1963 2766 2019 dentissus
2788 2005 2802 2027 ,
2834 1974 2888 2017 et
2925 1964 2976 2018 in
3005 1979 3143 2033 Opus
3174 1973 3374 2018 nostra:
3402 1965 3792 2020 reformationis

2223 2056 2485 2123 inﬂexus,
2513 2059 2676 2128 digito
2721 2057 2971 2111 scribebat
3007 2057 3063 2110 in
3114 2066 3304 2112 terram
3341 2055 3526 2127 (Joan.
3554 2075 3708 2126 xvnt,
3733 2058 3797 2129 6),

2221 2162 2276 2206 ut
2306 2152 2477 2222 legem
2501 2151 2876 2205 mandatorum
2921 2165 3017 2220 per
3039 2151 3226 2219 gratia:
3261 2150 3478 2206 decreta
3516 2163 3796 2215 vacuaret,

2221 2253 2276 2299 et
2297 2243 2607 2299 ostenderet
2638 2258 2697 2297 se
2736 2257 2856 2297 esse
2891 2243 2979 2312 qui
3018 2241 3259 2303 dixerat.
3293 2241 3438 2296 Dabo
3476 2244 3615 2313 leges
3655 2242 3800 2316 856

2222 2353 2359 2391 meas
2387 2337 2439 2388 in
2480 2353 2629 2389 sensu
2658 2337 2887 2405 ipsorum
2908 2375 2922 2398 ,
2948 2343 2996 2388 et
3038 2335 3090 2387 in
3140 2335 3298 2387 corde
3335 2335 3568 2402 ipsor-rm
3598 2338 3799 2388 scribat!

2221 2444 2308 2481 eas
2340 2425 2550 2497 (Jercm.
2589 2441 2740 2488 xxxi,
2772 2426 2889 2482 33).
2940 2424 3094 2491 Quod
3153 2426 3336 2493 utique
3380 2425 3622 2492 quatidie
3663 2424 3796 2491 facit,

2220 2517 2346 2572 dum
2371 2518 2626 2571 cordibus
2664 2527 2975 2569 vocatorum
3026 2529 3176 2568 suam
3223 2514 3412 2568 inserit
3461 2516 3794 2582 voluntatem,

2219 2622 2273 2665 et
2302 2610 2443 2680 ston
2472 2608 2708 2675 Spiritus
2761 2608 2930 2661 sancti
2980 2605 3240 2676 quidquid
3290 2605 3341 2660 itt
3371 2608 3568 2661 anima:
3609 2607 3796 2679 paginis

2219 2701 2467 2756 diabolus
2494 2700 2783 2756 invidendo
2825 2698 3040 2754 falsavit
3076 2695 3104 2735 ιι
3139 2707 3340 2754 verttas
3386 2701 3699 2756 miserando
3725 2715 3796 2758 re-

2219 2796 2430 2849 scribit.

2291 2886 2423 2941 Cum
2478 2886 2639 2956 igitur
2678 2885 2898 2940 verbum
2950 2885 3042 2939 Dei
3089 2901 3186 2953 per
3211 2886 3570 2942 ministerium
3619 2887 3795 2959 pradi-

2219 2980 2455 3034 cantium
2488 2978 2710 3032 auribus
2743 2979 2924 3033 carnis
2969 2977 3199 3032 infertur
3225 3020 3239 3043 ,
3281 2978 3542 3034 miscetur
3567 2980 3793 3050 operatio

2219 3074 2476 3142 potentia:
2532 3072 2731 3126 divina:
2789 3087 2912 3125 cum
2962 3085 3098 3125 sono
3124 3072 3272 3126 vocis
3314 3073 3591 3138 humana,
3625 3082 3679 3128 et
3715 3073 3794 3143 qui

2220 3166 2463 3220 incitavit
2504 3165 2924 3232 evangelizantis
2971 3163 3239 3229 officium,
3285 3165 3557 3220 audientis
3597 3180 3795 3237 quoque

523 3266 693 3334 magis
720 3280 878 3332 quam
909 3264 1238 3317 atlorandam
1272 3277 1488 3317 crucem
1522 3263 1719 3316 Christi
1762 3262 2109 3326 existimant;
2142 3256 2188 3318 C
2228 3267 2238 3294 '
2291 3257 2523 3312 firmavit
2574 3256 2849 3312 aﬂ’ettnm.
2906 3256 3179 3311 Dulccscit
3230 3258 3371 3310 enim
3424 3259 3620 3311 anima:
3661 3259 3794 3313 cibus

521 3366 576 3410 et
603 3369 803 3425 quanto
828 3357 1111 3409 sublimius
1144 3355 1376 3424 quistlue
1406 3355 1470 3407 ad
1505 3354 1856 3408 humanarum
1902 3354 2112 3423 dicipli-

521 3466 707 3503 narum
740 3449 982 3503 instituta
1023 3448 1359 3514 conscendit,
1396 3457 1542 3502 tanto
1577 3448 1746 3516 magis
1776 3448 2114 3517 prmdicatio-

521 3544 600 3596 nis
633 3549 830 3595 nostrae
862 3540 1084 3594 humilia
1115 3549 1170 3592 ct
1196 3540 1410 3593 infirma
1443 3539 1663 3593 lastitlit.

590 3634 698 3687 Nec
722 3634 916 3686 mirum
948 3634 992 3684 si
1029 3631 1315 3699 Evangelii)
1336 3631 1514 3685 crucis
1542 3629 1740 3685 Citriin
1771 3632 2110 3702 philosophia

520 3725 546 3764 ει
576 3726 792 3796 gentilis
823 3726 1117 3788 obnititur,
1148 3724 1231 3777 cui
1283 3725 1446 3778 etiam
1494 3722 1714 3779 Judaica
1753 3723 1987 3779 eruditio
2021 3741 2108 3781 re-

519 3823 771 3873 luctatur.
814 3817 923 3872 Nec
965 3817 1106 3871 docti
1154 3817 1350 3884 igitur,
1399 3831 1501 3871 nec
1545 3815 1784 3882 indocti,
1823 3817 2112 3885 cujuslibet

521 3911 704 3979 stirpis
746 3920 835 3964 aut
868 3908 1110 3972 ordinis,
1145 3909 1374 3961 humana
1411 3909 1617 3960 ratione
1647 3915 1670 3942 °
1704 3905 1768 3959 ad
1798 3905 1969 3960 Deum
2013 3907 2112 3962 du-

519 4012 752 4064 cuntur;
785 4000 878 4053 sed
906 3999 1081 4053 omnis
1122 3997 1282 4052 homo
1319 3998 1410 4066 qui
1453 3999 1518 4051 ad
1550 3997 1721 4052 Deum
1752 3999 2106 4064 convertitur,

522 4091 614 4143 Dei
640 4089 865 4159 primum
896 4091 1062 4157 gratia
1091 4099 1481 4142 commovetur.
1521 4088 1633 4142 Non
1665 4090 1806 4143 enim
1856 4091 1971 4160 ipse
2006 4091 2108 4145 sibi

522 4186 701 4238 lumen
732 4190 833 4246 est,
865 4178 882 4217 τ
915 4196 1013 4235 nec
1060 4196 1156 4235 cor
1198 4195 1351 4233 suum
1396 4181 1545 4236 radio
1591 4189 1820 4252 propria:
1861 4183 1994 4239 lucis
2019 4199 2109 4240 ac-

519 4279 721 4334 cendit.
750 4279 804 4334 Si
849 4281 991 4333 enim
1029 4279 1216 4330 beatus
1266 4275 1533 4342 Joannes,
1577 4294 1683 4347 quo
1729 4294 1886 4333 nemo
1936 4279 2111 4334 homi-

520 4388 645 4426 num
675 4371 845 4439 majnr
894 4382 1052 4424 natus
1095 4379 1199 4436 est,
1229 4385 1330 4422 non
1362 4382 1467 4423 erat
1490 4369 1693 4434 lumen,
1721 4374 1840 4438 quia
1877 4387 1983 4427 non
2011 4387 2109 4427 sito

517 4464 804 4534 splendore
831 4463 1045 4516 lucebat
1070 4502 1084 4526 ,
1110 4460 1202 4516 sed
1224 4461 1292 4516 de
1322 4462 1414 4515 illo
1445 4477 1572 4515 vero
1595 4461 1797 4516 lumine
1821 4463 1959 4530 quod
1987 4465 2108 4516 illu-

515 4559 679 4612 minat
707 4572 906 4610 omnem
953 4554 1210 4608 hominem
1253 4555 1532 4609 venientem
1580 4557 1632 4610 in
1683 4558 1820 4608 hunc
1860 4557 2108 4609 mundum

2218 3350 2399 3415 verbi,
2431 3359 2643 3405 veteres
2676 3350 2913 3404 tenebrae
2951 3365 3086 3404 nova
3128 3350 3249 3404 luce
3286 3350 3588 3416 pelluntur.
3635 3360 3687 3405 et
3712 3349 3793 3404 ob-

2215 3454 2362 3499 tutus
2411 3444 2636 3498 intertor
2699 3443 2929 3512 caligine
2993 3442 3204 3512 antiqui
3258 3443 3462 3497 erroris
3511 3443 3790 3497 exsnitur:

2215 3536 2406 3592 transit
2428 3536 2640 3589 animus
2665 3535 2732 3590 de
2767 3535 3045 3589 voluntate
3077 3535 3127 3588 in
3159 3534 3492 3588 voluntatem
3521 3550 3537 3598 ;
3588 3535 3685 3589 etsi
3713 3533 3788 3588 ills

2213 3647 2333 3700 qua:
2385 3628 2640 3697 pellitur,
2689 3627 2867 3694 aliqua
2913 3624 2928 3676 i
2977 3627 3317 3680 cunctatione
3364 3639 3697 3688 remoratur;
3737 3637 3790 3678 ea

2215 3734 2397 3778 tamen
2418 3736 2534 3790 qua:
2558 3718 2788 3789 gignitur
2811 3718 3068 3772 electiora
3091 3732 3320 3786 quaque
3343 3717 3449 3770 sibi
3473 3718 3722 3782 vindieat,
3744 3723 3792 3768 ut

2215 3817 2299 3872 lex
2348 3814 2550 3885 peccati
2580 3823 2636 3867 et
2679 3814 2763 3867 lex
2812 3811 2906 3866 Dei
2952 3810 3196 3865 diversas
3246 3820 3407 3879 atque
3451 3811 3704 3865 discretas
3742 3809 3791 3861 in

2211 3908 2405 3964 eodem
2437 3905 2654 3959 homine
2681 3902 2917 3958 habeant
2945 3903 3251 3957 mansiones
3279 3919 3291 3955 :
3317 3911 3370 3955 et
3390 3903 3792 3973 ccttcupisceuts

2213 4015 2378 4056 carne
2406 3999 2664 4053 adversus
2691 3996 2961 4067 spiritum,
2990 3994 3015 4034 κ
3039 3996 3218 4050 οϊιιίε
3238 3998 3402 4050 etiam
3423 3997 3792 4066 concupiscen-

2214 4095 2302 4148 tiis
2331 4095 2520 4164 spiritu
2560 4103 2894 4162 repugnante
2943 4091 3087 4161 (Gal.
3124 4109 3176 4158 v,
3213 4093 3303 4161 l7)
3332 4133 3347 4156 ,
3402 4109 3499 4163 per
3538 4091 3793 4148 exteriora

2213 4188 2427 4257 quidem
2461 4186 2698 4240 insidiari
2742 4196 2978 4240 tentatur
3007 4186 3244 4251 audeat,
3277 4185 3372 4239 sed
3419 4201 3568 4240 mens
3599 4183 3796 4238 auxilio

2213 4281 2308 4336 Dei
2334 4280 2535 4334 munita
2565 4281 2873 4349 pra-valeat.
2910 4276 2930 4316 ι
2968 4281 3044 4333 Ad
3071 4294 3318 4349 magnam
3353 4281 3497 4334 enim
3522 4279 3798 4333 utilitatem

2213 4374 2455 4428 ﬁdelium
2489 4375 2709 4427 toateria
2757 4381 2840 4427 est
2871 4385 3137 4427 reservata
3177 4374 3537 4428 certaminum
3561 4413 3575 4434 .
3607 4381 3654 4424 ut
3698 4385 3796 4424 non

2212 4467 2484 4535 superbiat
2515 4465 2774 4518 sanctitas
2797 4506 2812 4527 ,
2844 4464 2970 4518 dum
3023 4465 3261 4532 pulsatur
3299 4464 3599 4518 infirmitas.
3640 4459 3799 4518 Unde

2211 4566 2268 4612 et
2297 4558 2587 4627 Apostolus
2617 4558 2746 4612 dicit
2781 4575 2792 4609 :
2828 4555 2892 4609 In
2935 4558 3286 4629 magnitudine
3334 4557 3700 4612 rettelationttm
3741 4572 3798 4609 ne

517 4654 534 4719 (
563 4648 718 4703 Joau.
754 4665 788 4706 ι.
816 4649 848 4703 9
878 4647 915 4716 ),
950 4659 1003 4699 ut
1037 4647 1124 4700 lux
1163 4657 1310 4701 esset
1347 4659 1633 4717 acceperat
1665 4665 1678 4701 2
1722 4649 1842 4718 quis
1881 4649 1973 4703 ille
2003 4651 2107 4703 erit
2137 4641 2186 4700 D
2209 4650 2456 4712 extollar,
2487 4653 2638 4704 datus
2669 4662 2739 4705 est
2769 4651 2893 4703 mihi
2913 4652 3124 4723 ange‘lus
3164 4651 3377 4705 Sutaute
3413 4653 3500 4714 qui
3538 4668 3612 4704 me
3645 4651 3795 4704 cola-

514 4743 603 4812 qui
637 4753 714 4797 t0t
743 4740 1054 4808 Opinionum
1086 4740 1516 4808 colluctationes,
1548 4751 1627 4796 tot
1649 4742 1858 4797 vincula
1874 4758 2100 4797 consue-

516 4836 735 4903 tudinis,
770 4845 844 4887 tot
876 4833 1186 4902 pra-judicia
1216 4835 1520 4902 vetustatis,
1571 4851 1668 4890 suo
1711 4846 1912 4891 tantum
1954 4837 2100 4907 judi-

514 4929 598 4983 cio
630 4937 808 4981 susus
835 4927 1157 4995 abrumpat;
1209 4936 1262 4980 et
1289 4927 1402 4981 sola
1452 4942 1584 4981 voce
1629 4930 1966 4983 extrinsecus
2015 4944 2103 4983 so-

543 5032 675 5075 antc
698 5019 956 5086 doctoris,
985 5019 1085 5072 hoc
1139 5028 1345 5074 tantum
1385 5020 1453 5075 de
1499 5023 1693 5090 gratia,
1719 5021 1913 5076 habeat
1957 5022 2102 5092 quod

584 5199 613 5217 υ
643 5177 880 5232 Verbum
909 5176 1301 5231 substantivum
1341 5186 1418 5229 est
1452 5191 1515 5229 ex
1549 5192 1650 5231 ms.
1694 5179 1802 5233 .lol.
1838 5179 2050 5233 additur
2083 5197 2094 5230 :

512 5250 664 5305 deest
693 5250 745 5303 itt
780 5250 922 5304 aliis.

589 5319 612 5358 δ
643 5319 738 5371 δικ.
772 5319 877 5373 Jnl.
911 5318 1113 5372 omittit
1141 5335 1172 5370 a
1203 5319 1328 5371 Deo.

590 5399 610 5462 ξ
772 5389 904 5462 lol.,
937 5390 1308 5462 corporalibus.

580 5458 606 5543 fl
641 5459 739 5513 Ms.
771 5461 878 5545 λιιι.
902 5470 977 5545 et.
1004 5458 1136 5545 edit.
1177 5460 1342 5531 Oper.
1390 5459 1557 5514 Leon.
1604 5460 1810 5516 addunt
1850 5465 2058 5532 gentilis
2084 5505 2100 5532 ,

511 5534 594 5586 cui
630 5532 914 5596 respo-oIt-t
945 5528 1188 5586 Iudaica.
1229 5528 1244 5531 ⁷

583 5613 604 5640 ⁸
642 5602 776 5654 Ιεὶιιιιι
810 5599 973 5655 Duac.
1017 5612 1071 5656 et
1099 5605 1315 5669 Colum,
1345 5603 1413 5656 ad
1440 5602 1738 5657 Dominam.

584 5673 603 5713 ¹
641 5674 738 5727 bis.
771 5671 900 5735 Jttl.,
934 5688 1022 5725 nec
1054 5691 1280 5728 cursum.

546 5755 606 5866 rs
641 5743 878 5866 εἷιῇροι.
909 5755 965 5797 et
991 5744 1120 5798 edit.
1154 5746 1324 5800 Leon.
1356 5745 1560 5801 addunt
1598 5763 1740 5815 usus,
1771 5762 1877 5816 quo
1909 5758 2097 5805 carent

515 5831 540 5865 ἱὶ
566 5832 598 5866 Il
677 5832 727 5866 1)
761 5832 797 5868 Ι.

513 5831 613 5920 amb
645 5831 1027 5942 “Elaborant
1075 5885 1143 5938 ab
1189 5887 1316 5940 edit.
1370 5886 1565 5942 Leonis
1617 5899 1666 5943 et
1699 5890 2012 5946 exciderant
2064 5907 2094 5945 a

2210 4743 2401 4814 pltizet.
2431 4742 2652 4811 PrOpter
2670 4745 2805 4811 quod
2829 4755 2904 4796 ter
2938 4743 3215 4796 hominum
3245 4745 3420 4815 rogavi
3450 4756 3505 4796 ut
3527 4744 3797 4797 discederet

2211 4851 2242 4887 a
2279 4852 2387 4900 me;
2435 4835 2524 4888 sed
2553 4837 2680 4888 dixit
2712 4837 2838 4888 nti/ti
2867 4852 2885 4889 :
2915 4836 3111 4906 Suﬂicit
3153 4836 3244 4889 tibi
3290 4839 3458 4906 gratia
3504 4854 3643 4900 utea,
3681 4853 3794 4889 nam

2211 4931 2368 4984 virtus
2395 4931 2448 4983 in
2473 4930 2770 4998 inﬁrmitate
2795 4931 3059 5000 perﬁcitur
3101 4930 3166 4999 (ll
3197 4929 3317 4986 Cor.
3349 4947 3444 4996 xtl,
3478 4932 3556 5001 7).
3588 4933 3790 4999 Qua'ra:

2213 5036 2344 5092 ergo
2377 5021 2633 5076 Dominus
2683 5021 2968 5092 imaginem
3013 5037 3165 5077 suam
3192 5064 3208 5087 ,
3258 5033 3313 5078 et
3342 5034 3612 5079 errantem
3640 5039 3695 5074 oi
3709 5039 3790 5074 en;

2204 5180 2398 5235 Colon.
2425 5183 2564 5237 Sunt
2593 5187 2644 5236 in
2665 5199 2794 5238 mss.
2827 5182 3009 5238 Camb.
3049 5196 3099 5238 et
3129 5184 3235 5239 Jol.
3269 5198 3318 5240 et
3354 5187 3790 5242 Duac.editlont‘.

2286 5253 2302 5288 ί
2340 5252 2506 5307 Dttac.
2540 5263 2595 5308 cl
2624 5254 2838 5320 Colon.,
2873 5255 3118 5324 ﬁrmavit.
3149 5257 3250 5314 Ms.
3281 5258 3390 5314 Jol.
3424 5270 3476 5313 cl
3498 5262 3625 5314 etltl.
3656 5255 3796 5310 Len-

2207 5325 2313 5383 nis,
2347 5324 2609 5386 formavit.

2283 5393 2297 5442 i
2339 5396 2425 5447 Sit:
2458 5411 2558 5474 ms.
2588 5395 2694 5450 Jol.
2728 5405 2781 5450 et
2811 5396 2944 5452 edit.
2979 5396 3146 5452 Leon.
3181 5399 3349 5466 Alias,
3383 5404 3702 5474 contagione,
3741 5395 3796 5451 in

2209 5464 2390 5519 Leone
2421 5480 2472 5519 et
2511 5466 2796 5532 l‘rostiero.

2263 5533 2305 5618 ,ιι
2339 5535 2464 5590 Mss.
2497 5536 2599 5592 Jol.
2641 5548 2696 5593 et
2749 5537 2942 5606 Duac.,
2994 5543 3162 5594 carnis
3208 5551 3401 5599 autem.
3433 5543 3574 5609 Alii,
3623 5540 3796 5596 carnis

2207 5617 2378 5661 etiam.

2284 5675 2302 5717 ι
2339 5680 2463 5755 ilzrc
2493 5680 2800 5736 referuntur
2829 5701 2855 5735 a
2889 5683 3103 5739 Gelasio
3135 5701 3272 5755 papa
3302 5686 3355 5739 in
3387 5685 3643 5753 opusculo
3691 5681 3798 5736 ad-

2205 5767 2388 5806 versu-~
2427 5754 2771 5823 Pelagianos,
2808 5770 2928 5806 cum
2977 5756 3077 5809 hoc
3125 5754 3341 5824 elogio:
3394 5758 3542 5812 Sicut
3582 5756 3798 5825 quidet.

2204 5826 2446 5891 magister
2475 5825 2716 5878 Ecclesia;
2761 5840 3017 5896 sapienter
3046 5831 3266 5894 edocuit,
3313 5829 3486 5884 dicens
3516 5845 3538 5886 :
3568 5829 3644 5885 ΔΑ
3671 5840 3801 5882 σιο-

2205 5910 2360 5953 quam
2395 5896 2526 5946 enim
2558 5899 2849 5956 utilitatem,
2883 5907 2988 5951 etc.

2665 5979 2672 5988 λ

2373 5999 2480 6016 ‘1‘.“
2506 5999 2574 6011 .,-
2600 5993 2642 6012 ,ι-
2665 5989 2698 6012 ’δ
2730 5991 2738 6007 \
2763 5998 2804 6008 ιο
