4014 6348
229 391 333 452 ϐδτ

1118 382 1206 441 ΒΕ
1251 381 1378 439 thC
1404 378 1638 439 iT.0Nt‘.
1680 378 1819 435 UMN’
1858 382 1892 433 δ
1921 406 1946 430 ,ι
1990 392 2160 435 ιιιωιι
2208 381 2302 439 Usi
2349 384 2555 438 LIBER
2597 384 2640 446 Ι.

3418 390 3518 449 ’891

228 514 401 571 bonus
431 521 614 581 pastor
648 506 891 565 Inveniat
919 523 935 561 :
968 518 1071 563 nec
1111 502 1432 573 dedignetur
1474 518 1671 574 a‘gram
1699 501 1820 556 diu-
1846 500 1899 559 Δ
1923 516 1978 555 se
1993 500 2155 557 Deum
2168 506 2319 572 scire,
2340 507 2491 575 factis
2504 520 2673 562 autem
2707 510 3040 584 negant(Tit.
3064 509 3384 573 I.M).l\'am
3398 526 3520 567 cum

226 622 331 682 que
358 607 412 661 in
461 604 605 659 invio
644 602 919 673 fatigatam
969 600 1211 657 humeris
1256 598 1371 655 suis
1416 597 1595 662 ferre,
1624 606 1681 652 et
1712 611 1818 652 non

225 697 538 757 revocando
563 704 794 761 tantum,
815 692 910 749 sed
927 692 1090 749 etiam
1112 691 1377 763 portando
1390 691 1622 745 salvare.
1654 688 1817 756 Qua-

225 799 313 849 rat
343 790 599 844 Dominus
637 787 925 857 imaginem
954 800 1106 841 suam
1133 826 1151 852 ,
1195 794 1251 839 et
1298 784 1543 839 omnium
1593 796 1714 853 qua
1760 780 1816 838 in

221 897 342 939 eam
372 879 679 936 inciderunt
724 877 964 935 sordium
1013 877 1361 934 concretione
1398 875 1613 932 detersa
1637 915 1654 944 ,
1685 887 1816 945 spe-

219 976 399 1031 culum
439 972 658 1028 humani
697 971 877 1028 cordis
904 970 1161 1027 enubilet.
1206 970 1477 1039 Scriptum
1509 976 1593 1025 est
1617 969 1763 1025 enim
1797 984 1812 1023 :

220 1068 353 1135 Quis
401 1076 565 1134 potest
607 1066 775 1137 facere
812 1062 1063 1118 mundum
1104 1062 1168 1117 de
1207 1062 1474 1117 immundo
1511 1072 1815 1130 conceptum

216 1158 445 1215 semine?
477 1154 667 1211 Nonne
694 1165 751 1210 tu
770 1156 859 1226 qui
894 1154 1036 1209 solus
1064 1170 1117 1208 es
1156 1151 1299 1223 (Job.
1334 1166 1449 1213 xw.
1472 1153 1568 1224 4)?
1595 1152 1815 1221 Qmerat

219 1252 479 1308 Dominus
525 1249 815 1319 imaginem
855 1262 1009 1302 suam
1037 1291 1053 1314 ,
1086 1256 1144 1302 ut
1174 1256 1200 1284 ⁸
1248 1248 1304 1303 in
1355 1247 1706 1302 renovatione
1747 1261 1811 1302 ac

215 1342 598 1412 iustiﬁcatione
626 1340 745 1409 ejus
771 1341 945 1412 gratia
976 1338 1319 1395 reformantis
1349 1349 1636 1409 appareat,
1672 1338 1813 1394 sicut

216 1440 265 1494 in
295 1452 361 1493 se
386 1435 586 1492 factum
618 1435 818 1490 Paulus
859 1433 1141 1501 apostolus
1193 1441 1525 1502 promittatur
1550 1441 1603 1485 et
1632 1431 1763 1486 dicit
1794 1448 1809 1485 :

215 1531 376 1587 Eram
400 1542 570 1587 autem
598 1530 804 1601 ignotus
830 1528 965 1596 facie
990 1527 1234 1584 Ecclesiis
1266 1527 1467 1583 Iudam
1486 1570 1501 1594 ,
1526 1543 1643 1599 quin
1666 1533 1812 1579 erant

211 1626 261 1678 in
281 1622 496 1678 Christo
526 1640 545 1677 :
569 1631 771 1675 tantum
792 1622 1031 1676 auditum
1054 1620 1329 1684 habebant,
1358 1623 1494 1689 quod
1516 1622 1560 1673 is
1580 1623 1665 1689 qui
1689 1636 1807 1687 per-

212 1716 517 1787 sequebatur
537 1732 631 1769 nos
650 1714 956 1786 aliquando,
981 1729 1117 1767 nunc
1138 1714 1452 1783 evangelisat
1475 1713 1627 1776 ﬁdem
1653 1729 1808 1783 quam

211 1808 569 1881 expugnabat;
590 1818 638 1863 et
656 1809 709 1862 in
731 1824 808 1861 me
828 1806 1183 1874 clariﬁcabant
1200 1805 1228 1845 ιι
1253 1804 1415 1860 Deum
1443 1806 1587 1874 (Gal.
1618 1821 1658 1873 t,
1687 1805 1803 1876 22).

1922 595 2182 664 scriptum
2200 596 2483 664 sit,0mnis
2507 608 2592 669 qni
2606 602 2911 657 inuocanerit
2924 619 3105 658 nomen
3127 602 3337 657 Domini
3350 605 3520 659 saluus

1921 694 2020 743 erit
2037 689 2213 760 (Rom.
2229 707 2327 758 vn,
2353 694 2474 764 El).
2497 695 2567 751 de
2591 697 2913 766 qnilmsdam
2938 706 3119 754 tamen
3135 696 3396 753 Dominus
3414 697 3519 752 ait:

1924 778 2047 835 Non
2060 783 2225 836 omnis
2235 784 2323 854 qui
2336 784 2460 839 dicit
2475 786 2622 851 milli,
2642 786 2883 850 Domine,
2902 787 3136 846 Domine.
3149 789 3360 843 intrabit
3377 790 3428 843 in
3439 805 3522 843 re-

1920 888 2078 944 gnum
2103 876 2367 939 calorum,
2392 878 2482 931 sed
2504 879 2595 950 qui
2620 880 2744 948 facit
2761 881 3075 937 voluntatem
3098 880 3271 935 Patris
3289 881 3409 944 mei,
3432 882 3521 947 qui

1917 968 1972 1022 in
1994 968 2135 1023 ctelis
2149 980 2241 1033 est,
2266 969 2375 1041 ipse
2395 971 2602 1026 intrabit
2630 974 2682 1027 in
2696 989 2909 1046 regnum
2930 972 3205 1042 εωΙοι-ιιιιι(
3214 972 3403 1028 Matth.
3420 990 3514 1042 VII,

1917 1061 2047 1131 2|);
2081 1070 2136 1117 et
2171 1079 2186 1116 :
2214 1060 2370 1116 Multi
2402 1062 2526 1117 milii
2572 1064 2742 1120 dicent
2771 1066 2826 1119 in
2854 1066 2949 1121 illa
2976 1067 3081 1131 die,
3112 1064 3354 1131 Domine,
3404 1064 3518 1120 Do-

1919 1154 2076 1217 mine,
2098 1170 2268 1209 nonne
2292 1154 2344 1208 in
2367 1158 2571 1210 nomine
2593 1164 2678 1209 tuo
2698 1158 3139 1229 prophetnvimus,
3164 1167 3212 1211 et
3234 1158 3288 1212 in
3315 1158 3520 1213 nomine

1917 1257 2005 1301 tuo
2036 1249 2295 1303 dmonia
2323 1250 2589 1321 ejecimus,
2616 1261 2663 1305 et
2686 1252 2737 1305 in
2767 1255 2969 1306 nomine
2983 1262 3071 1306 tuo
3098 1254 3307 1307 virtutes
3328 1254 3518 1307 multas

1916 1345 2173 1413 fecimus?
2202 1353 2250 1399 et
2301 1356 2420 1400 tunc
2450 1348 2619 1401 dicam
2670 1347 2796 1411 illis,
2848 1348 2862 1399 i
2907 1348 3201 1420 Numquam
3250 1354 3366 1405 noui
3402 1368 3515 1418 vos,

1914 1437 2163 1492 discedite
2203 1455 2233 1491 a
2260 1456 2359 1503 me,
2392 1440 2615 1511 operarii
2659 1440 2946 1512 iniquitatis
2988 1440 3177 1509 (Ibid.,
3208 1440 3325 1514 ἥ).
3354 1443 3519 1499 Tales

1915 1543 2023 1583 non
2056 1530 2310 1585 invocant
2342 1547 2541 1586 nomen
2578 1532 2791 1587 Domini
2818 1535 2943 1601 quia
2975 1549 3078 1588 nun
3115 1534 3314 1589 habent
3343 1536 3516 1603 Spiri-

1915 1630 2024 1675 tum
2054 1622 2348 1693 adOptiouis
2373 1623 2606 1692 ﬁliorum
2633 1624 2687 1676 in
2707 1640 2810 1691 quo
2833 1623 3136 1684 clamamus.
3163 1623 3325 1683 Abba.
3355 1624 3513 1680 Pater

1911 1710 2089 1784 (Rom.
2120 1730 2235 1771 vrtt.
2268 1715 2385 1779 15).
2418 1713 2584 1770 Nemo
2624 1727 2803 1771 autem
2838 1726 3001 1783 potest
3027 1715 3197 1770 dicere
3234 1713 3513 1771 Dominum

1911 1805 2114 1871 desum,
2140 1808 2241 1861 nisi
2265 1809 2316 1861 in
2352 1807 2559 1874 Spiritu
2585 1818 2767 1863 sancto
2792 1807 2969 1878 (lCor.
3008 1826 3103 1871 xu.
3129 1809 3221 1881 5);
3254 1821 3304 1865 et
3331 1829 3345 1864 :
3383 1812 3518 1876 Qui—

210 1903 298 1958 διο
329 1916 464 1971 ergo
500 1912 628 1955 tunc
662 1898 1004 1955 Christianus
1044 1900 1271 1969 populus
1314 1901 1608 1964 didicerat,
1646 1910 1701 1954 et
1730 1900 1807 1954 illi
1843 1891 1888 1952 Β
1914 1917 2127 1972 cumque
2159 1901 2357 1973 Spiritu
2393 1902 2487 1955 Dei
2516 1915 2760 1976 aguntur,
2806 1904 2859 1955 hi
2902 1904 2999 1969 lilii
3030 1914 3149 1959 sunt
3194 1903 3290 1959 Dei
3335 1903 3513 1977 (Rom.

212 2005 233 2032 ⁸
261 1995 526 2064 primittvi
558 1992 845 2060 Ecclesiae,
886 2007 1115 2062 quorum
1156 2000 1275 2047 erat
1315 2008 1477 2046 unum
1506 2008 1604 2047 cor
1623 2002 1677 2045 et
1704 2008 1807 2047 una

210 2088 385 2144 anima
418 2090 557 2163 (Act.
584 2103 657 2154 tv,
679 2086 797 2157 '52),
829 2088 908 2143 sic
933 2086 1262 2151 credebant;
1306 2097 1364 2139 ut
1392 2102 1511 2140 cum
1539 2087 1703 2161 857
1732 2086 1811 2141 vi-

210 2182 405 2236 derent
430 2182 739 2249 quempiam
770 2180 836 2234 ad
872 2182 1204 2250 agnitionem
1238 2179 1484 2235 veritatis
1527 2180 1595 2235 ub
1621 2197 1809 2235 errore

210 2289 533 2330 conn-rsum
560 2315 577 2341 ,
624 2273 990 2343 glorificarent
1036 2275 1236 2338 l)eum,
1277 2284 1332 2328 et
1376 2275 1536 2328 iidem
1578 2276 1809 2331 correcti

208 2367 603 2422 confiterentur
635 2367 872 2421 muneris
902 2381 1024 2421 esse
1060 2366 1250 2421 divini.
1300 2364 1420 2435 Ipse
1449 2382 1662 2437 quoque
1705 2366 1808 2422 Do-

210 2462 388 2515 minus
415 2460 712 2530 discipulos
737 2474 865 2515 suos
888 2465 1174 2527 magistros
1198 2462 1437 2515 omnium
1465 2463 1703 2531 gentium
1728 2464 1808 2518 sic

210 2554 445 2607 docebat
471 2553 659 2607 dicens
701 2571 714 2604 :
756 2553 845 2608 Sic
868 2551 1037 2608 luceat
1067 2553 1237 2607 lumen
1264 2563 1483 2607 uestrum
1513 2570 1685 2609 coram
1714 2555 1808 2609 Ito-

211 2647 463 2709 nrinibus,
515 2655 571 2699 ut
609 2646 837 2702 videntes
883 2663 1039 2719 apera
1077 2658 1240 2703 vestra
1275 2648 1440 2714 bona,
1472 2649 1809 2719 magniﬁcent

213 2739 421 2795 Patrem
445 2748 665 2795 vestrum
687 2742 773 2810 qui
794 2741 847 2792 in
877 2741 1016 2795 talis
1040 2753 1112 2794 est
1137 2741 1351 2813 (Matth.
1380 2758 1433 2806 ν,
1464 2742 1575 2809 l6).

835 2920 1061 2978 CAPUT
1089 2921 1177 2977 IX.

212 3062 240 3100 ‘
269 3060 423 3130 Quod
446 3061 721 3135 Scriptura
748 3063 850 3117 sive
874 3062 938 3116 de
958 3062 1127 3126 bonis,
1149 3063 1253 3118 sive
1274 3066 1337 3117 de
1356 3065 1509 3119 malis
1540 3066 1798 3135 loquatur,

278 3135 387 3189 sine
424 3134 487 3188 de
511 3133 707 3197 electis,
732 3136 835 3188 sive
882 3135 1238 3207 derrepz'obis,
1277 3136 1349 3189 ita
1396 3137 1621 3191 meminit
1651 3133 1802 3192 unius

279 3206 465 3275 partis,
495 3207 642 3275 quasi
672 3207 923 3261 neminem
951 3206 1214 3260 hominum
1242 3208 1612 3275 pratermittat.

279 3354 417 3409 Fixa
445 3368 577 3423 ergo
608 3354 707 3407 hac
735 3353 841 3409 lide
881 3355 932 3408 in
964 3354 1219 3410 cordibus
1242 3356 1461 3423 nostris,
1491 3367 1514 3394 ο
1550 3358 1807 3414 immobi-

214 3447 445 3517 Iiterque
493 3447 745 3514 fundata,
778 3463 883 3515 qua
937 3449 1294 3505 saluberrime
1325 3451 1602 3508 credimus
1630 3456 1810 3509 omnia

212 3542 379 3609 bona,
432 3556 498 3595 ac
551 3543 787 3596 maxime
818 3557 880 3596 ea
924 3558 1043 3609 qua:
1073 3546 1141 3598 ad
1176 3547 1338 3599 vitam
1388 3557 1648 3600 aeternam
1684 3562 1812 3616 pro-

214 3637 442 3703 vehunt,
471 3632 491 3671 ί
521 3633 617 3690 Dei
661 3650 888 3690 munere
918 3635 1130 3699 haberi,
1180 3637 1270 3691 Dei
1325 3653 1549 3694 munere
1602 3639 1812 3710 augeri,

213 3729 308 3786 Dei
339 3745 575 3785 munere
627 3728 922 3794 custodiri;
954 3739 1086 3799 puto
1115 3732 1256 3798 quod
1294 3731 1414 3801 pius
1462 3748 1656 3788 sensus
1706 3748 1814 3788 non

214 3824 416 3879 debeat
446 3824 500 3877 in
527 3839 591 3879 ea
631 3826 930 3892 quaestione
961 3825 1187 3894 turbari,
1212 3842 1331 3898 quae
1371 3828 1439 3883 de
1469 3831 1709 3884 omnium
1765 3838 1822 3886 et

214 3918 281 3975 de
308 3935 424 3974 non
453 3919 694 3974 omnium
728 3918 1006 3973 hominum
1038 3929 1062 3967 κ
1090 3922 1452 3976 conversione
1503 3935 1818 3993 generatur,

215 4014 259 4067 si
286 4028 352 4069 ea
391 4028 513 4082 quso
548 4012 692 4067 clara
733 4024 881 4078 sunt,
911 4029 1015 4066 non
1068 4012 1137 4068 de
1166 4012 1249 4067 his
1279 4030 1400 4084 quae.
1430 4018 1641 4070 occulta
1670 4026 1817 4084 sunt,

216 4106 602 4173 obscuremus,
635 4114 690 4157 et
725 4104 852 4160 dum
888 4108 1189 4175 procaciter
1240 4107 1541 4161 insistimus
1589 4108 1821 4173 clausis,

217 4197 582 4254 excludamur
597 4198 665 4252 ab
682 4197 917 4264 apertis:
936 4213 1058 4254 cum
1077 4198 1333 4255 sullicere
1352 4199 1549 4255 debeat
1568 4211 1626 4256 ut
1647 4199 1675 4238 ιι
1688 4203 1739 4256 in
1759 4218 1826 4257 eo

218 4290 271 4345 in
298 4294 451 4361 quod
487 4298 830 4362 pervenimus
870 4294 1232 4348 ambulemus.
1266 4294 1405 4359 Quid
1452 4298 1597 4348 enim
1630 4296 1823 4351 mirum

217 4383 264 4440 si
289 4383 519 4456 quidam
548 4384 615 4442 ad
637 4386 765 4442 vita:
792 4396 1132 4443 sacramenta
1162 4403 1266 4443 non
1297 4390 1639 4457 perveniunt,
1671 4387 1828 4446 icum

221 4479 499 4548 plerique,
531 4481 620 4546 qui
662 4478 982 4535 videbantur
1005 4482 1240 4547 venisse,
1274 4482 1581 4549 discedant,
1613 4483 1683 4539 de
1711 4485 1831 4553 qui-

220 4569 327 4624 bus
357 4570 580 4638 dicitur,
611 4570 693 4626 Ea:
712 4571 860 4626 nobis
881 4573 1135 4639 exierunt,
1164 4573 1253 4627 sed
1277 4590 1378 4627 non
1406 4586 1548 4628 erant
1572 4590 1637 4629 ea:
1657 4576 1825 4635 nobis.

1914 2009 2025 2058 vttt,
2060 1995 2171 2063 14).
2197 1994 2297 2062 Qui
2329 1992 2352 2031 ι
2384 1995 2450 2050 ad
2483 1996 2649 2051 Deum
2682 2011 2778 2065 per
2834 1997 3001 2052 Deum
3034 1998 3276 2060 veniunt,
3308 2007 3363 2054 et
3404 1998 3515 2053 sal-

1913 2085 2032 2141 vari
2060 2087 2306 2142 volentes
2336 2089 2559 2141 omnino
2587 2088 2864 2143 salvantur
2890 2107 2902 2141 :
2933 2089 3057 2158 quia
3090 2090 3263 2157 ipsum
3294 2088 3516 2145 deside-

1914 2182 2053 2236 rium
2103 2181 2293 2236 salntis
2323 2197 2391 2237 ex
2422 2181 2517 2237 Dei
2564 2181 2923 2252 inspiratione
2950 2183 3286 2252 concipiunt,
3327 2190 3383 2238 et
3422 2197 3517 2253 per

1913 2271 2366 2327 illuminutionem
2394 2273 2644 2328 vocantis
2674 2274 2727 2327 in
2760 2274 3093 2345 agnitionem
3124 2275 3348 2329 veniunt
3375 2275 3520 2330 veri-

1912 2365 2058 2419 tatis.
2082 2365 2253 2437 858
2273 2364 2403 2419 Sunt
2427 2365 2571 2420 enim
2599 2364 2693 2419 ﬁlii
2724 2366 3119 2434 promissionis,
3139 2380 3347 2421 merces
3366 2364 3515 2431 fidei,

1911 2456 2154 2525 spiritale
2186 2470 2370 2511 seuten
2404 2458 2664 2522 Ahrohm,
2689 2474 2850 2527 genus
2882 2460 3117 2527 electum,
3152 2457 3324 2529 regale
3345 2474 3518 2511 sacer—

1910 2548 2113 2601 dotium
2144 2548 2185 2616 (l
2217 2546 2357 2603 Petri
2386 2564 2445 2615 tt,
2478 2548 2561 2620 9),
2592 2551 2902 2618 prmscitum
2931 2561 2987 2605 et
3018 2550 3437 2619 prmordinatum
3459 2549 3516 2606 in

1910 2641 2074 2694 vitam
2107 2651 2387 2705 :eteruam,
2421 2642 2560 2695 sicut
2608 2650 2839 2697 testatur
2867 2643 3102 2711 Spiritus
3146 2652 3366 2697 sanctus
3418 2656 3518 2712 per

1910 2731 2205 2787 Jcremiam
2240 2734 2555 2802 prophetam
2583 2733 2793 2800 dicens,
2824 2732 2959 2787 Ecce
2988 2734 3097 2787 dies
3125 2734 3355 2797 veniunt,
3389 2732 3515 2787 dicit

1914 2821 2187 2886 Dontinus,
2240 2834 2286 2877 et
2338 2824 2611 2892 disponam
2640 2825 2815 2878 domui
2850 2822 3040 2887 Israel,
3072 2833 3119 2879 et
3149 2826 3328 2879 domui
3359 2823 3510 2877 Juda

1912 2927 2269 2971 testamentum
2290 2933 2498 2982 novum,
2528 2933 2631 2970 non
2673 2917 2952 2970 secundum
2993 2926 3349 2971 testamentum
3379 2915 3519 2984 quod

1910 3006 2141 3073 disposui
2166 3006 2399 3074 patribus
2422 3022 2621 3068 eorum,
2644 3006 2697 3059 in
2726 3006 2810 3058 die
2835 3022 2939 3075 qua
2961 3006 3279 3078 apprehendi
3303 3022 3515 3060 manum

1908 3115 2104 3162 eorum,
2138 3108 2193 3152 ut
2220 3098 2486 3152 educerem
2529 3098 2647 3152 illos
2694 3097 2756 3151 de
2796 3108 2931 3152 terra
2964 3097 3189 3169 Αἶρε]ιηί
3214 3113 3234 3153 :
3271 3100 3393 3167 quia
3416 3099 3521 3167 ipsi

1910 3210 2010 3247 non
2041 3202 2480 3259 perseveraverant
2508 3192 2561 3244 in
2591 3200 2892 3245 testamento
2920 3208 3054 3257 "180,
3092 3200 3139 3245 et
3177 3207 3270 3261 ego
3315 3206 3400 3246 τοι
3428 3204 3521 3245 κε’

1838 3275 1884 3340 C
1914 3288 2083 3359 glexi,
2119 3287 2227 3359 [AL
2265 3284 2450 3341 (ΖΑΡυτ
2480 3284 2596 3357 ΙΧ.]
2641 3286 2766 3339 dicit
2802 3287 3075 3342 Dominus.
3124 3287 3257 3353 Quia
3315 3285 3413 3341 hoc
3440 3291 3518 3340 est

1917 3392 2270 3437 testamentum
2300 3382 2437 3447 quod
2464 3382 2737 3450 disponant
2761 3382 2937 3435 domui
2961 3379 3130 3434 Israel
3159 3390 3271 3447 post
3303 3380 3411 3434 dies
3455 3379 3525 3432 il-

1917 3478 2017 3541 los,
2048 3478 2170 3530 dicit
2202 3476 2470 3540 Dominus,
2505 3474 2652 3528 Dabo
2682 3476 2816 3544 leges
2846 3491 2985 3528 meas
3009 3475 3062 3527 in
3086 3490 3237 3527 sensu
3266 3474 3521 3541 ipsorum,

1917 3580 1967 3623 ct
1996 3570 2048 3621 in
2076 3569 2230 3622 corde
2250 3569 2482 3633 ipsorum
2508 3568 2727 3620 scribam
2758 3583 2865 3631 eas,
2912 3576 2957 3617 et
2981 3582 3068 3619 ero
3111 3564 3218 3617 illis
3244 3565 3296 3616 in
3329 3562 3517 3630 Deum,

1921 3670 1967 3715 et
1994 3661 2091 3730 ipsi
2123 3670 2269 3713 erunt
2302 3660 2426 3711 mihi
2470 3659 2522 3711 in
2576 3658 2844 3727 populum.
2898 3654 2965 3709 Et
3014 3672 3114 3709 non
3136 3656 3332 3709 docebit
3360 3670 3523 3709 unus-

1921 3757 2132 3824 quisque
2154 3752 2444 3819 proatintum
2467 3766 2639 3816 suum,
2668 3760 2714 3804 et
2739 3750 3086 3820 unusquisque
3104 3749 3318 3815 fratrem
3345 3763 3520 3814 suum,

1923 3847 2118 3908 dicens,
2155 3842 2412 3914 Cognosce
2441 3841 2748 3895 Dominum:
2770 3841 2891 3910 quia
2919 3857 3093 3894 omnes
3122 3850 3425 3907 cognoscent
3444 3855 3525 3894 me

1924 3952 1958 3988 a
1988 3932 2181 4004 pusillo
2202 3949 2380 3988 eorum
2410 3949 2567 4005 usque
2597 3933 2666 3985 ad
2694 3948 2959 4001 magnum,
2982 3934 3102 4001 quia
3132 3932 3388 3999 prapitius
3420 3946 3523 3985 'ero

1926 4029 2280 4098 iniquitatibus
2302 4043 2499 4090 eorum,
2524 4036 2572 4080 et
2594 4038 2921 4097 peccatorum
2961 4041 3135 4080 eorum
3180 4041 3374 4078 memor
3421 4041 3525 4079 non

1927 4136 2037 4175 ero.
2076 4116 2095 4156 ι
2124 4117 2190 4173 Et
2210 4120 2344 4173 dabo
2375 4119 2479 4173 illis
2508 4119 2641 4172 viam
2682 4120 2919 4181 alteram,
2951 4127 2998 4171 et
3028 4134 3115 4171 cor
3141 4118 3304 4181 aliud,
3352 4126 3406 4170 ut
3446 4132 3525 4171 me

1930 4214 2142 4266 timeant
2167 4228 2342 4267 omnes
2365 4212 2475 4266 dies
2501 4212 2556 4266 in
2587 4212 2778 4265 bonum
2800 4213 2947 4281 ipsis,
2978 4221 3023 4264 et
3052 4210 3177 4276 ﬁliis
3205 4227 3379 4265 eorum
3413 4217 3529 4279 post

1931 4324 2015 4361 eos
2042 4322 2062 4371 ;
2091 4316 2137 4359 et
2187 4307 2491 4360 constituam
2534 4306 2642 4359 illis
2672 4315 3028 4360 testamentum
3076 4316 3341 4364 aeternum.
3388 4304 3529 4373 quod

1933 4414 2038 4452 non
2094 4409 2318 4452 avertam
2356 4408 2469 4467 post
2514 4414 2598 4451 eos
2622 4414 2641 4461 ;
2663 4407 2708 4450 et
2736 4398 2969 4451 timorem
3002 4413 3166 4452 meum
3197 4397 3333 4450 dabo
3360 4398 3411 4450 in
3441 4411 3530 4451 cor

1934 4505 2129 4555 eorum,
2158 4506 2220 4543 ne
2242 4490 2506 4545 discedant
2528 4506 2558 4541 a
2586 4504 2684 4551 me,
2707 4498 2754 4543 et
2784 4491 2876 4543 nisi
2901 4489 2996 4542 abo
3023 4507 3129 4553 eos,
3177 4500 3231 4542 ut
3261 4490 3418 4545 bonos
3445 4504 3530 4544 eos

1937 4584 2126 4654 faciam
2144 4580 2362 4655 (Jerem.
2396 4596 2546 4646 xm,
2574 4579 2637 4634 5i
2673 4580 2858 4651 seqq).
2886 4580 2988 4635 Per
3018 4580 3206 4635 Is:ti:tm
3232 4596 3444 4649 quoque
3461 4580 3530 4634 de

221 4662 285 4719 Si
314 4664 456 4719 enim
489 4665 976 4737 fui-uentexuobis,
1009 4668 1310 4723 mansissent
1341 4675 1515 4736 utique
1564 4670 1828 4730 nobiscum
1860 4664 1914 4726 Ῑ)
1937 4678 2105 4746 gratia
2143 4689 2237 4729 sua
2284 4674 2576 4737 Dominus,
2631 4688 2734 4742 qua
2788 4688 2859 4728 ex
2907 4674 3159 4729 omnibus
3216 4672 3525 4726 hominibus

227 4756 455 4828 (lloan.
480 4774 541 4825 ιι,
558 4761 670 4829 l9).
695 4762 935 4827 Quorum
954 4762 1159 4817 similes
1172 4771 1299 4817 sunt
1327 4762 1403 4817 illi
1418 4765 1506 4832 qui
1520 4767 1828 4835 proﬁtentur

296 4981 326 5011 ⁸
361 4971 454 5045 Sic
482 4984 583 5026 ms.
615 4971 721 5026 Jol.
753 4980 805 5028 et
833 4970 962 5027 edit.
999 4971 1216 5029 Leonis.
1252 4975 1380 5041 Alii,
1414 4975 1467 5029 in
1492 4977 1823 5045 reuelatione,

220 5052 324 5100 aut
353 5044 683 5098 relenauone.

299 5115 330 5154 δ
364 5112 535 5169 Duae.
586 5125 641 5169 et
687 5115 902 5182 Colum,
954 5115 1255 5169 Dominum.
1299 5117 1395 5172 Ms.
1455 5116 1565 5173 .lol.
1614 5116 1824 5175 etedit.

223 5186 464 5247 Leonis,
501 5184 682 5242 Deum.

305 5270 330 5298 c
371 5257 444 5309 La
465 5271 577 5329 _m.~.
605 5255 712 5312 Jol.
746 5268 801 5314 et
829 5257 957 5312 edit.
985 5256 1178 5321 Lcoo.,
1206 5256 1373 5312 Duac.
1397 5268 1449 5314 et
1470 5256 1688 5326 Colon.,
1718 5259 1828 5329 pri-

224 5330 428 5383 mitiuae
455 5324 719 5384 Ecclesia.

303 5398 336 5437 ει
368 5398 468 5453 llic
496 5398 686 5467 capitis
717 5399 843 5455 noni
874 5400 1082 5454 initium
1115 5398 1341 5455 iacimus
1376 5402 1697 5457 auctoritate
1721 5416 1823 5457 ms.

226 5471 524 5535 Joliensis,
546 5471 636 5537 qui
668 5487 731 5526 ea
760 5471 919 5526 verba
951 5486 980 5525 a
1012 5470 1208 5541 quibus
1236 5472 1370 5525 alias
1402 5472 1690 5540 incipiebat
1730 5476 1830 5528 hoc

227 5554 402 5614 caput
429 5542 681 5614 continua
707 5543 847 5597 serie
878 5543 1040 5614 habet
1077 5542 1405 5611 descriptum
1456 5560 1577 5597 cum
1615 5554 1832 5600 antece-

229 5611 521 5670 dentibus.
564 5611 674 5685 Nec
728 5612 1067 5667 commodum
1101 5624 1216 5667 erat
1247 5630 1275 5664 ει
1311 5616 1526 5670 nomine
1556 5617 1833 5685 prophetae

230 5687 334 5757 qui
369 5685 585 5749 citatur,
613 5684 843 5757 disjungi
874 5698 1011 5739 novo
1032 5685 1186 5739 ιιιυΙο
1200 5687 1374 5740 locum
1395 5684 1634 5755 ejusdem
1662 5686 1753 5754 qui
1781 5687 1834 5739 in

233 5755 612 5815 testimonium
643 5755 985 5810 allercbatur.

318 5835 348 5864 α
384 5824 476 5881 Ms.
506 5824 782 5888 Joliensis,
814 5826 1192 5896 humiliterque.

322 5898 348 5940 ί
384 5900 505 5954 lizcc
526 5914 589 5953 ex
624 5914 752 5953 mss.
789 5898 995 5951 'l'huau.
1031 5906 1082 5951 et
1118 5898 1363 5963 Juliensi,
1394 5912 1457 5951 ac
1486 5897 1617 5951 edit.
1645 5895 1841 5955 Leonis

1932 4780 1971 4807 ω
1991 4783 2185 4825 novam
2213 4776 2519 4822 creaturam
2542 4764 2687 4832 facit,
2719 4765 2907 4821 eadem
2930 4764 3274 4835 praenuntiat,
3293 4764 3520 4819 dicens:

1930 4974 2204 5040 addimus,
2235 4990 2354 5045 qum
2376 4975 2429 5029 in
2455 4975 2618 5031 editis
2637 4975 2946 5031 defuerunt.

2004 5057 2029 5097 tr
2062 5047 2134 5102 Ita
2167 5063 2297 5101 mss.
2332 5046 2451 5101 Thu
2473 5064 2547 5101 an.
2579 5061 2627 5102 et
2654 5048 2759 5101 Jol.
2792 5050 2953 5109 Alias,
2978 5045 3380 5100 conversatione.

2004 5116 2032 5155 δ
2064 5119 2159 5174 Ms.
2188 5118 2318 5184 Jol.,
2345 5120 2397 5171 in
2430 5120 2568 5189 quod
2602 5120 2944 5187 pervenimus.
2978 5118 3114 5179 Alit,
3146 5131 3247 5186 quo
3295 5116 3531 5185 perueni-

2013 5262 2025 5299 ί
2065 5261 2189 5317 Htrc
2217 5260 2377 5316 Verba
2416 5262 2611 5316 ahsnnt
2639 5260 2708 5314 ah
2761 5258 2921 5313 editis
2968 5258 3169 5311 nostris
3190 5265 3246 5311 et
3281 5256 3482 5312 Leosvis
3512 5278 3528 5313 :

1932 5333 2184 5400 leguntur
2240 5333 2293 5387 in
2345 5348 2448 5387 ms.
2494 5330 2743 5395 Jolieosi,
2794 5330 3150 5398 videnturque
3192 5343 3416 5384 omnum
3448 5346 3529 5385 se.

1936 5406 2223 5473 quentibus
2246 5404 2553 5459 necessario
2586 5400 2979 5473 prttjtnllteutla.

2018 5474 2031 5526 i
2084 5476 2183 5531 Ms.
2211 5474 2488 5537 Joliensis,
2520 5471 2779 5535 introibit;
2811 5480 2869 5524 et.
2919 5478 3038 5539 post
3081 5470 3286 5541 aliquot
3336 5471 3528 5535 lineas,

1944 5544 2238 5617 Numquam
2265 5563 2351 5617 vos
2376 5560 2604 5617 cOguorr.

2016 5616 2039 5653 ¹ί
2070 5618 2160 5672 Sic
2193 5632 2291 5670 ms.
2321 5610 2504 5670 .Ι‹ιΙ.ἰθε
2542 5615 2670 5668 edit.
2711 5614 2873 5681 Oper.
2910 5611 3076 5666 Leon.
3110 5613 3276 5677 Alibi,
3324 5612 3392 5664 ad
3427 5610 3525 5663 Dc-

1943 5688 2139 5741 ntinum
2166 5704 2253 5756 per
2287 5686 2576 5741 Dominum.

2024 5757 2038 5796 ι
2072 5753 2466 5819 Μςζιυιιεηδιμ,
2491 5770 2536 5809 et
2562 5758 2766 5817 iterum,
2801 5753 2867 5808 Et
2890 5755 3043 5819 dabo,
3077 5764 3182 5809 etc.

2018 5838 2057 5865 πη
2079 5830 2175 5883 Ms.
2210 5829 2345 5892 Jol.,
2369 5845 2549 5880 norant
2577 5840 2869 5883 creaturam
2895 5828 3032 5896 fecit.
