4014 6348
488 316 609 391 es;

1164 325 1221 381 S.
1266 323 1601 380 PROSPLBI
1644 322 1971 389 AQUITANI
2013 321 2235 375 OPUM
2285 320 2604 373 Pollii-{£1
2653 321 3165 377 alitleRlTATS.

3688 326 3788 386 661

505 440 751 497 videatur
773 442 905 498 facta
934 442 1212 501 discretio.
1245 443 1373 497 Nam
1397 459 1518 497 cum
1550 441 1762 510 legitur,
1789 440 2088 496 Secundum
2118 445 2164 500 Α
2193 436 2524 492 calumniosa
2555 448 2878 508 cei-timus,
2911 440 3092 494 dicent
3122 457 3220 496 nos
3250 445 3787 510 perliuiusmodidis-

501 534 843 605 Evangelia»!
866 537 1071 606 quidem
1100 537 1295 590 inimici
1314 548 1523 607 propter
1544 552 1651 598 ros,
1683 534 1965 588 secundum
1987 530 2091 586 ele-

497 628 717 681 ctionem
744 637 914 681 autem
945 638 969 665 ι
1000 629 1175 682 dilecti
1218 638 1424 700 propter
1452 638 1621 696 patres
1648 624 1838 695 (Ibid.,
1862 624 1985 695 '18);
2018 625 2086 677 ita

494 721 701 776 locutio
742 732 919 787 sonat,
951 733 1221 792 tamquam
1252 722 1469 776 eosdem
1500 722 1644 775 dicat
1672 720 1921 784 dilectos,
1953 732 2088 788 quos

489 813 631 868 dixit
668 813 935 870 inimicos.
983 815 1088 870 Sed
1132 816 1270 870 hanc
1306 817 1591 885 caliginem
1640 815 1935 884 Apostolus
1975 815 2088 882 ipse

488 906 751 970 detersit,
802 907 1065 962 dicendo:
1120 908 1256 973 Quia
1302 909 1503 961 caecitas
1546 923 1610 960 ea:
1656 917 1799 973 parte
1833 907 1887 960 in
1918 904 2087 960 Israel

492 1000 707 1071 contigit
736 1016 755 1055 :
782 1009 839 1055 ut
867 1016 1029 1054 unum
1061 1016 1233 1070 genus
1265 1002 1317 1053 in
1350 1002 1488 1054 duas
1512 1000 1725 1068 species
1749 998 2083 1069 intelligere.

494 1104 615 1145 mus
637 1106 757 1147 esse
782 1091 1036 1153 divisum,
1070 1103 1125 1146 et
1148 1108 1365 1147 omnem
1398 1091 1690 1156 hominem,
1723 1105 1938 1145 onmem
1974 1092 2084 1156 plc-

490 1183 808 1250 nitudinem,
836 1200 1052 1239 onmem
1086 1186 1337 1240 l~raelem
1379 1200 1483 1238 non
1516 1200 1731 1251 semper
1754 1185 1821 1236 ad
1870 1183 2083 1237 univer-

488 1275 724 1341 sitatem,
755 1277 850 1331 sed
880 1278 1199 1345 plerumque
1219 1278 1284 1329 ad
1316 1285 1521 1346 partem
1553 1291 1674 1330 esse
1715 1274 2076 1330 referendum.

1098 1390 1325 1445 CAPUT
1378 1390 1466 1445 Χῐ.

487 1482 640 1550 Quod
683 1484 956 1554 Scriptura
995 1485 1056 1537 de
1085 1485 1399 1538 diversarum
1446 1496 1735 1553 temporum
1788 1484 2078 1538 hominibus

590 1556 837 1624 loquitur.
858 1558 1004 1626 quasi
1029 1557 1091 1609 de
1110 1558 1334 1627 ejusdem
1359 1567 1600 1625 temporis
1623 1568 1966 1627 generatione.

554 1643 698 1699 Inter
729 1646 825 1698 has
853 1662 1030 1700 autem
1062 1647 1321 1701 formulas
1350 1650 1699 1709 locutionum,
1732 1649 1892 1700 etiam
1924 1647 2072 1701 illam

483 1741 534 1794 in
578 1740 873 1809 Scripturis
918 1741 1209 1795 divtiotiem
1255 1742 1517 1795 debemus
1545 1741 1850 1802 advertere,
1886 1755 1989 1807 qua
2021 1741 2070 1794 id

2196 539 2503 601 potationes
2550 531 2809 600 Apostolo
2876 534 3256 590 contradicere
3295 535 3598 597 ᾱεῆιιὶιιιιιί,
3646 534 3789 608 quod

2196 621 2336 677 Deus
2376 638 2550 676 omnes
2577 622 2810 677 homines
2842 624 2969 678 velit
2988 624 3159 680 salvos
3182 627 3318 695 ﬁeri,
3357 627 3373 664 ί
3402 637 3450 681 et
3470 628 3527 682 in
3560 630 3779 699 agnitio-

2192 731 2309 769 nem
2337 718 2563 770 veritatis
2593 717 2762 771 venire
2788 719 2830 785 (Ι
2854 716 2991 773 Tim.
3039 734 3097 779 ιι.
3136 720 3213 789 4).
3254 722 3425 790 Quam
3469 727 3779 792 particulam

2192 808 2479 863 verborum
2506 810 2769 878 Apostoli,
2818 809 2887 863 ita
2922 824 3020 864 nos
3062 810 3271 881 integre
3315 815 3578 883 pleneque
3618 819 3781 871 susci-

2192 900 2389 967 pimus,
2421 908 2477 953 ut
2523 898 2653 953 nihil
2687 902 2733 955 ei
2777 900 2845 955 de
2896 903 3327 969 praecedentibus
3367 906 3482 960 sive
3528 907 3780 976 subjectis

2189 1007 2308 1061 quae
2334 994 2400 1045 ad
2436 993 2604 1059 ipsam
2640 994 2915 1060 pertinent
2956 994 3359 1051 sobtrahamus.
3394 1000 3685 1063 Quoniam,
3726 1011 3777 1054 ut

2187 1093 2385 1138 cietcra
2414 1084 2715 1139 divinorum
2746 1087 3082 1154 eloquiornm
3120 1089 3424 1142 testimonia
3472 1103 3777 1160 sequestre-

2188 1192 2328 1238 mus,
2360 1177 2445 1231 hic
2477 1180 2627 1231 locus
2669 1177 2867 1232 suilicit
2908 1178 2973 1232 ad
3004 1180 3373 1235 evaeuandnm
3406 1183 3549 1251 quod
3577 1183 3778 1238 cal-nn-

2188 1270 2338 1324 niose
2366 1271 2651 1340 objiciunt,
2678 1284 2729 1325 et
2754 1274 2818 1325 ad
2852 1272 3251 1327 defendendum
3279 1275 3422 1345 quod
3472 1278 3636 1343 impie
3674 1276 3776 1331 dif-

2186 1360 2421 1415 ﬁtentur.
2474 1362 2727 1418 Scribrns
2786 1364 2964 1434 itaque
3012 1365 3074 1419 ad
3120 1365 3462 1422 Timotheum
3511 1367 3525 1419 ἰ
3581 1368 3774 1425 Paulus

2183 1457 2485 1521 apostolos,
2522 1455 2596 1508 ait
2623 1473 2634 1506 :
2667 1455 2887 1509 Obsecro
2910 1458 3066 1526 igitur
3097 1460 3262 1529 primo
3294 1461 3518 1512 omnium
3549 1461 3663 1527 ﬁeri
3688 1462 3771 1515 ob-

2181 1550 2508 1611 secrationes,
2540 1551 2935 1619 postulationes,
2985 1552 3271 1618 gratiarum
3294 1555 3519 1606 actiones
3552 1570 3645 1619 pro
3666 1570 3776 1607 om-

2182 1641 2329 1694 nibus
2354 1643 2661 1708 hominibw,
2682 1660 2775 1714 pro
2805 1646 3026 1717 rrgibus,
3057 1658 3102 1697 ct
3143 1646 3375 1700 omnibus
3402 1647 3491 1712 qui
3521 1648 3572 1699 in
3614 1648 3775 1701 subli-

2180 1737 2355 1786 mitate
2397 1742 2513 1786 sunt
2544 1752 2561 1786 :
2594 1745 2649 1787 ut
2675 1737 2898 1805 quietam
2930 1748 2975 1789 et
3010 1738 3340 1807 tranquillum
3371 1740 3521 1790 ritam
3557 1756 3774 1811 agamus

478 1832 621 1900 quod
652 1834 715 1884 ad
744 1832 1081 1887 diversorum
1112 1844 1412 1901 tempoutm
1442 1834 1689 1887 homines
1717 1834 1967 1899 pertinet.
1996 1834 2066 1886 ita
2106 1839 2144 1896 Β
2176 1828 2230 1879 in
2257 1828 2393 1879 omni
2426 1828 2610 1895 pietate
2641 1844 2683 1880 et
2710 1828 2877 1900 865,
2897 1831 3149 1883 castitate.
3185 1828 3300 1882 Hoc
3325 1832 3455 1882 enim
3486 1835 3679 1884 bonum
3699 1840 3773 1885 est

478 1924 505 1962 δ
541 1927 821 1994 promitur,
855 1929 1006 1995 quasi
1055 1927 1120 1981 de
1149 1944 1249 1981 una
1279 1937 1332 1981 et
1357 1928 1599 1996 ejn-dem
1635 1926 1807 1979 :rtatis
1850 1942 2071 1996 genera-

479 2020 625 2073 tione
653 2021 884 2073 diratur.
915 2021 1065 2075 Sicut
1098 2029 1181 2074 est
1203 2021 1345 2087 quod
1386 2030 1606 2073 sanctus
1638 2020 1827 2073 l’elrns
1855 2030 2071 2087 aposto-

476 2112 557 2165 ltts
590 2113 831 2165 scribens
880 2115 960 2165 sui
1011 2124 1065 2166 et
1106 2112 1267 2165 futuri
1318 2113 1578 2179 temporis
1619 2112 1907 2179 gentibus,
1958 2113 2065 2165 ait:

472 2203 636 2275 863
692 2202 791 2258 Vos
816 2215 985 2257 autem
1016 2221 1174 2273 genus
1205 2206 1452 2266 electura,
1501 2201 1675 2274 regale
1702 2203 2063 2266 sacerdotium,

472 2312 597 2360 gens
628 2304 825 2361 sancta,
857 2295 1081 2364 populus
1112 2295 1497 2363 acquiitionis;
1532 2305 1588 2346 ut
1617 2298 1825 2346 virtutes
1864 2310 2067 2346 annun-

473 2388 607 2440 tietis
637 2389 751 2456 ejus
779 2393 867 2459 qui
890 2392 951 2441 de
977 2389 1194 2441 tenebris
1238 2404 1323 2440 ros
1354 2388 1547 2440 vocavit
1570 2389 1621 2439 in
1651 2386 1957 2441 admirabile
1983 2389 2065 2442 lu-

471 2495 586 2531 men
612 2495 760 2532 suum
784 2496 801 2533 :
829 2482 918 2547 qui
944 2476 1226 2548 aliquautfo
1260 2496 1359 2531 non
1403 2480 1647 2550 populus,
1682 2490 1703 2516 ε
1736 2495 1871 2531 nunc
1893 2491 2065 2533 autem

469 2571 692 2641 populus
727 2570 842 2632 Dei,
888 2572 976 2639 qui
1021 2588 1123 2624 non
1172 2572 1428 2623 consecuti
1469 2572 1894 2637 misericordium,
1930 2590 2065 2626 nunc

466 2671 639 2715 autem
668 2663 1070 2715 misericordiam
1089 2663 1346 2715 consecuti
1375 2662 1417 2733 (l
1445 2660 1586 2716 Pctr.
1613 2679 1669 2727 ll,
1694 2663 1747 2725 9,
1774 2664 1880 2733 l0).
1898 2664 2062 2719 Nutri-

467 2753 597 2821 quid
637 2769 757 2806 cum
804 2756 917 2807 haec
966 2754 1416 2823 prtl‘dlCiltelllUl‘,
1463 2755 1635 2807 adhuc
1683 2754 1757 2809 illi
1817 2759 2063 2811 homines

468 2851 856 2916 permanebant
888 2866 1024 2920 quos
1064 2867 1257 2907 tllllllt‘s
1303 2853 1440 2907 llens
1483 2854 1533 2904 in
1567 2853 1857 2922 prmteritis
1901 2866 2062 2921 gene-

468 2944 774 2997 rationibus
802 2944 1080 2997 dimiserat
1103 2946 1308 3013 ingredi
1344 2948 1454 2999 vias
1485 2948 1766 3011 suas(Act.
1800 2964 1908 3011 XIV,
1944 2946 2055 3015 15);

466 3043 523 3089 et
565 3037 725 3091 iidem
769 3038 892 3103 ipsi,
923 3039 1013 3107 qui
1051 3040 1196 3106 prius
1227 3040 1403 3093 traditi
1438 3040 1651 3095 fuerant
1691 3042 2057 3093 voluntatibus

465 3129 602 3192 suis,
634 3127 662 3167 ά
691 3146 831 3184 nunc
864 3133 931 3186 de
972 3134 1207 3187 tenebris
1250 3133 1301 3187 iii
1336 3134 1514 3188 lumen
1545 3135 1868 3189 admirabile
1901 3150 2057 3187 voca-

2175 1930 2221 1973 et
2250 1931 2512 1985 acceptum
2548 1937 2724 1974 coram
2755 1919 2780 1957 ι
2806 1924 3076 1975 Saluatore
3111 1933 3285 1975 nostro
3327 1921 3452 1984 Deo,
3485 1926 3572 1993 qui
3599 1941 3772 1979 omnes

2174 2012 2404 2067 homines
2444 2012 2550 2067 vult
2596 2014 2761 2068 salvos
2790 2015 2919 2082 ﬁeri,
2952 2026 2999 2068 et
3026 2015 3076 2067 in
3100 2016 3410 2083 agnitionem
3434 2018 3661 2068 rerttutis
3693 2033 3772 2070 i-e-

2174 2108 2302 2160 nire.
2340 2106 2486 2162 Unus
2516 2108 2646 2159 enim
2677 2107 2835 2172 Deus,
2864 2117 2910 2160 et
2935 2124 3065 2160 unus
3100 2108 3347 2161 mediator
3369 2106 3466 2164 Dei
3513 2120 3558 2161 et
3602 2108 3770 2163 homi-

2173 2215 2330 2259 num,
2374 2199 2525 2251 homo
2572 2198 2808 2252 Christus
2836 2197 3014 2259 Jesus,
3049 2202 3135 2269 qui
3178 2200 3315 2253 dedit
3366 2202 3769 2271 ndemptionrm

2170 2290 2497 2356 semetipsum
2531 2307 2624 2357 pro
2653 2292 2886 2344 omnibus
2912 2288 3105 2360 (Ibid.,
3135 2294 3155 2345 i
3191 2302 3237 2344 et
3257 2290 3408 2361 δρψ).

2246 2382 2321 2435 De
2350 2384 2445 2434 hac
2475 2398 2603 2452 ergo
2633 2383 2895 2436 doctrina:
2926 2386 3237 2451 apostolica:
3288 2384 3494 2451 regula,
3530 2402 3634 2451 qua
3663 2386 3767 2442 Ec-

2171 2476 2333 2530 clesia
2377 2476 2697 2531 universalis
2739 2475 3019 2542 imbuitur,
3066 2494 3131 2531 ne
3172 2478 3223 2530 in
3255 2478 3529 2532 diversmn
3564 2480 3765 2533 intelle-

2168 2578 2313 2625 ctum
2344 2558 2531 2624 nostro
2566 2587 2855 2637 evngemus
2884 2571 3138 2631 arbitrio,
3182 2573 3309 2640 quid
3345 2568 3357 2606 ι
3392 2577 3504 2640 ip-a
3552 2604 3555 2609 -
3588 2589 3765 2628 nive-r-

2168 2665 2296 2716 salis
2328 2662 2564 2717 Ecclesia
2594 2664 2812 2730 sentiat,
2839 2666 3177 2733 requiramus
3203 2683 3216 2717 ;
3240 2665 3360 2732 quia
3380 2666 3508 2716 ιιιΙιιΙ
3535 2666 3759 2721 dubium

2168 2768 2289 2808 esse
2322 2755 2520 2821 puletil.
2550 2754 2602 2807 in
2639 2770 2930 2824 praecepto,
2962 2755 3006 2808 si
3040 2736 3344 2809 οιιειιίι-ιιιίιι
3377 2761 3675 2812 concordet
3708 2759 3761 2813 in

2165 2849 2366 2903 Studio.
2413 2848 2672 2914 l'ra-cepit
2709 2850 2887 2915 itaque
2919 2850 3233 2916 Apostolus,
3278 2849 3443 2904 immo
3483 2868 3580 2918 per
3613 2858 3757 2921 Apo-

2165 2940 2359 2992 stolnm
2386 2939 2664 2994 Dominus.
2687 2942 2774 3009 qui
2799 2940 3118 3007 loquebatur
3139 2947 3189 2994 in
3212 2944 3492 3011 Apostolo.
3519 2944 3632 2997 ﬁeri
3662 2946 3759 2999 ub-

2163 3042 2514 3099 secratinnes,
2541 3042 2578 3069 ιιι
2613 3034 3000 3100 p0~tulationes
3021 3078 3033 3102 ,
3064 3040 3356 3103 gratiarum
3390 3038 3626 3091 aetiones
3651 3052 3757 3105 pro

2162 3127 2413 3179 omnibus
2458 3127 2786 3189 homindms,
2824 3142 2921 3195 pro
2968 3128 3207 3196 regibus,
3242 3144 3305 3183 ac
3338 3146 3436 3197 pro
3468 3132 3548 3182 his
3575 3132 3667 3201 qui
3698 3132 3755 3186 in

465 3219 701 3277 bantur?
747 3222 937 3277 Nonne
970 3225 1041 3277 illi
1086 3225 1195 3293 jam
1240 3224 1550 3280 defecerant
1594 3235 1616 3262 ο
1656 3226 1707 3279 in
1758 3227 2053 3293 ignorantia
2084 3215 2127 3274 C
2161 3219 2490 3271 sublimitate
2515 3228 2658 3271 sunt.
2683 3220 2852 3283 Quam
2901 3220 3070 3289 legem
3096 3221 3595 3290 snpplieationisita
3627 3239 3754 3279 om-

464 3330 584 3379 sua,
606 3314 716 3384 jam
748 3314 801 3368 iii
832 3314 932 3369 hoc
962 3321 1162 3369 mundo
1194 3334 1301 3370 non
1330 3327 1505 3379 erant,
1549 3333 1648 3372 nec
1674 3318 1743 3372 ab
1772 3334 1960 3373 errore
1987 3319 2052 3373 ad

460 3406 741 3463 veritatem
767 3406 973 3462 reditus
999 3408 1127 3461 olim
1158 3410 1385 3463 mortuis
1415 3412 1736 3479 suppetebat
1761 3411 1784 3462 ?
1818 3408 1835 3447 ί
1878 3410 1942 3464 Ει
1972 3419 2055 3463 ta-

458 3515 582 3553 men
615 3499 759 3569 quod
792 3507 917 3568 past
944 3500 1111 3555 multa
1145 3500 1342 3555 sarcula
1368 3502 1561 3571 agebat
1591 3502 1757 3568 gratia
1792 3503 1843 3552 in
1874 3513 2054 3569 poste-

462 3592 539 3646 ris
583 3592 896 3662 impiornm,
927 3591 1005 3646 sic
1032 3591 1283 3661 loquendi
1317 3595 1653 3648 consuetudo
1687 3595 2001 3663 perstrinxit
2030 3638 2045 3662 ,

461 3692 522 3736 ut
548 3684 647 3753 ipsi
681 3682 967 3738 vidi-antur
1003 3701 1143 3740 nunc
1174 3686 1323 3756 eligi.
1356 3687 1448 3756 qui
1482 3688 1630 3754 prius
1657 3688 1867 3741 fuerant
1894 3689 2050 3743 derc-

457 3777 592 3833 iicti.
628 3778 912 3833 Pertineot
938 3793 1117 3833 autem
1152 3779 1267 3835 iure
1297 3795 1402 3834 non
1434 3780 1500 3834 ad
1530 3782 1751 3835 eosdem
1778 3781 2044 3849 homines,

453 3869 548 3924 sed
579 3869 646 3923 ad
675 3870 918 3937 ejusdem
954 3879 979 3917 8
1010 3875 1225 3940 generis
1268 3871 1551 3927 homines:
1586 3884 1640 3927 et
1684 3874 1899 3927 vocatio
1927 3891 2047 3941 quac

454 3959 633 4015 illuxit
661 3976 827 4030 prope
853 3963 1038 4015 mundi
1066 3962 1248 4031 linem,
1284 3965 1347 4016 ad
1379 3965 1706 4033 przeteritam
1734 3980 1836 4019 n0n
1863 3982 2045 4020 recur—

452 4053 523 4107 rit
549 4062 783 4109 mtatem.
817 4054 893 4109 Ita
923 4056 1083 4109 modo
1103 4055 1333 4125 quodam
1363 4068 1417 4111 et
1448 4056 1545 4125 ipsi
1570 4068 1623 4110 et
1646 4072 1749 4110 non
1784 4057 1885 4127 ipsi
1917 4067 2045 4113 sunt

450 4146 520 4200 de
562 4148 756 4215 quibus
808 4156 864 4203 et
914 4149 1107 4217 quibus
1140 4150 1237 4203 ista
1263 4149 1555 4213 dicuntur;
1590 4150 1714 4203 dum
1764 4151 1817 4205 in
1860 4153 2044 4216 aliquo

451 4234 756 4307 ilspecialia
784 4255 814 4293 a
846 4243 1190 4310 generalibus
1240 4257 1344 4295 non
1393 4241 1730 4303 dividuntur,
1762 4247 1814 4297 in
1858 4245 2041 4316 aliquo

447 4342 579 4383 vero
608 4345 637 4384 a
669 4332 1047 4387 communibus
1074 4346 1416 4401 separantur.

1048 4448 1271 4505 CAPUT
1313 4449 1409 4504 XII

448 4537 602 4605 Quod
624 4540 758 4595 illud
785 4543 1036 4612 Apostoli,
1063 4543 1185 4597 Vult
1206 4558 1392 4597 omnes
1417 4542 1663 4597 homines
1686 4544 1866 4599 salvus
1891 4545 2030 4607 ﬁeri.

689 4614 753 4666 de
782 4615 919 4667 amni
949 4631 1131 4685 genere
1153 4616 1414 4668 hominum
1447 4616 1775 4685 intelligitur.

516 4703 562 4755 l.
594 4704 700 4761 Sed
744 4721 867 4760 cum
900 4706 1014 4761 haec
1043 4707 1270 4777 legerint
1297 4707 1383 4761 vel
1427 4706 1697 4761 audierint
1728 4707 1816 4776 qui
1850 4716 2034 4763 amant

511 4850 537 4877 ⁸
566 4842 695 4899 Mss.
713 4840 901 4897 Camb.
934 4849 990 4897 et
1018 4841 1121 4897 Jol.
1153 4852 1206 4896 et
1238 4843 1347 4897 Leo
1370 4844 1578 4898 addunt
1618 4843 1737 4897 Dei.
1764 4843 1894 4910 Quae
1922 4858 2022 4899 vox

2163 3311 2307 3365 nium
2340 3312 2706 3378 sacerdomm,
2744 3322 2799 3366 et
2824 3317 3061 3367 tllltllllllll
3089 3313 3329 3369 ﬁdelium
3370 3315 3593 3371 devotio
3622 3332 3757 3372 con-

2157 3405 2392 3457 corditer
2423 3415 2600 3465 tenet,
2642 3418 2697 3457 ut
2740 3406 2878 3458 nulla
2908 3420 3032 3475 pars
3079 3408 3262 3460 mundi
3294 3409 3365 3463 sit
3413 3408 3469 3463 in
3514 3424 3621 3480 qua
3654 3411 3755 3464 ltu-

2152 3497 2389 3567 ju-motii
2432 3499 2708 3551 orationes
2739 3516 2842 3551 non
2874 3498 3221 3554 celebrentur
3260 3515 3289 3551 a
3339 3500 3554 3569 populis
3601 3499 3754 3555 Chri-

2158 3593 2365 3646 stianis.
2402 3592 2678 3659 Supplicat
2730 3607 2860 3660 ergo
2910 3592 3108 3661 ubique
3153 3592 3407 3648 Ecclesia
3440 3594 3587 3661 Deo,
3638 3609 3748 3651 non

2155 3686 2325 3738 Solum
2356 3700 2453 3754 pro
2483 3686 2685 3738 sam-tis
2712 3695 2768 3739 et
2798 3688 2847 3737 in
2883 3685 3098 3739 Christo
3124 3686 3232 3753 jam
3264 3689 3620 3755 ri-generatis,
3652 3689 3749 3744 sed

2151 3780 2313 3831 etiam
2342 3792 2439 3842 pro
2460 3777 2710 3830 omnibus
2733 3777 3038 3832 infidelibus
3055 3787 3109 3832 et
3136 3777 3364 3832 inimicis
3388 3782 3570 3833 crucis
3587 3778 3749 3836 Chri-

2151 3870 2244 3935 sti,
2280 3886 2375 3937 pro
2399 3872 2650 3925 omnibus
2698 3870 2963 3926 idolorum
3014 3873 3331 3938 cultoril-us,
3364 3890 3463 3943 pro
3492 3876 3747 3931 omnibus

2149 3966 2239 4033 qui
2269 3964 2541 4017 (.hristum
2568 3973 2596 4000 η
2636 3966 2686 4018 in
2717 3966 2973 4020 nieinbris
3002 3965 3167 4034 ipsius
3196 3978 3606 4034 persequuntur,
3640 3981 3750 4035 pro

2147 4057 2586 4126 luds-isquornm
2601 4060 2829 4112 excitati
2851 4058 3031 4112 lumen
3054 4058 3325 4126 Evangelii
3359 4076 3465 4114 non
3491 4060 3743 4127 refulget,

2149 4165 2245 4217 pro
2278 4149 2544 4203 haereticis
2574 4162 2626 4204 et
2658 4150 3039 4211 schismaticis,
3075 4150 3162 4216 qui
3194 4151 3261 4203 ab
3292 4154 3498 4207 unitate
3528 4151 3657 4206 ﬁdei
3690 4163 3747 4209 et

2144 4244 2424 4297 charitatis
2473 4243 2638 4297 alieni
2688 4255 2830 4296 sunt.
2862 4244 2999 4309 Quid
3043 4252 3222 4298 autem
3260 4260 3356 4312 pro
3405 4245 3522 4300 istis
3564 4248 3743 4313 petit,

2145 4339 2247 4391 nisi
2272 4349 2347 4400 ut,
2365 4336 2566 4391 relictis
2588 4337 2866 4391 errorihns
2889 4339 3420 4403 suis,convertantur
3448 4339 3512 4392 ad
3539 4339 3741 4404 Deum,

2141 4430 2407 4497 accipiant
2434 4429 2614 4495 tidem,
2640 4428 2909 4497 accipiant
2934 4428 3275 4495 eharitatem,
3304 4439 3356 4484 et
3384 4428 3454 4484 de
3485 4431 3746 4499 ignoran-

2144 4524 2228 4577 tim
2256 4522 2491 4576 tenebris
2522 4521 2753 4583 liberati,
2782 4521 2834 4575 in
2852 4524 3179 4591 agnitionem
3206 4523 3425 4576 veniant
3453 4522 3745 4577 veritatis?

2063 4595 2115 4656 Ῑ)
2142 4615 2292 4682 Quod
2321 4615 2442 4683 quia
2470 4614 2568 4683 ipsi
2598 4623 2857 4683 praestare
2878 4614 2980 4668 sibi
3010 4624 3303 4682 nequeunt,
3338 4615 3479 4669 male
3499 4630 3750 4672 censue.

2144 4708 2344 4761 tudinis
2377 4706 2614 4775 pondere
2640 4708 2911 4776 oppressi,
2938 4715 2994 4760 et
3021 4706 3220 4761 diaboli
3251 4707 3480 4762 vinculis
3501 4708 3745 4777 alligati,

2135 4852 2189 4896 ta
2210 4843 2401 4897 sa'cula
2438 4843 2607 4912 gratia
2648 4843 2700 4895 in
2750 4843 2962 4909 posteris
3009 4842 3286 4911 impiorum
3335 4844 3424 4905 sit,
3484 4846 3746 4912 loquendi

2134 4916 2443 4968 consuetudo
2474 4915 2797 4983 perstrinxit.

2207 4995 2229 5031 ις
2257 4984 2329 5038 Ιιιι
2364 4999 2491 5038 mss.
2520 4984 2710 5039 Camb.
2737 4993 2791 5040 et
2816 4984 3092 5040 Joliensis.
3124 4984 3293 5052 Alias,
3322 4988 3509 5052 gentis.

2205 5054 2232 5091 δ
2259 5058 2347 5110 Sic
2377 5070 2509 5111 mss.
2538 5054 2725 5109 Camb.
2757 5068 2812 5110 et
2837 5055 2944 5110 Jol.
2978 5071 3099 5110 cum
3148 5059 3277 5111 edit.
3323 5054 3549 5115 Leonis.
3586 5060 3699 5114 Alii
3734 5107 3747 5118 .

2129 5129 2182 5180 in
2209 5127 2384 5194 aliquo
2422 5127 2653 5195 speciali.

2210 5197 2222 5237 ί
2259 5198 2357 5253 Mn
2387 5196 2580 5253 Camb.
2616 5197 2782 5269 lilibet
2811 5196 2969 5269 inira,
2994 5208 3043 5252 et
3072 5198 3142 5251 ad
3171 5199 3503 5269 agnitionem.

2202 5268 2216 5341 ᾗ
2250 5269 2375 5341 Mss.
2405 5270 2591 5341 Camb.
2619 5280 2673 5323 et
2693 5268 2802 5322 Jol.
2828 5268 3033 5322 addunt
3054 5270 3167 5341 bie,
3198 5268 3445 5341 magister
3468 5274 3742 5341 gentium.

2199 5338 2223 5377 κ
2260 5340 2397 5394 Editi
2430 5339 2595 5394 nostri
2637 5354 2815 5407 antea,
2863 5341 3099 5393 salutari.
3126 5340 3223 5394 Ms.
3271 5338 3560 5397 Cambfet
3591 5344 3744 5407 Leo.

2126 5410 2415 5465 Saluatore.
2451 5410 2549 5464 Ms.
2575 5409 2787 5464 Tlittan.
2828 5412 3026 5464 omittit
3063 5411 3190 5465 Deo.

2200 5480 2216 5555 ι
2251 5480 2393 5535 Editi
2415 5480 2765 5555 Prosperiani
2807 5493 2860 5536 et
2892 5500 2994 5555 ms.
3022 5480 3128 5555 lol.
3164 5482 3473 5555 inserebant
3510 5501 3740 5555 prmpo~

2122 5553 2375 5605 εἰιὶιιιιιιιιι
2407 5554 2484 5611 in,
2509 5568 2615 5621 qua
2646 5563 2794 5607 caret
2824 5552 2990 5606 editio
3022 5553 3239 5609 Leonis.

2194 5634 2231 5661 ω
2268 5623 2588 5677 Particulam
2613 5634 2678 5687 et,
2718 5640 2836 5692 qum
2870 5640 2920 5676 ιιι
2951 5623 3108 5677 t'tlllls
3161 5625 3411 5693 Prosperi
3444 5636 3499 5679 et
3534 5625 3737 5683 Leone

2120 5695 2367 5757 habetur,
2396 5696 2591 5748 omittit
2631 5712 2729 5748 ms.
2764 5694 2893 5755 Jol.,
2925 5710 3025 5749 nec
3060 5696 3110 5747 in
3137 5697 3255 5749 loco
3283 5699 3529 5764 Apustoli
3553 5715 3734 5765 supra

2120 5770 2287 5822 relato
2320 5769 2534 5838 legitur.
2570 5768 2821 5835 Idemque
2844 5766 2932 5820 hic
2961 5769 3107 5820 addit
3137 5778 3201 5834 et,
3228 5779 3351 5823 ante
3369 5785 3463 5838 pro
3486 5771 3731 5837 regibus.

2186 5847 2209 5874 η
2244 5838 2339 5892 Ms.
2373 5837 2585 5903 Camb,
2617 5839 2669 5891 in
2700 5838 2935 5893 utentbris
2961 5838 3067 5890 suis

429 4912 858 4984 subintelligitur
887 4915 941 4970 in
968 4924 1113 4969 textu
1142 4915 1405 4984 ApOstoli,
1436 4931 1540 4969 ιιοιι
1573 4917 1916 4982 exprimitur.

501 4983 531 5023 ι’
562 4984 637 5040 Ita
681 5000 782 5039 ms.
815 4985 1005 5041 Camb.
1038 4994 1094 5040 et
1124 4983 1233 5040 Leo
1261 5001 1453 5041 novus.
1505 4986 1633 5051 Alii,
1680 4987 2019 5052 promittitur.

422 5053 547 5112 Non
576 5065 684 5114 tam
716 5057 871 5112 bene.

506 5139 529 5199 ς
554 5128 652 5185 Ms.
682 5127 935 5199 Joliensis
955 5126 1123 5189 solus,
1156 5142 1258 5181 non
1280 5128 1503 5199 populus
1541 5125 1659 5181 Dei.

499 5197 524 5236 δ
551 5200 647 5255 Ms.
678 5198 933 5255 Joliensis
955 5199 1156 5254 omittit
1186 5197 1371 5253 vocem
1403 5201 1539 5255 hanc
1560 5239 1575 5265 ,
1624 5214 1787 5260 nunc.
1839 5198 2021 5254 Editio

420 5284 561 5325 vero
589 5270 788 5325 Lennis
836 5287 942 5326 non
990 5268 1193 5324 omissa
1236 5271 1336 5324 hac
1385 5285 1534 5334 voce,
1572 5285 1669 5339 pro
1700 5271 2017 5323 vocabantur

420 5340 592 5393 habet
618 5349 881 5395 vocantur.

500 5410 678 5481 "Haec
720 5410 1341 5481 verbapiniignorantia
1388 5429 1504 5473 sua.
1539 5426 1607 5466 ex
1648 5426 1749 5464 ms.
1796 5411 2010 5473 Thoan.

422 5479 603 5534 addita
625 5479 734 5549 jam
764 5480 898 5534 alias
924 5480 976 5536 in
1010 5479 1214 5543 Leone,
1251 5485 1477 5538 deerant
1504 5483 1553 5536 in
1587 5483 1775 5535 (Samii.
1813 5490 1869 5536 et
1894 5482 2012 5536 edi-

423 5553 511 5624 tis.
545 5550 649 5605 Pro
679 5550 871 5619 quiitms
903 5570 1003 5607 ms.
1032 5554 1134 5605 .Inl.
1167 5555 1217 5605 in
1249 5556 1531 5624 ignominia
1571 5571 1685 5609 sua.
1721 5552 1828 5608 Nec
1875 5556 2013 5608 male

420 5622 465 5694 si
495 5633 769 5693 spectetur
795 5639 999 5677 summa
1033 5622 1580 5694 dignita‘Cnri~tinoi
1614 5628 1797 5694 populi
1834 5627 2011 5680 verbis

419 5691 566 5765 Pelii
594 5696 822 5765 apostoli
850 5698 1003 5763 paulo
1033 5691 1155 5750 ante
1177 5700 1353 5750 edulis
1384 5691 1660 5765 expressa.

494 5762 514 5803 ί
551 5762 903 5822 Emendatum
928 5784 993 5821 ex
1022 5782 1150 5821 mss.
1178 5768 1400 5822 Joliensi
1426 5762 1478 5821 ei
1502 5768 1697 5822 Camb.
1721 5778 1775 5823 et
1806 5767 2007 5830 Leone,

420 5847 540 5893 eum
570 5839 695 5905 editi
730 5839 896 5892 nostri
929 5840 1210 5897 haberent.
1243 5838 1309 5891 Et
1338 5850 1506 5893 tamen
1551 5841 1690 5902 quod
1724 5848 1846 5911 post
1875 5840 2010 5896 ntul-
