4014 6348
556 417 658 478 671

1125 416 1183 474 S.
1227 414 1563 473 PROSPERI
1607 412 1939 481 AQIIITANI
1977 408 2211 468 OPERA
2252 409 2579 467 INCERTAE
2608 407 3137 468 AUCTORITATIS.

3746 407 3861 469 6⁸η

553 535 712 593 nobis
736 534 878 605 quod
909 534 999 589 uni
1026 549 1212 589 eorum
1257 547 1577 603 responsum
1618 540 1702 586 est
1728 545 1743 586 :
1786 529 1961 585 Amice
1988 570 2004 593 ,
2051 546 2153 584 non
2182 529 2232 590 Α
2256 526 2514 598 ﬁdentia,
2544 529 2597 581 in
2623 527 2805 597 quibus
2832 538 2880 582 et
2914 544 3010 583 nos
3037 528 3322 600 aliquando
3348 527 3633 584 emet-sati
3677 542 3864 584 unus

554 629 687 698 [acia
716 630 804 682 tibi
835 630 1111 699 injuriam,
1147 626 1333 683 Nonne
1370 642 1433 682 ea:
1475 625 1689 679 denario
1719 624 1997 678 convenisti
2036 637 2145 676 meo

552 722 704 775 cum?
750 718 899 776 Tolle
946 722 1087 793 quod
1138 732 1282 775 tuum
1333 730 1442 785 est,
1490 728 1541 773 et
1591 718 1738 772 uade.
1790 715 1922 771 Volo
1973 725 2147 770 autem

549 824 595 868 et
646 814 763 867 huic
811 814 1084 868 novissimo
1134 814 1259 867 dare
1302 813 1435 866 sicut
1484 824 1531 865 et
1583 811 1696 865 tibi.
1739 809 1841 863 Aut
1886 823 1991 862 non
2032 808 2149 862 licet

550 907 677 960 mihi
705 906 769 961 de
799 923 855 960 re
889 923 999 961 mea
1028 911 1198 977 facere
1236 908 1374 977 quod
1413 904 1577 960 volo?
1606 913 1631 941 ι
1664 904 1766 958 Aut
1805 901 1988 957 oculus
2031 912 2147 957 tuus

550 1014 765 1067 nequam
802 1008 916 1060 est.
946 999 1069 1068 quia
1106 1014 1200 1069 ego
1241 996 1403 1051 bonus
1444 1012 1558 1050 sum
1601 993 1837 1067 (Matth.
1869 1009 1971 1059 xx,
2004 992 2073 1047 15
2099 1002 2149 1047 et

521 1089 743 1160 'scq.)?
789 1088 950 1146 Certe
1000 1090 1125 1145 huic
1173 1088 1556 1143 calumniatori
1612 1087 1810 1155 injusta
1862 1084 2147 1140 videbatur

550 1184 663 1238 bazc
697 1183 950 1253 largitas;
984 1192 1039 1237 et
1062 1182 1188 1253 quid
1217 1180 1545 1238 eruditionis
1571 1179 1793 1233 retulit?
1824 1176 1951 1248 quid
1984 1177 2146 1231 ratio-

548 1275 632 1330 nis
658 1274 899 1344 accepit?
940 1273 1055 1329 Non
1088 1283 1169 1327 est
1196 1274 1245 1329 ei
1279 1272 1697 1337 diSpensationis
1733 1274 1763 1314 ι
1795 1269 1954 1339 hujus
1987 1283 2146 1324 reve-

547 1370 650 1425 lata
688 1370 934 1438 iustitia,
1010 1384 1110 1423 nec
1172 1367 1238 1421 ad
1282 1366 1676 1432 inspectiouem
1726 1364 1927 1417 secreti
1976 1363 2141 1434 871

547 1464 766 1520 latentis
794 1463 1070 1518 admissus
1099 1472 1217 1525 est;
1249 1462 1344 1517 sed
1371 1471 1479 1515 uta
1508 1456 1861 1514 discutiendis
1884 1456 2143 1525 Deijmli-

544 1557 643 1611 ciis
671 1555 1005 1621 abstineret,
1037 1555 1283 1623 opposita
1312 1562 1397 1607 est
1438 1552 1486 1605 ei
1533 1552 1750 1606 bonitas
1791 1549 2103 1605 miserantis
2124 1591 2139 1615 ,

545 1656 600 1703 et
628 1647 861 1701 volentis
888 1656 1130 1712 potestas
1156 1663 1168 1699 :
1211 1646 1365 1716 quasi
1405 1643 1480 1698 illi
1510 1652 1563 1698 et
1592 1643 1661 1697 ab
1692 1642 1953 1706 Apostolo
1987 1642 2141 1697 dice-

544 1746 726 1795 retur:
761 1737 805 1791 0
831 1739 1004 1802 homo,
1036 1748 1091 1791 tu
1118 1739 1229 1808 quis
1259 1754 1310 1791 es
1338 1738 1427 1807 qui
1457 1736 1764 1806 respondeas
1798 1732 1944 1788 Deo?
1976 1732 2143 1788 Num-

543 1831 669 1902 quid
698 1831 819 1884 dicit
848 1830 1145 1901 ﬁgmentum
1170 1832 1214 1883 ei
1245 1830 1333 1899 qui
1363 1846 1416 1882 se
1448 1828 1631 1896 ﬁnxit,
1667 1826 1838 1892 Quare
1865 1843 1943 1881 me
1971 1828 2142 1896 fecisti

544 1925 618 1980 sic
646 1924 831 1995 (Rom.
861 1939 935 1986 Ix,
958 1922 1099 1990 2:2)?

1115 1991 1341 2049 CAPUT
1372 1990 1557 2046 XVIII.

548 2085 734 2142 Gratia
752 2129 765 2151 ,
793 2104 902 2141 sine
926 2103 1027 2158 qua
1058 2102 1189 2140 bona
1218 2088 1400 2158 merita
1422 2102 1528 2139 esse
1555 2094 1841 2158 nequeunt,
1872 2101 1975 2137 non
2002 2085 2141 2158 acci-

622 2161 757 2227 pitur
779 2176 810 2211 a
835 2156 1091 2227 quoquam
1110 2201 1123 2218 ,
1152 2158 1250 2211 nisi
1277 2172 1339 2210 ex
1365 2156 1458 2211 Dei
1482 2158 1761 2215 voluntate.
1788 2157 1896 2208 sine
1920 2157 2134 2209 meritis.

612 2249 874 2304 Omnibus
922 2265 1054 2319 ergo
1099 2250 1411 2304 hominibus
1455 2250 1746 2316 cujuslibet
1791 2259 1813 2287 ο
1856 2252 2033 2318 gentis
2084 2259 2140 2305 et

543 2345 755 2413 geni-ris
776 2385 790 2407 ,
820 2344 1111 2410 cujuslibet
1136 2342 1461 2398 conditioiiis
1490 2354 1545 2398 et
1577 2343 1751 2398 anatis
1770 2384 1784 2405 ,
1815 2359 1975 2398 causa
2012 2359 2136 2414 per-

546 2436 813 2505 cipiendte
842 2437 1026 2505 gratis.-
1058 2438 1305 2489 volnnlas
1340 2434 1434 2489 Dei
1462 2447 1543 2489 est
1566 2476 1581 2500 ,
1614 2436 1754 2504 apud
1799 2452 1957 2504 quam
2002 2436 2139 2490 ratio

542 2526 825 2581 electionis
853 2527 1169 2581 abscondita
1198 2536 1281 2581 est
1302 2567 1316 2589 ,
1350 2525 1417 2580 ab
1446 2542 1507 2579 ea
1557 2527 1727 2595 gratia
1760 2527 2140 2589 incipientibus

540 2620 754 2676 meritis
782 2635 945 2691 quam
974 2635 1241 2689 accepere
1271 2620 1392 2673 sine
1422 2618 1652 2673 meritis-
1683 2620 1814 2687 Quze
1843 2626 1885 2673 si
1921 2633 2140 2689 possent

540 2715 677 2772 bona
710 2731 832 2770 esse
861 2714 979 2771 sine
1008 2716 1183 2786 gratia
1208 2755 1224 2780 ,
1269 2728 1376 2767 non
1408 2714 1722 2767 diceretur:
1768 2712 1888 2767 Nisi
1918 2716 2031 2783 quis
2060 2733 2141 2770 re-

540 2818 693 2860 natus
724 2807 877 2877 fuerit
905 2823 974 2861 ea:
1003 2823 1141 2875 aqua
1168 2816 1218 2857 et
1249 2805 1454 2875 Spiritu
1485 2816 1684 2873 sancto,
1715 2822 1816 2858 non
1844 2805 2057 2859 intrabit
2086 2812 2138 2861 in

541 2916 755 2972 regnum
807 2900 1053 2953 calorum
1102 2896 1307 2967 (Joan.
1339 2913 1429 2966 in,
1461 2899 1571 2966 5);
1613 2908 1710 2951 et:
1758 2896 1876 2951 Nisi
1914 2899 2138 2952 mandu-

539 2993 780 3047 caveritis
808 3007 1014 3045 carnem
1047 2988 1176 3044 Filii
1210 2992 1458 3053 hominis.
1501 3002 1547 3045 et
1590 2990 1813 3045 biberitis
1839 2992 2139 3059 sanguinem

538 3089 677 3157 ejus,
708 3104 806 3141 non
832 3084 1083 3138 habebitis
1114 3085 1267 3137 vitam
1294 3087 1345 3137 in
1376 3084 1517 3137 vobis
1546 3082 1726 3142 (Joan.
1758 3100 1807 3139 vt
1833 3127 1847 3150 ,
1875 3086 1966 3154 5.5)
1996 3101 2010 3150 ;
2042 3086 2139 3140 sed

538 3177 846 3232 diceretur:
879 3175 990 3231 Nisi
1018 3178 1137 3245 quis
1170 3178 1327 3231 fuerit
1355 3176 1536 3245 justus
1564 3188 1615 3231 et
1646 3177 1839 3242 bonus,
1871 3178 2058 3234 beatus
2087 3181 2138 3235 in

538 3286 797 3327 iBlOI'lltltn
821 3285 944 3325 esse
972 3286 1077 3323 non
1112 3278 1328 3338 poterit.
1361 3270 1468 3323 Nec
1482 3286 1630 3334 opus
1658 3280 1799 3325 esset
1831 3287 1925 3334 per
1945 3288 2138 3339 aquam

539 3374 592 3416 et
618 3362 878 3428 Spiritum
904 3361 1151 3425 renasci,
1181 3361 1224 3414 si
1256 3376 1350 3430 per
1380 3361 1695 3414 mandatum
1721 3361 1989 3417 sulliceret
2019 3380 2143 3418 eiu-
2168 3386 2215 3448 ο

538 3455 665 3509 diri.
688 3456 751 3510 Et
774 3464 1132 3511 evacuaretur
1159 3455 1293 3509 lides
1311 3495 1326 3520 ,
1352 3471 1471 3524 qum
1496 3457 1669 3510 credit
1694 3471 1787 3524 per
1808 3458 2136 3525 baptismum

536 3550 716 3603 Omnia
751 3560 967 3617 peccata
996 3548 1194 3603 dimitti
1215 3590 1229 3608 ,
1258 3548 1303 3602 si
1332 3550 1504 3618 gratia
1530 3563 1634 3601 nou
1667 3550 1820 3602 malis
1849 3562 1901 3602 et
1932 3549 2134 3615 impiis,

536 3642 631 3696 sed
663 3641 820 3696 bonis
849 3651 905 3695 et
933 3643 1094 3696 rectis
1123 3641 1411 3695 doceretur
1442 3639 1700 3708 impendi.
1743 3642 1909 3712 Origo
1955 3644 2138 3714 itaque

536 3748 680 3790 verte
722 3737 883 3799 vitm,
935 3748 1185 3802 vermqne
1221 3733 1449 3802 jussitia:
1490 3735 1540 3786 in
1583 3733 2013 3801 regenerationis
2053 3744 2137 3788 est

538 3828 712 3896 posita
735 3836 1110 3889 sacramento;
1138 3835 1196 3878 nt
1222 3825 1308 3877 ubi
1334 3825 1498 3879 liomo
1527 3826 1848 3887 renascitur,
1874 3823 1944 3878 ibi
1971 3825 2133 3879 etiam

536 3921 779 3990 ipsarum
826 3920 1082 3973 virtutum
1124 3920 1328 3971 veritas
1356 3919 1565 3972 oriatur
1593 3933 1608 3982 ;
1641 3917 1667 3953 ά
1699 3930 1751 3972 et
1782 3918 2041 3986 incipiant
2067 3919 2134 3972 ad

538 4021 850 4082 perpetuam
892 4010 1121 4080 gloriam
1167 4011 1429 4078 prolicere
1460 4028 1554 4078 per
1586 4010 1776 4075 Iidem,
1818 4010 1908 4080 qui
1939 4013 2023 4066 vix
2068 4012 2133 4066 ad

545 4105 898 4171 temporalem
928 4120 1078 4157 vana:
1108 4103 1278 4157 laudis
1314 4114 1567 4173 poterant
1607 4105 1891 4173 pervenire
1929 4120 2136 4161 merce-

537 4201 687 4255 dem.
721 4200 853 4255 Sive
879 4199 1023 4253 enim
1053 4198 1277 4253 ludteus
1307 4197 1440 4265 legis
1467 4200 1692 4253 scientia
1736 4208 1983 4265 tumens,
2013 4201 2132 4254 sive

536 4291 762 4348 Graecus
809 4291 989 4345 studio
1038 4289 1320 4359 sapientiae
1372 4291 1629 4345 naturalis
1678 4292 1934 4355 inﬂatus,
1984 4294 2134 4361 prius

536 4400 697 4455 quam
723 4385 1055 4453 justilicetur
1098 4398 1191 4449 per
1232 4382 1392 4437 Iidem
1438 4382 1674 4447 Christi,
1718 4386 2005 4438 conclusus
2048 4398 2133 4442 est

535 4477 634 4531 sub
666 4485 887 4544 peccato
918 4493 929 4527 :
980 4486 1034 4529 et
1073 4476 1120 4531 si
1164 4477 1214 4530 in
1248 4492 1341 4528 sua
1379 4485 1401 4513 ε
1437 4476 1755 4532 inﬁdelitate
1798 4479 2131 4543 perstiterit,

534 4570 612 4625 ira
645 4569 737 4623 Dei
780 4578 957 4623 manet
997 4583 1163 4636 super
1189 4583 1354 4633 eum,
1389 4570 1478 4624 illa
1517 4570 1721 4624 scilicet
1754 4572 1804 4625 in
1836 4572 1967 4626 Atla:
2001 4588 2133 4627 oric-

534 4661 865 4717 Varicatione
910 4670 1187 4715 contracta
1216 4701 1230 4724 ,
1282 4662 1350 4715 de
1398 4677 1502 4729 qua
1552 4662 1851 4729 Apustolns
1896 4664 2131 4731 loquitur

2249 624 2305 677 in
2330 622 2600 678 desideriis
2621 624 2793 678 carnis
2818 634 3038 687 nostris,
3067 624 3311 694 facientes
3336 622 3653 677 voluntatem
3680 622 3861 678 carnis

2253 725 2301 771 et
2326 717 2695 788 cogitationum
2712 756 2728 783 ,
2750 725 2798 770 et
2824 731 3032 770 eramus
3054 724 3244 770 natura
3273 697 3489 785 [ilij'irte
3514 716 3651 769 sicut
3681 723 3729 768 et
3756 729 3862 768 cc-

2252 810 2347 864 teri
2376 808 2595 879 (Ephes.
2622 824 2661 864 ιι
2679 850 2694 875 ,
2722 808 2748 863 1
2774 816 2823 864 et
2841 807 2976 880 seq.)
3003 827 3020 874 ;
3051 816 3108 864 et
3135 808 3337 865 iterum
3366 823 3381 862 :
3413 807 3550 875 Quia
3575 807 3737 862 eratis
3764 805 3856 861 illo

2250 910 2479 974 tempore
2505 902 2617 956 sine
2641 900 2869 967 Christo,
2895 901 3108 956 alienati
3146 917 3178 954 a
3218 901 3603 956 conuersatione
3641 898 3816 955 Israel
3834 942 3854 967 ,

2250 1004 2297 1051 et
2325 995 2552 1061 hospites
2591 1004 3002 1049 testamentorum
3022 1035 3039 1060 ,
3072 994 3423 1067 promissionis
3449 1010 3593 1065 spem
3624 1010 3732 1048 non
3761 994 3860 1051 ha-

2250 1086 2441 1153 bentes,
2473 1096 2520 1143 et
2550 1088 2657 1141 sine
2682 1086 2792 1141 Deo
2819 1088 2873 1140 in
2903 1088 3094 1142 mundo
3121 1086 3333 1157 (Ibid..
3356 1088 3458 1158 ﬂ)
3481 1103 3499 1153 ;
3526 1094 3583 1142 et
3610 1086 3811 1143 iterum
3837 1106 3856 1142 :

2248 1176 2424 1232 Eratis
2448 1178 2614 1249 872
2642 1178 2927 1247 aliquando
2968 1179 3186 1233 tenebrtz
3210 1220 3226 1245 ,
3269 1194 3406 1232 nunc
3449 1188 3625 1232 autem
3664 1178 3762 1233 lux
3799 1178 3857 1233 iit

2250 1268 2467 1323 Domino
2493 1270 2686 1341 (lbid.,
2714 1286 2766 1338 v,
2791 1267 2848 1339 8)
2873 1287 2888 1335 ;
2919 1280 2975 1325 et
2999 1270 3196 1325 iterum
3220 1289 3233 1323 :
3264 1268 3471 1326 Gratias
3499 1282 3721 1344 agentes
3746 1268 3858 1324 Pa-

2250 1364 2350 1427 tri,
2380 1363 2471 1433 qui
2497 1362 2681 1433 dignos
2713 1378 2805 1416 nos
2831 1363 2951 1431 fecit
2980 1364 3033 1417 in
3063 1371 3261 1429 partem
3288 1363 3441 1417 sortis
3466 1374 3771 1417 sanctorum
3794 1362 3854 1417 in

2247 1456 2469 1523 lumine,
2497 1457 2586 1521 qui
2615 1456 2804 1526 eripuit
2832 1472 2925 1510 nos
2952 1456 3015 1510 de
3040 1466 3066 1503 κ
3098 1457 3315 1510 tenebris
3349 1467 3395 1511 et
3420 1465 3681 1527 potestate
3703 1466 3854 1513 terte-

2247 1548 2490 1615 brarum,
2518 1560 2566 1603 et
2591 1550 2856 1604 transtulit
2883 1551 2935 1603 in
2973 1566 3190 1620 regnum
3232 1549 3357 1603 Filii
3399 1550 3698 1604 dilectionis
3743 1564 3854 1606 stic

2246 1641 2465 1711 (Coloss.
2491 1657 2555 1704 tt,
2585 1642 2652 1696 η
2671 1644 2873 1713 seqq.);
2905 1656 2954 1698 et
2985 1643 3181 1698 iterum
3205 1658 3222 1698 :
3248 1642 3471 1697 Eramus
3498 1645 3637 1698 enim
3668 1653 3717 1697 et
3746 1659 3842 1699 nos

2245 1734 2523 1801 aliquando
2552 1736 2850 1803 insipientes
2870 1776 2885 1797 ,
2916 1736 3207 1803 increduli,
3257 1746 3491 1792 errantes
3511 1778 3530 1804 ,
3570 1739 3851 1793 servientes

2244 1826 2512 1881 desideriis
2541 1836 2586 1880 et
2617 1826 2962 1899 voluptatibus
2987 1828 3142 1881 variis
3165 1868 3180 1892 ,
3223 1827 3277 1881 in
3317 1828 3519 1882 malitia
3559 1840 3607 1883 et
3654 1830 3850 1882 invidia

2245 1931 2473 1987 agentes,
2507 1917 2755 1981 odibiles,
2788 1919 3015 1973 odientcs
3045 1920 3278 1973 inuicem.
3325 1920 3451 1973 Cum
3494 1930 3675 1974 autem
3704 1921 3847 1975 beni-

2174 2006 2218 2065 B
2245 2010 2413 2080 gnitas
2439 2020 2488 2063 et
2513 2010 2808 2063 humanitas
2838 2011 3080 2081 apparuit
3106 2009 3390 2066 Saluatoris
3421 2012 3585 2064 nostri
3608 2053 3626 2077 ,
3657 2028 3763 2065 non
3788 2028 3849 2067 es

2244 2100 2486 2168 operibus
2517 2102 2728 2164 iustitia:
2754 2118 2870 2173 qua:
2898 2103 3108 2171 fecimus
3140 2118 3253 2171 nos,
3273 2105 3360 2155 sed
3385 2103 3674 2157 secundum
3702 2121 3846 2158 sum

2244 2193 2650 2248 misericordiam
2679 2195 2849 2249 salvos
2876 2213 2967 2249 nos
2997 2196 3114 2267 fecit
3131 2198 3493 2267 perlavacrum
3511 2193 3539 2232 ιι
3564 2214 3844 2270 τεσξαρι-αι

2244 2286 2398 2340 tionis
2429 2286 2663 2356 Spiritus
2704 2290 2905 2354 sancti,
2953 2306 3103 2360 quem
3142 2289 3324 2358 effudit
3380 2291 3433 2343 in
3478 2307 3574 2345 nos
3645 2293 3846 2348 abunde

2242 2396 2334 2448 per
2370 2378 2551 2436 Iesum
2592 2381 2850 2437 Christum
2893 2383 3221 2438 Saluatorem
3265 2393 3537 2450 nostrum,
3587 2394 3649 2438 ut
3690 2387 3847 2458 justi-

2243 2474 2384 2541 ﬁcati
2410 2476 2581 2543 gratia
2608 2476 2789 2547 ipsius,
2818 2476 3044 2532 hwredes
3066 2476 3225 2530 simus
3248 2477 3534 2531 secundum
3563 2494 3707 2546 spem
3732 2480 3846 2533 vita

2243 2578 2449 2622 (sternte
2478 2567 2607 2639 (Tit.
2635 2585 2689 2623 ιιι
2708 2611 2722 2635 ,
2744 2570 2778 2625 5
2795 2568 2983 2641 seqq.).

2839 2662 3065 2719 CAPUT
3096 2662 3237 2720 XIX.

2608 2753 2793 2819 Qualis
2819 2758 2885 2808 sit
2916 2769 3103 2809 natura
3131 2757 3242 2810 sine
3271 2756 3463 2827 gratia.

2318 2847 2383 2901 Et
2413 2856 2468 2902 nt
2495 2848 2813 2903 brevissime
2840 2858 3020 2918 pateat
3056 2851 3234 2919 qualis
3269 2853 3341 2905 sit
3387 2859 3583 2905 natura
3617 2850 3843 2907 humans

2243 2940 2361 2995 sine
2404 2945 2613 3009 gratia,
2665 2940 2810 2996 dicat
2852 2941 3019 2997 ludas
3063 2943 3375 3012 apostolus,
3422 2942 3550 3013 quid
3593 2955 3721 3013 agat
3762 2944 3845 3000 vel

2245 3033 2547 3101 ignorantia
2598 3035 3010 3103 imperitorum,
3057 3037 3141 3091 vel
3188 3036 3439 3092 doctrina
3482 3039 3840 3106 sapientius».

2246 3127 2322 3182 Hi
2348 3140 2522 3183 autem
2543 3175 2557 3196 ,
2590 3130 2796 3199 inquit,
2830 3146 3159 3201 qutzcumque
3194 3132 3404 3202 quidem
3455 3133 3693 3202 ignorant
3726 3132 3840 3187 bla-

2244 3223 2555 3295 sphemant;
2585 3241 2919 3294 quaecumque
2945 3234 3115 3277 autem
3139 3226 3453 3279 naturaliter
3493 3224 3507 3261 ί
3541 3229 3683 3279 velut
3707 3234 3845 3280 male

2245 3314 2498 3368 an‘malia
2557 3329 2781 3382 norunt,
2821 3317 2875 3369 in
2927 3316 3007 3370 his
3048 3327 3446 3386 corrumpuntur
3480 3316 3683 3387 (ludar
3714 3316 3780 3371 to
3798 3314 3840 3387 ).

2253 3408 2268 3456 Ι
2302 3407 2454 3461 Dicat
2475 3410 2636 3461 etiam
2660 3409 2761 3462 sub
2792 3408 2966 3463 verbis
2989 3408 3265 3464 Zacliarite
3289 3411 3625 3477 evangelista
3647 3410 3838 3475 Lucas.

2242 3511 2369 3553 ante
2406 3501 2855 3555 illuminatioiiem
2883 3503 3069 3571 gratia:
3099 3504 3150 3556 in
3183 3517 3287 3571 qua
3330 3500 3632 3557 humanum
3673 3520 3841 3574 genus

2243 3600 2404 3647 nocte
2430 3606 2702 3657 versetur,
2725 3606 2774 3647 et
2807 3594 2874 3649 de
2899 3593 3094 3663 quibus
3125 3594 3447 3663 ignorantia-
3478 3594 3722 3649 tenebris
3748 3592 3836 3650 Del

2244 3686 2471 3753 pupulus
2495 3696 2741 3740 eruatur.
2776 3684 2842 3739 Et
2873 3695 2952 3749 tu,
2985 3686 3191 3754 inquit,
3239 3685 3400 3752 Puer,
3446 3685 3715 3755 PrOphrta
3744 3684 3837 3741 Al-

2241 3780 2423 3833 tissimi
2468 3780 2724 3833 vocaberis
2756 3796 2775 3833 :
2819 3780 3023 3846 praeibis
3069 3782 3206 3834 enim
3245 3790 3365 3835 ante
3407 3782 3593 3849 faciem
3630 3778 3839 3835 Domini

2243 3890 2426 3939 parare
2455 3873 2561 3927 vias
2590 3878 2737 3938 eius:
2766 3875 2834 3927 ad
2862 3877 3087 3929 dandam
3114 3876 3378 3930 scientiam
3424 3875 3609 3929 salutis
3640 3874 3842 3946 populo

2237 3968 2351 4037 ejus
2383 4008 2397 4031 ,
2444 3966 2498 4017 in
2542 3966 2893 4021 remissionem
2940 3980 3267 4039 peccatorum
3307 3969 3537 4035 ipsorum
3569 3983 3585 4020 :
3622 3977 3842 4037 propter

2238 4062 2431 4110 viscera
2474 4059 2839 4113 misericordia:
2885 4060 3124 4126 Domini,
3166 4064 3217 4114 in
3259 4062 3445 4130 quibus
3486 4062 3704 4115 risitarit
3747 4077 3840 4117 nos

2242 4147 2423 4203 Oriens
2454 4166 2517 4204 ex
2541 4151 2645 4203 alto
2664 4192 2677 4213 ,
2706 4152 2873 4205 lucere
2904 4151 2985 4205 his
3014 4153 3101 4222 qui
3130 4153 3181 4206 in
3212 4153 3432 4207 tenebris
3472 4165 3520 4207 et
3560 4154 3613 4206 in
3656 4152 3840 4208 umbra

2238 4242 2417 4293 mortis
2456 4243 2671 4304 sedent,
2713 4244 2784 4297 ad
2824 4244 3120 4314 dirigendus
3168 4246 3320 4314 pedes
3362 4257 3565 4300 nostros
3604 4246 3660 4300 in
3704 4247 3838 4301 ria.

2238 4336 2380 4403 pacis
2411 4334 2577 4399 (Luc.
2606 4353 2620 4390 ι
2644 4377 2656 4400 ,
2684 4338 2752 4393 76
2778 4353 2919 4409 seqq.
2950 4339 2989 4407 ).

2841 4430 3069 4487 CAPUT
3108 4430 3229 4486 XX.

2249 4517 2459 4573 Viscera
2500 4520 2866 4575 misericordia:
2908 4522 3167 4578 Dominus
3196 4525 3265 4577 ad
3295 4527 3530 4579 omnium
3571 4528 3835 4580 nationum

2311 4592 2555 4659 impetth
2587 4594 2805 4645 salutem
2824 4635 2839 4657 ,
2871 4611 3142 4663 omnesque
3173 4597 3381 4651 salvat:
3411 4608 3457 4649 et
3485 4608 3654 4651 tamen
3686 4599 3836 4652 etiam

2310 4676 2482 4715 verum
2511 4674 2583 4716 est
2614 4667 2749 4733 quod
2780 4666 3133 4719 testimonium
3162 4670 3273 4738 ejus
3302 4684 3453 4721 nemo
3483 4670 3693 4739 accipit.

535 4752 721 4808 dicens
747 4771 758 4805 :
797 4752 861 4807 Et
892 4768 979 4807 vos
1008 4768 1121 4803 cum
1152 4753 1332 4807 essetis
1366 4754 1557 4806 mortui
1584 4754 1785 4807 delictis
1822 4766 1869 4807 et
1912 4756 2133 4824 peccatis
2164 4776 2212 4837 υ
2315 4754 2440 4808 Haec
2467 4766 2647 4809 autem
2676 4758 2726 4809 vi
2760 4773 2884 4812 cera
2921 4758 3308 4813 misericordia:
3341 4760 3605 4814 Dominus
3632 4776 3742 4815 non
3771 4760 3837 4817 ad

536 4845 713 4899 uestris
733 4884 747 4907 .
780 4847 831 4898 in
858 4844 1043 4915 quibus
1074 4844 1357 4914 aliquando
1385 4846 1688 4900 antbulastis
1715 4848 1996 4901 secundum
2024 4864 2125 4901 sa:-

531 4939 705 4993 culum
748 4938 924 4991 mundi
962 4937 1118 5007 huius
1144 4977 1159 5005 ,
1208 4938 1489 4991 secundum
1533 4939 1817 5007 principem
1865 4940 2129 5011 potestatis

531 5034 663 5086 aeris
689 5030 877 5103 hujus,
905 5031 1115 5100 spiritus
1141 5032 1232 5099 qui
1258 5045 1397 5083 nunc
1423 5041 1666 5098 operatur
1694 5032 1746 5083 in
1784 5029 1801 5069 ί
1836 5032 1975 5099 ﬁlios
2014 5032 2127 5101 dif-

603 5217 628 5246 η
660 5208 759 5264 Ms.
792 5206 1091 5272 Joliensis.,
1121 5209 1200 5260 An
1233 5205 1415 5259 oculus
1446 5214 1587 5259 tuus.

603 5278 633 5318 δ
662 5280 757 5333 Ms.
786 5279 1040 5334 .loliensis
1071 5288 1218 5331 caret
1254 5291 1387 5331 voce
1414 5276 1593 5345 huius.

606 5360 629 5387 ο
663 5350 790 5404 Mss.
833 5350 1159 5405 Camberon.
1200 5355 1256 5402 et
1293 5346 1401 5401 lol.
1443 5357 1497 5400 et
1535 5346 1663 5401 edit.
1702 5347 1899 5404 Leonis
1924 5346 2130 5402 addunt

533 5421 650 5490 haec
669 5462 684 5485 ,
716 5424 875 5490 gentis
916 5428 959 5473 et

605 5488 631 5527 ιι
666 5488 808 5544 Ediii
839 5489 1179 5556 Prosperiani
1211 5489 1375 5556 alias,
1397 5498 1445 5542 et
1469 5488 1747 5557 incipiunt.
1778 5488 1904 5544 Mss.
1936 5488 2123 5545 Camb.

533 5571 589 5617 et
614 5560 720 5616 Jol.
749 5575 871 5614 cum
912 5560 1041 5615 edit.
1076 5561 1268 5626 Leon.,
1312 5571 1358 5613 et
1400 5561 1670 5630 incipiant.
1719 5559 1916 5614 Eadem
1959 5561 2126 5615 editio

532 5633 733 5691 Leonis
766 5640 981 5700 postea.
1011 5647 1125 5701 quin
1166 5633 1285 5698 vis,
1330 5634 1567 5701 intellige
1613 5630 1849 5685 virtutis.
1894 5631 2126 5687 Codices

538 5706 707 5761 nostri
739 5704 828 5773 qui
856 5703 967 5761 vix.
1003 5703 1506 5758 scilicetﬁiomincs.

613 5786 634 5813 ε
667 5772 759 5831 Sic
779 5773 1096 5843 corrigimu~
1118 5789 1181 5827 cx
1210 5788 1337 5829 mss.
1363 5773 1688 5829 Catuberon.
1712 5780 1767 5829 et
1790 5772 1895 5830 Jol.
1918 5786 1982 5827 ac
1994 5772 2130 5829 Leo-

541 5859 635 5909 ne.
664 5846 807 5900 Alias
830 5885 842 5908 ,
869 5845 1190 5914 infelicitate.

623 5914 644 5955 ί
672 5915 798 5974 Mss.
832 5913 1153 5971 Cainberou.
1188 5921 1243 5972 et
1269 5913 1371 5973 Jol.
1397 5924 1551 5984 Juxta
1582 5916 1828 5975 Graecum
1850 5956 1866 5983 ,
1896 5914 1950 5971 in
1977 5914 2119 5986 ﬁliis.

2240 4847 2401 4901 unius
2430 4856 2636 4902 tantum
2668 4849 2853 4919 populi
2880 4851 3313 4922 redemptionem
3336 4893 3352 4917 ,
3378 4852 3475 4908 sed
3505 4853 3571 4907 ad
3597 4852 3836 4909 omnium

2240 4938 2519 4995 nationum
2567 4939 2829 5007 impendit
2875 4942 3137 5009 salutem,
3185 4944 3401 4999 dicente
3448 4943 3835 5016 Evangelista:

2242 5031 2378 5099 Quia
2420 5030 2573 5085 Iesus
2601 5030 2623 5069 δ
2657 5034 2938 5087 moriturus
2985 5044 3092 5089 erat
3140 5050 3234 5104 pro
3280 5045 3429 5107 gente
3457 5051 3477 5089 :
3502 5052 3605 5089 non
3632 5045 3835 5089 tantum

2236 5206 2379 5277 Alii,
2414 5215 2472 5262 ut
2502 5206 2685 5277 Vulg.,
2716 5210 2768 5261 in
2800 5208 2956 5275 ﬁlios.

2310 5288 2336 5326 s
2368 5279 2491 5333 Hinc
2518 5280 2657 5343 duo,
2688 5280 2904 5334 tenebris
2931 5289 2977 5333 et
3000 5322 3013 5345 ,
3055 5281 3155 5335 etsi
3199 5281 3465 5337 habentur
3494 5283 3549 5336 in
3578 5284 3835 5341 omnibus

2236 5348 2391 5423 libris
2418 5352 2619 5423 nostris
2643 5391 2656 5413 ,
2690 5360 2869 5423 tamen
2900 5366 3003 5404 non
3047 5354 3299 5421 leguntur
3330 5354 3382 5407 iit
3414 5364 3651 5423 utroque
3682 5364 3832 5412 textu

2240 5419 2493 5491 Epistulae
2521 5420 2785 5491 Apo~t0li.

2310 5490 2337 5527 δ
2365 5493 2465 5565 Ms.
2492 5490 2815 5547 Camberon.
2848 5492 2935 5547 hic
2958 5491 3142 5565 addit,
3169 5494 3516 5549 renovationis
3539 5510 3557 5547 :
3578 5511 3702 5565 qua
3731 5513 3833 5552 vos

2238 5576 2337 5617 nec
2362 5563 2514 5616 abest
2540 5581 2565 5613 ιι
2600 5572 2747 5616 textu
2776 5564 3037 5632 Apostoli.

2316 5632 2329 5670 ί
2368 5633 2465 5687 Ms.
2494 5632 2845 5699 Catnberon.,
2878 5634 3011 5688 velut
3038 5635 3187 5688 bruta
3213 5637 3461 5690 animalia

2310 5705 2323 5753 i
2363 5705 2489 5758 Mss.
2523 5702 2847 5759 Cumberon.
2882 5716 2934 5759 et
2962 5706 3094 5770 10L,
3128 5707 3277 5759 Dicat
3305 5717 3497 5761 autem.

2308 5773 2333 5812 ¹ί
2373 5776 2517 5829 Editi
2547 5775 2711 5839 alias,
2740 5784 2973 5830 mortuus
3003 5791 3133 5829 erat.
3166 5779 3353 5831 Melius
3386 5794 3514 5833 mss.
3548 5780 3742 5836 Camb.
3779 5791 3833 5837 et

2233 5846 2368 5913 Jol.,
2398 5862 2518 5922 eum
2552 5845 2760 5922 Leone,
2786 5848 2937 5916 juxta
2969 5858 3170 5903 textum
3207 5849 3512 5922 Evangelii,
3545 5852 3834 5907 moriturus

2235 5928 2382 5985 erat;
2414 5917 2525 5975 Leo
2548 5915 2855 5987 postea],et
2885 5936 2988 5975 non
3020 5928 3235 5981 tantum,
