4014 6348
193 416 291 472 673

1072 408 1157 472 DE
1198 412 1587 471 VOCATiONE
1626 414 1894 472 OMNIUM
1934 410 2239 473 οεΝτιωι
2272 416 2476 475 LIBER
2517 414 2558 474 I.

3349 412 3459 478 o‘ls

188 546 277 602 pro
306 540 492 601 gente.
521 530 607 584 sed
635 531 786 585 etiam
809 540 862 583 ut
890 530 1029 600 filios
1056 533 1146 584 Dei
1168 532 1423 601 dispersos
1445 539 1776 601 congregaret
1804 534 1851 591 Α
1884 538 2059 597 patre.
2088 532 2177 601 qui
2213 534 2624 601 promissionem
2660 534 2753 586 Det
2786 541 2876 585 aut
2923 546 3028 586 nou
3080 543 3315 602 tthptert.
3360 542 3458 591 aut

187 620 237 675 iu
258 637 421 673 unum
441 619 621 681 (Joon.
638 636 692 676 at
708 664 723 685 ,
741 621 836 691 52)
882 624 991 677 lloc
1009 623 1153 677 enini
1176 626 1282 691 agit
1308 620 1398 675 illa
1416 636 1519 675 vos
1537 621 1769 686 Domini,

182 725 305 782 qua:
322 726 420 781 per
435 712 723 781 quamdam
744 713 963 781 pietatis
985 715 1166 767 tttlutm
1190 722 1303 766 toto
1317 712 1481 783 873
1501 725 1771 768 terrarum

186 805 315 855 urbe
335 814 707 866 res-inutilem,
735 812 761 839 ι
784 819 973 858 omnes
995 804 1242 858 homines
1261 815 1319 858 et
1344 807 1531 857 invitat
1560 814 1618 859 et
1645 819 1771 860 con-

184 894 353 947 venit.
385 893 516 948 Nam
545 910 670 949 cuiu
699 894 954 961 dixisset,
985 896 1277 964 Con/itelmr
1307 895 1419 959 tibi,
1450 894 1628 961 Pater,
1663 894 1773 950 Do-

185 986 319 1039 mine
340 986 454 1040 ccli
496 998 544 1041 et
567 996 738 1057 terra,
769 989 893 1056 quin
920 988 1233 1043 abscondisti
1264 992 1372 1043 hac
1398 1006 1430 1040 tt
1456 990 1771 1058 sapientibus

182 1086 226 1130 et
253 1080 617 1148 prudeutibus,
658 1090 707 1133 et
756 1079 993 1134 reselasti
1034 1097 1097 1135 ea
1133 1082 1385 1151 parvulis.
1429 1078 1537 1145 lto,
1589 1079 1767 1146 Pater,

179 1171 423 1238 quoniam
449 1171 523 1223 sic
547 1172 919 1243 betteplacituns
948 1182 1021 1226 est
1046 1183 1164 1226 ante
1195 1185 1282 1237 te;
1305 1172 1537 1238 addidit,
1579 1172 1768 1226 Omnia

181 1263 307 1315 nilei
329 1264 523 1317 tradita
556 1275 673 1318 sunt
701 1282 732 1316 u
770 1264 925 1318 Patre
970 1281 1102 1330 meo,
1128 1277 1175 1317 et
1223 1280 1368 1318 nemo
1405 1266 1541 1318 norit
1574 1262 1769 1317 Filium

180 1358 275 1410 uisi
305 1356 485 1422 Pater,
516 1374 672 1419 neque
708 1357 917 1413 Patrem
941 1359 966 1395 δ
993 1359 1107 1430 quis
1157 1362 1295 1411 norit
1337 1359 1436 1412 nisi
1483 1355 1677 1422 Filius,
1721 1368 1769 1412 et

178 1447 257 1500 cui
284 1448 501 1502 voluerit
527 1447 699 1502 Filius
726 1452 968 1502 revelare.
1003 1450 1070 1503 Et
1094 1449 1292 1503 deinde
1336 1450 1558 1518 adjecit,
1595 1448 1772 1504 Venite

178 1540 243 1593 ad
265 1555 375 1603 me,
398 1556 574 1594 omnes
617 1541 707 1611 qui
731 1542 975 1596 laboratis
1000 1553 1047 1595 et
1080 1544 1278 1596 onerati
1306 1544 1445 1609 estis,
1478 1551 1525 1596 et
1563 1558 1656 1613 ego
1683 1558 1769 1598 vos

179 1630 431 1697 reﬁciam.
458 1629 651 1686 Tollite
670 1634 854 1702 juguut
894 1649 1063 1686 meum
1106 1648 1264 1704 super
1306 1650 1413 1700 ros,
1445 1646 1490 1687 et
1519 1636 1698 1687 discite
1735 1650 1769 1688 a

179 1736 254 1776 ne
298 1724 425 1793 quia
451 1725 588 1777 initis
625 1741 739 1778 sum
758 1736 805 1779 et
833 1724 1044 1780 humilis
1087 1727 1261 1789 corde.
1304 1736 1352 1781 et
1380 1728 1643 1781 invenietis
1684 1743 1767 1782 re-

180 1816 358 1882 quiem
385 1816 661 1870 animabus
691 1818 1110 1890 vestt'is.‘.lnguot
1140 1824 1276 1873 enim
1300 1836 1463 1875 meum
1485 1838 1641 1876 suave
1664 1833 1763 1887 est,

1872 624 1943 677 sb
1966 626 2073 678 alio
2106 636 2299 693 praeter
2324 640 2446 681 euut
2490 626 2579 692 qui
2606 621 2877 693 promisit,
2910 628 3052 680 dicat
3090 628 3331 696 impleri?
3361 628 3455 683 llle

1873 718 2089 787 quidem
2107 724 2207 772 erit
2226 720 2455 774 tumulas
2479 718 2649 774 :Deus
2674 730 2855 775 autem
2878 731 2960 775 est
2982 737 3166 787 verax,
3191 734 3247 777 et
3274 725 3453 780 omnis

1876 822 1970 876 qui
2002 809 2190 875 accipit
2219 807 2388 881 874
2425 813 2792 865 tes.itnontutn
2813 816 2954 878 ejus,
2983 811 3086 867 hoc
3106 822 3305 883 signat,
3350 814 3455 872 hoc

1872 898 2100 967 indicat,
2132 903 2275 970 quod
2328 917 2423 969 per
2471 903 2641 957 lucem
2692 903 3092 958 illutninantent
3142 905 3317 961 lactus
3367 916 3453 963 est

1870 994 2094 1057 videns,
2142 993 2318 1049 factus
2350 992 2369 1030 ί
2397 996 2689 1060 υιιθςηεηε,
2721 996 2893 1050 lactus
2926 997 3270 1066 intelligens;
3312 998 3453 1053 sicut

1871 1084 2110 1143 Joannes
2162 1088 2495 1155 Evangelista
2537 1097 2761 1142 testatur
2803 1089 2993 1143 dicrns
3018 1130 3037 1155 ,
3089 1089 3295 1145 Scimus
3330 1092 3451 1161 quia

1874 1185 1899 1224 ι
1933 1178 2154 1231 mundus
2181 1187 2315 1232 totus
2342 1180 2394 1231 in
2424 1178 2649 1250 maligno
2676 1180 2874 1247 positus
2908 1188 2981 1233 est
3000 1222 3013 1241 ,
3043 1189 3092 1235 et
3119 1183 3306 1235 scimus
3333 1184 3450 1247 quia

1872 1266 2045 1323 Fttius
2082 1268 2178 1322 Dei
2215 1272 2365 1324 venit.
2397 1279 2441 1323 et
2481 1270 2619 1321 dedit
2670 1270 2812 1322 nobis
2841 1286 3063 1337 sensum,
3098 1281 3149 1324 ut
3175 1288 3449 1343 cognosca-

1870 1376 1983 1414 mus
2016 1377 2190 1415 oerum
2218 1361 2381 1416 Deum
2409 1404 2424 1428 ,
2453 1370 2500 1414 et
2530 1361 2689 1414 simus
2730 1362 2784 1413 in
2818 1376 2934 1415 vero
2962 1359 3103 1416 Ftlio
3126 1367 3236 1435 ejus
3268 1363 3448 1436 (Joan.

1872 1467 1930 1518 ν,
1961 1453 2073 1523 l9).

2459 1543 2688 1600 CAPUT
2718 1543 2857 1598 XXI.

1869 1654 1992 1710 Non
2015 1673 2123 1711 esse
2152 1660 2488 1711 scrutandum
2519 1674 2612 1709 cur
2636 1654 2774 1710 Deus
2812 1656 2943 1711 alios
2974 1658 3135 1728 eligit,
3181 1658 3313 1713 alios
3348 1675 3450 1715 non

1938 1730 2113 1798 eligit;
2143 1731 2273 1782 sicut
2317 1745 2407 1782 nec
2434 1743 2526 1800 cur
2564 1738 2738 1800 antea.
2776 1731 3008 1783 omnibus
3036 1729 3268 1800 gentibus
3314 1746 3448 1799 prte-

1938 1797 2206 1867 tertntssis,
2249 1816 2407 1853 unum
2435 1797 2683 1853 Israelem
2712 1801 2882 1870 elegit.

176 1915 220 1958 et
244 1922 383 1960 ortus
411 1924 578 1961 meum
598 1910 707 1963 leve
725 1921 801 1963 est
824 1909 1037 1981 (Huttlt.
1062 1928 1137 1973 si.
1163 1912 1233 1967 25
1261 1922 1307 1966 et
1338 1915 1493 1983 seq.).
1523 1914 1763 1970 Joannes
1797 1913 1842 1972 B
1940 1909 1998 1966 Si
2033 1926 2162 1967 vero
2188 1912 2455 1981 quaeritur
2482 1928 2583 1967 cur
2608 1912 2859 1968 Salvator
2887 1914 3129 1968 omnium
3169 1914 3449 1971 hominum

177 2011 307 2051 vero
338 1998 580 2066 Baptista
614 2001 666 2055 in
711 2000 1008 2072 Evangelia
1046 2002 1273 2058 Joannis
1308 2007 1628 2072 prophetico
1655 2008 1766 2074 Spi-

175 2090 278 2144 ritu
315 2106 656 2161 prouestatur
682 2096 895 2157 dicens,
923 2097 1029 2161 Qui
1062 2102 1125 2149 de
1152 2097 1276 2151 rtelo
1302 2098 1433 2150 venit
1472 2114 1625 2169 super
1656 2113 1766 2153 oet-

176 2201 261 2240 ues
286 2196 402 2251 est,
431 2190 572 2257 quod
602 2189 731 2242 vidit
777 2200 824 2243 et
862 2192 1059 2245 audivit
1101 2193 1423 2264 testiﬁratur,
1454 2205 1500 2249 et
1542 2197 1766 2250 testimo-

177 2280 316 2331 nium
338 2283 454 2351 ejus
482 2298 629 2334 nemo
662 2282 872 2350 accipit.
905 2284 1005 2348 Qui
1035 2287 1222 2357 accipit
1252 2288 1597 2341 testimonium
1627 2292 1760 2359 ejus,

180 2379 205 2409 ο
222 2370 449 2440 signavit
476 2375 717 2441 quoniam
744 2374 880 2429 Deus
902 2392 1055 2431 verax
1076 2390 1149 2431 est
1178 2379 1361 2448 (Joan.
1391 2394 1468 2445 ttt,
1499 2380 1591 2448 5i,
1617 2383 1686 2435 52
1714 2392 1762 2436 et

174 2461 288 2529 33).
322 2462 495 2532 Igitur
521 2476 787 2535 quantum
817 2468 1014 2523 attinet
1048 2470 1114 2523 ad
1164 2472 1385 2525 humani
1414 2472 1630 2542 generis
1657 2488 1761 2529 ese-

172 2558 417 2622 citatem,
446 2557 604 2627 longa
660 2559 983 2629 ignorantia:
1028 2573 1081 2617 et
1105 2562 1375 2632 superbia:
1426 2574 1588 2618 nocte
1624 2580 1759 2619 cono

174 2657 433 2716 tractam,
484 2652 632 2707 venit
684 2653 736 2707 in
786 2653 932 2709 hunc
983 2656 1241 2710 mundum
1294 2655 1758 2724 Creatormundi,

168 2748 213 2794 et
242 2744 474 2798 mundus
499 2760 619 2799 euut
657 2761 759 2799 non
789 2747 1025 2817 cognovit
1055 2744 1233 2821 (Joan.
1262 2764 1302 2812 ι,
1338 2748 1463 2819 ill);
1494 2749 1585 2803 tua:
1627 2751 1759 2804 lucet

168 2832 219 2886 in
263 2835 486 2890 tenebris
508 2877 523 2901 ,
575 2848 624 2891 et
660 2838 880 2894 leueer
935 2856 1048 2893 eam
1110 2856 1212 2894 non
1264 2841 1756 2909 comprehenderunt

168 2920 343 2991 (Ibid.
379 2924 465 2996 5);
489 2929 574 2997 qui
598 2945 756 2997 super
784 2941 1084 2997 omnesest,
1112 2930 1251 3000 quod
1290 2931 1415 2985 vidit
1442 2943 1489 2985 et
1529 2934 1755 2999 audivit,

166 3016 495 3083 testﬂicatur,
541 3027 589 3073 et
630 3021 980 3077 testimonium
1025 3022 1140 3090 ejus
1184 3038 1333 3077 nemo
1358 3024 1543 3090 accipit
1571 3023 1752 3093 (Joan.

166 3120 244 3167 ut.
279 3108 375 3171 51,
426 3109 538 3181 32).
573 3110 678 3167 Sed
710 3113 834 3183 quia
870 3130 977 3168 non
1034 3116 1234 3168 [rustra
1266 3116 1414 3170 Deus
1445 3116 1535 3171 Dei
1589 3115 1756 3173 Filius

165 3201 313 3255 venit
342 3202 399 3256 in
422 3204 703 3273 mundum,
727 3218 781 3260 et
811 3206 959 3262 dedit
978 3211 1343 3276 semetipsum
1359 3226 1458 3280 pro
1477 3212 1752 3277 omnibus,

1867 2019 1974 2057 non
2006 2006 2259 2058 omnibus
2291 2004 2441 2061 dedit
2488 2006 2631 2059 hunc
2676 2020 2897 2060 sensum
2926 2046 2941 2072 ,
2974 2018 3030 2061 ut
3059 2021 3448 2077 cognoscerent

1866 2108 2056 2148 verum
2106 2097 2295 2162 Deum,
2343 2107 2398 2151 et
2450 2109 2657 2162 essent,
2709 2098 2760 2151 id
2812 2105 2915 2163 est,
2962 2112 3342 2168 permanerent
3395 2102 3446 2156 in

1865 2200 1996 2240 vero
2024 2186 2162 2241 Filio
2200 2186 2631 2257 t-jns:quamvis
2679 2190 2961 2243 credamus
3012 2190 3176 2244 nullis
3221 2191 3441 2246 homini-

1863 2277 1964 2334 bus
2016 2295 2174 2349 onem
2221 2280 2412 2351 gratiae
2462 2282 2514 2335 in
2559 2288 2729 2335 totum
2775 2280 2941 2336 fuisse
2985 2285 3319 2338 suhtmctam
3353 2285 3441 2356 (de

1862 2385 1969 2440 quo
2012 2371 2221 2440 plenius
2262 2370 2288 2409 δ
2318 2376 2368 2427 in
2410 2374 2769 2442 sequentibus
2815 2373 3175 2443 disseremus)
3202 2419 3217 2443 ,
3270 2386 3445 2433 tamen

1862 2460 1935 2515 ita
1964 2461 2103 2516 forte
2147 2462 2249 2516 bne
2278 2462 2516 2517 velatum
2566 2463 2657 2527 sit,
2689 2463 2825 2517 sicut
2877 2463 3009 2517 illud
3059 2466 3439 2522 absenttditum

1861 2564 1978 2617 est.
2011 2570 2109 2609 cur
2141 2552 2157 2592 ί
2193 2566 2372 2623 antea,
2424 2556 2676 2609 omnibus
2729 2556 2977 2625 gentibus
3023 2560 3431 2625 prtetermissis,

1863 2660 2027 2699 unum
2076 2647 2331 2715 papulunt
2359 2646 2486 2707 sibi.
2519 2661 2680 2715 quem
2710 2649 2777 2699 ad
2808 2646 3052 2701 Veritatis
3076 2649 3437 2717 cognitionem

1860 2739 2126 2803 erudiret,
2161 2740 2458 2807 exceperit.
2498 2739 2573 2794 De
2610 2738 2945 2810 quojudicin
2988 2740 3081 2795 Dei
3113 2741 3179 2803 si
3212 2756 3320 2797 non
3360 2754 3445 2799 est

1859 2830 2325 2897 cntutuerendunt,
2355 2830 2524 2884 multo
2555 2845 2734 2885 minus
2783 2831 2851 2887 de
2884 2833 2988 2886 hoc
3011 2833 3154 2902 quod
3180 2848 3302 2889 cum
3329 2835 3444 2891 ele-

1860 2922 2043 2976 ctione
2071 2925 2316 2978 omnium
2342 2927 2584 2995 gentium
2613 2925 2840 2995 geritur,
2873 2928 3317 2983 nturmurandtttn
3339 2940 3442 2984 est.

1859 3013 1993 3080 Qua:
2019 3016 2163 3069 enim
2198 3017 2338 3070 Deus
2366 3018 2575 3072 occulta
2607 3032 2729 3071 esse
2759 3016 2949 3082 voluit.
2980 3033 3084 3073 non
3121 3030 3249 3075 sunt
3291 3034 3443 3076 scru-

1862 3113 2054 3177 tanda;
2086 3129 2204 3182 quae
2252 3122 2431 3167 autem
2484 3112 2765 3168 maniiesta
2817 3114 2960 3179 fecit,
2996 3130 3100 3169 non
3132 3125 3258 3169 sunt
3290 3116 3304 3166 ἱ
3350 3131 3443 3171 ne-

1857 3206 2106 3274 gligenda
2124 3222 2137 3257 :
2154 3220 2221 3259 ne
2237 3212 2291 3259 et
2312 3207 2365 3258 in
2387 3206 2493 3259 illis
2515 3206 2702 3261 illicite
2721 3207 2941 3273 curio-i,
2959 3208 2986 3249 ι
3012 3218 3067 3262 et
3084 3212 3134 3263 in
3165 3211 3282 3263 istis
3294 3208 3443 3264 dam-

163 3301 216 3345 et
245 3301 504 3350 mortuus
548 3306 631 3351 est
685 3314 788 3352 non
820 3308 1019 3353 tantum
1065 3317 1159 3365 ρνο
1194 3312 1358 3373 gente,
1381 3304 1470 3358 .εά
1502 3306 1655 3359 etiam
1698 3315 1756 3360 ιιι
1783 3286 1829 3349 C
1863 3297 2114 3351 nabiliter
2156 3296 2499 3352 inveniantur
2529 3298 2743 3367 ingrati.
2773 3297 2888 3351 Non
2915 3310 3094 3353 autem
3128 3302 3440 3368 ignoramus

163 3383 295 3451 ﬁlios
324 3384 424 3439 Dei
444 3387 702 3459 dispersos
723 3402 1055 3463 congregaret
1076 3393 1129 3446 in
1150 3410 1313 3448 unum
1330 3395 1511 3464 (Joan.
1536 3412 1589 3450 ιι
1608 3439 1621 3453 .
1636 3398 1753 3468 52);

163 3484 218 3529 et
235 3476 513 3534 universis
534 3480 695 3546 dicit,
721 3478 899 3536 Venite
913 3484 984 3536 ad
1009 3500 1107 3551 nte,
1129 3500 1303 3540 omnes
1328 3489 1415 3553 qui
1436 3488 1681 3543 laboratis
1706 3498 1755 3544 et

162 3572 360 3623 aerati
386 3572 527 3637 estis,
543 3582 623 3637 et,
647 3586 864 3629 servato
885 3575 986 3631 sibi
1015 3576 1455 3647 incognoscibilis
1476 3581 1754 3637 electionis

160 3660 413 3726 arbitrio,
440 3660 537 3717 dat
577 3663 661 3719 sui
702 3662 989 3736 Patrisque
1030 3668 1299 3731 notitiam,
1341 3668 1540 3738 quibus
1570 3667 1598 3709 ⁴
1629 3687 1753 3726 eum

166 3752 407 3810 voluerit
457 3756 707 3813 revelare
754 3758 913 3829 (Luc.
945 3775 1001 3827 ι,
1042 3759 1180 3831 22);
1226 3777 1417 3818 omnes
1456 3763 1551 3818 lilii
1593 3764 1752 3833 lucis,

160 3843 255 3900 lilii
286 3847 709 3915 promissionis,
744 3850 838 3904 lilii
867 3850 1124 3917 Abrahae,
1147 3853 1240 3907 lilii
1270 3852 1385 3919 Dei,
1421 3870 1589 3924 genus
1612 3860 1757 3912 elec-

161 3946 300 4003 tum,
327 3941 520 4010 regale
548 3945 939 4014 sacerdotium,
974 3946 1088 4001 veri
1115 3945 1399 4014 Israelita,
1435 3950 1754 4019 praacogniti

159 4038 211 4085 et
243 4032 602 4097 praeordinati
648 4035 700 4089 in
724 4050 947 4105 regnum
983 4036 1102 4103 Del,
1133 4038 1227 4105 qui
1258 4054 1353 4092 eos
1398 4041 1617 4095 vocavit
1647 4056 1754 4096 non

159 4121 349 4177 solum
382 4139 451 4179 ex
491 4123 720 4193 Judaeis,
748 4126 847 4182 sed
892 4129 1056 4183 etiam
1087 4144 1153 4183 es
1182 4130 1434 4199 gentibus
1464 4132 1644 4202 (Rom.
1676 4147 1751 4202 is,

159 4211 278 4285 24),
312 4214 689 4272 testimonium
723 4219 844 4287 ejus
871 4221 962 4289 qui
995 4219 1064 4274 de
1090 4222 1232 4275 caelo
1262 4223 1409 4275 venit
1445 4223 1751 4291 accipiunt;

163 4312 188 4340 ο
218 4307 514 4377 signantes
552 4310 675 4379 quia
723 4308 867 4365 Deus
911 4326 1074 4365 Verax
1118 4320 1221 4376 est,
1253 4311 1305 4366 id
1352 4323 1456 4378 est,
1498 4329 1755 4385 expresse

155 4396 539 4467 signiﬁcantes
582 4402 635 4457 in
670 4402 755 4457 sui
784 4402 1081 4459 salvatione
1128 4407 1381 4474 quoniam
1416 4407 1555 4461 Deus
1590 4422 1753 4469 verax

154 4500 267 4557 est,
302 4493 543 4562 impleas
584 4504 641 4551 et
688 4495 975 4565 perliciens
1021 4497 1165 4568 quod
1219 4499 1465 4567 promisit
1518 4499 1752 4555 Abrahae

154 4584 416 4638 omnium
462 4587 705 4655 gentium
754 4589 940 4656 patri:
980 4590 1069 4660 qui
1119 4590 1407 4659 pollicente
1454 4591 1564 4646 Deo
1610 4592 1752 4660 quod

1857 3402 1981 3443 esse
2010 3388 2274 3458 quosdam
2303 3398 2411 3443 tam
2440 3390 2851 3443 inconsiderata:
2897 3395 3363 3460 prresnmptionis,
3388 3403 3442 3447 et

1860 3490 1965 3535 tam
1995 3480 2244 3549 superine
2263 3479 2607 3549 arrogantize,
2642 3488 2700 3533 ut
2754 3480 2896 3549 quod
2928 3485 3231 3550 praecipuus
3260 3484 3437 3552 magi.

1856 3580 1968 3627 ster
1991 3570 2253 3640 gentium,
2286 3587 2387 3623 non
2425 3569 2489 3622 ab
2516 3569 2808 3623 hominibus
2834 3586 2996 3640 neque
3037 3588 3129 3639 per
3176 3570 3437 3627 hominem

1859 3660 2058 3731 (Colat.
2084 3678 2121 3730 I,
2148 3661 2225 3730 l),
2250 3661 2343 3717 sed
2365 3660 2624 3715 divinitus
2644 3661 2909 3726 eruditus,
2932 3676 3093 3731 supra
3123 3677 3438 3721 mensuram

1855 3754 2101 3812 scientiae
2130 3770 2243 3811 sua
2276 3754 2433 3825 longe
2459 3764 2515 3808 et
2544 3754 2653 3808 alte
2691 3762 2960 3809 remotum
2990 3770 3113 3809 esse
3152 3756 3443 3812 confessus

1856 3848 2209 3916 est,sudeaut
2235 3847 2355 3903 falsi
2389 3848 2620 3901 nominis
2640 3856 2908 3901 temerare
2938 3847 3205 3913 doctrina;
3220 3858 3277 3904 et
3305 3852 3441 3905 nihil

1858 3940 1971 3996 illic
1998 3942 2292 4005 occultum,
2323 3937 2457 3994 nihil
2506 3938 2670 3992 velint
2700 3951 2822 3993 esse
2848 3948 3145 4007 secretum,
3180 3939 3268 3995 ubi
3290 3940 3439 4011 Δμω

1857 4034 2031 4089 stolas
2058 4048 2165 4088 non
2191 4035 2318 4103 quid
2366 4034 2708 4088 sentiendum
2741 4039 2886 4085 esset
2915 4033 3150 4100 aperuit,
3183 4040 3279 4089 sed
3308 4034 3436 4104 quid

1858 4145 1967 4184 non
1994 4129 2347 4182 scrutandum
2373 4138 2523 4182 esset
2557 4124 2815 4181 ostendit.
2844 4124 3020 4179 Nullis
3048 4125 3250 4181 etenim
3274 4128 3437 4198 (quod

1859 4233 2021 4287 supra
2056 4218 2166 4286 iam
2197 4217 2456 4287 diximus)
2483 4217 2696 4279 studiis,
2732 4216 2899 4270 nullis
2929 4217 3161 4287 ingeniis
3187 4216 3442 4289 indagare

1858 4324 2175 4365 concessum
2188 4320 2290 4369 est.
2305 4324 2412 4379 quo
2425 4309 2815 4378 judicioquove
2830 4311 3062 4363 concilio
3082 4308 3222 4365 Deus
3239 4311 3442 4367 incom-

1858 4404 2201 4458 mutabiliter
2232 4403 2423 4466 bonus,
2459 4401 2974 4457 inconunutabihter
2997 4401 3194 4470 justus,
3227 4418 3444 4475 semper

1858 4496 2134 4567 prasscitts,
2151 4510 2264 4551 sem
2273 4510 2366 4565 per
2382 4494 2748 4561 omnipotens,
2764 4493 2887 4549 ideo
2902 4495 3140 4549 nuntiant
3162 4496 3443 4552 increduli-

1860 4598 1964 4641 tate
1990 4584 2358 4649 1concluserit,
2390 4596 2445 4639 ut
2476 4584 2707 4638 omnium
2730 4584 3447 4656 iniureatur(li0ttt.m,52t;

153 4673 349 4731 heres
384 4676 597 4731 futurus
630 4686 778 4734 esset
805 4680 1013 4746 mundi,
1043 4698 1142 4735 non
1164 4680 1416 4737 htesitatn‘t
1450 4682 1751 4753 ili/ﬁdentia,
1784 4670 1834 4730 Ι)
1860 4689 1914 4734 et
1933 4688 2112 4734 tamen
2145 4679 2250 4732 illis
2274 4676 2489 4730 saeculis
2516 4674 2711 4744 quibus
2740 4690 2902 4729 unum
2948 4672 3206 4732 iaraelein
3228 4677 3443 4732 erudie-

150 4767 245 4820 sed
274 4768 608 4837 confortatus
645 4781 719 4825 est
758 4771 884 4841 ﬁde,
908 4772 1037 4828 dans
1062 4774 1281 4843 gloriam
1311 4774 1439 4841 Deo,
1482 4788 1528 4828 et
1558 4775 1754 4847 plenis-

1862 4772 1971 4834 bat,
1998 4766 2420 4823 innumerabiles
2451 4765 2678 4835 populus
2692 4766 2979 4836 impiorum
3005 4766 3307 4822 illuminare
3326 4766 3377 4820 di
3392 4797 3405 4809 ς
3420 4798 3439 4808 -

149 4860 286 4915 sime
319 4861 491 4915 sciens
507 4863 755 4932 quoniam
782 4864 920 4933 quod
937 4868 1191 4931 promisit,
1220 4878 1398 4936 potens
1422 4877 1497 4922 est
1518 4878 1563 4921 et
1590 4869 1761 4937 facere
1861 4862 2018 4917 tnleri
2053 4877 2069 4926 ;
2096 4872 2151 4915 et
2180 4874 2322 4913 nunc
2341 4858 2591 4913 eumdem
2611 4857 2888 4925 Israelem,
2919 4859 3091 4913 donec
3118 4858 3393 4914 universis.
3417 4877 3442 4911 s

150 4950 364 5021 (Rom.
396 4967 469 5019 tv,
498 4954 628 5026 20).
659 4954 795 5022 Quis
832 4968 1013 5013 autem
1058 4967 1165 5013 tam
1221 4960 1436 5015 alienus
1480 4970 1568 5015 est
1593 4976 1621 5015 a
1657 4962 1758 5017 lide

1867 4954 2099 5023 gentium
2132 4954 2387 5015 introeat,
2419 4950 2754 5005 obcaecatum
2777 4965 2899 5007 esse
2935 4952 3184 5020 patiatur,
3212 4964 3441 5018 ματριοιιν

147 5045 428 5114 Abrahae,
458 5049 580 5117 quis
603 5056 712 5105 tam
746 5049 986 5122 degener
1011 5052 1080 5107 ab
1110 5054 1486 5108 universarum
1517 5053 1759 5121 gentium

218 5258 252 5290 ⁸
284 5247 356 5306 In
389 5248 589 5327 Leoni!
614 5250 852 5327 editione
892 5249 1158 5306 omittitur
1198 5268 1371 5308 omnes
1385 5269 1405 5318 ;
1428 5256 1604 5327 gquam
1652 5266 1745 5306 vo-

141 5336 274 5377 cem
311 5323 531 5376 eodem
557 5322 807 5391 Prosperi
834 5340 938 5376 non
970 5333 1245 5377 omittunt.

220 5393 252 5431 δ
288 5392 395 5446 Ms.
426 5391 703 5463 .Iuliettsis,
730 5396 999 5463 quisquam
1025 5396 1183 5448 novit.

224 5474 251 5536 ¢_
294 5463 479 5536 ﬁnitio
506 5462 673 5518 Duae.
705 5462 992 5536 et_Cuion.,
1023 5465 1351 5536 signiﬁcavit.

222 5530 256 5573 ⁸
291 5533 426 5589 Mss.
454 5536 642 5588 Camb.
673 5544 725 5588 et
756 5533 839 5589 Jul
871 5575 885 5595 .
912 5550 1025 5587 eam
1055 5530 1264 5588 suum:
1289 5537 1530 5590 revelare.

224 5614 254 5644 ⁸
287 5608 386 5660 Sic
417 5621 469 5658 In
490 5605 727 5658 etlittntte
754 5603 966 5666 [ιθυηὶς.
991 5616 1043 5659 et
1068 5624 1225 5668 supra
1268 5610 1479 5675 legttur.
1520 5612 1583 5661 Αι
1611 5608 1740 5661 editi

140 5693 342 5734 ηοωτι
388 5677 493 5738 hic,
525 5675 891 5746 signiﬁcantes.
924 5677 1077 5729 Prius
1121 5678 1311 5730 melius
1357 5680 1517 5729 serthi
1574 5690 1738 5745 patet,

139 5750 282 5818 quia
336 5761 434 5799 vita
485 5748 779 5816 signantes,
828 5762 923 5812 per
968 5762 1202 5815 expresse
1249 5748 1602 5818 signiﬁcantes
1657 5764 1751 5803 ex-

138 5821 394 5893 ponitur
424 5829 625 5893 postea.

225 5887 250 5930 ⁸
291 5890 480 5954 bidui,
507 5893 677 5955 [actas
714 5898 787 5944 est
833 5888 1090 5959 obediens,
1118 5894 1286 5962 {actus
1319 5900 1389 5945 est
1435 5891 1745 5964 intelligens.

1863 5062 1972 5106 tein
2003 5051 2056 5105 in
2089 5058 2165 5104 tot
2204 5047 2444 5103 millibus
2474 5046 2816 5103 nascentium
2854 5057 3019 5117 atque
3067 5046 3355 5100 morientia
3381 5070 3437 5110 .2,

1856 5248 2087 5303 Verbum
2142 5248 2535 5302 snb<tantivum
2590 5246 2873 5315 utrobique
2911 5242 3180 5299 omittitur
3232 5241 3287 5297 in
3335 5258 3435 5296 ms.

1850 5320 2072 5375 Jultensi
2101 5331 2153 5371 et
2183 5320 2377 5374 Leone.

1925 5400 1949 5437 Β
1981 5392 2076 5445 Ms.
2105 5390 2379 5451 JUllt‘ttSIS,
2414 5389 2634 5442 ntnndus
2664 5388 2969 5440 omnis...“
2998 5383 3221 5441 dederit.

1926 5460 1948 5498 υ
1973 5464 2016 5515 Μ
2034 5494 2067 5513 -.
2093 5461 2372 5521 Jultettsi-.
2403 5461 2456 5513 in
2486 5458 2927 5525 consequentibus.

1930 5532 1941 5568 ί
1980 5532 2090 5585 Vox
2144 5538 2277 5596 lue,
2313 5541 2487 5595 antea,
2530 5536 2680 5583 nhe‘t
2712 5547 2742 5582 a
2798 5529 3167 5597 titanttscripto
3213 5526 3442 5583 JOiit'ltsi

1850 5613 1904 5659 et
1938 5604 2137 5657 Leonte.

1925 5677 1937 5725 t
1977 5676 2098 5729 Mss“.
2129 5672 2317 5727 Ctntlt.
2351 5681 2405 5726 ct
2446 5672 2551 5726 Jul.
2586 5687 2706 5725 cunt
2740 5671 2943 5737 Leone,
2980 5668 3307 5742 negligenda.
3334 5663 3442 5723 Car

1860 5757 1980 5810 tera,
2016 5746 2268 5813 Ht‘qt'ltldtl.

1930 5816 1951 5853 ιε
1984 5816 2079 5869 Μς.
2111 5814 2241 5873 J»l.,
2272 5824 2315 5866 et
2350 5817 2399 5867 in
2431 5816 2529 5866 Ιιης.

1935 5887 1951 5925 ¹
1980 5888 2078 5944 Ms.
2123 5888 2471 5953 CulchI'Ott.,
2501 5889 2752 5939 ditttist't'it
