4014 6348
1094 487 1321 544 CAPUT
1360 488 1548 544 XXIV.

532 608 696 661 Omne
748 603 933 658 bonum
971 605 1021 656 in
1076 604 1279 655 nomine
1307 620 1413 656 esse.
1445 619 1509 656 ex
1540 602 1725 667 gratia,
1749 610 1796 653 et
1823 600 1973 668 ﬁdem
1997 600 2117 653 dari

600 695 701 732 non
726 674 958 747 petitam,
993 688 1046 727 ut
1069 676 1227 743 ipsius
1262 673 1589 740 petitionibus
1611 686 1794 726 cetera
1818 687 1948 725 auita
1989 688 2116 725 cou-

1173 762 1464 817 sequuntur.

607 861 855 925 Abunde,
885 870 1142 931 qttantutn
1172 860 1425 923 arlntror,
1453 859 1534 912 bis
1559 856 1883 912 testimoniis
1913 856 2121 927 (attam-

532 953 612 1009 vis
644 963 697 1009 et
724 953 828 1007 alia
870 955 1195 1007 documenta
1242 952 1517 1020 δείξαιμι-ἰ
1564 946 1873 1019 potuerint)
1897 949 2121 1001 demon-

529 1062 754 1108 stratum
804 1062 881 1105 est
912 1091 926 1114 ,
957 1052 1113 1104 litlem
1156 1065 1259 1118 qua
1286 1050 1616 1119 ju~ttlicatur
1660 1048 1886 1117 impius,
1923 1045 2025 1099 nisi
2055 1060 2120 1100 ex

536 1146 630 1202 Dei
668 1162 889 1199 munere
921 1162 1025 1199 non
1063 1144 1269 1207 haberi,
1300 1157 1528 1209 eamque
1554 1142 1714 1196 nullis
1742 1142 1963 1209 meritis
1988 1154 2125 1208 pra:-

528 1240 846 1295 cedeutilms
879 1238 1035 1292 tribui
1062 1252 1076 1300 ;
1106 1236 1201 1290 sed
1230 1236 1297 1288 ad
1324 1235 1425 1289 hoc
1453 1234 1675 1299 donari,
1704 1245 1760 1287 ut
1784 1232 2111 1303 principium

532 1332 699 1401 possit
719 1346 841 1384 esse
870 1329 1203 1392 meritorum,
1236 1338 1259 1362 ε
1285 1338 1337 1379 el
1367 1343 1486 1380 cum
1524 1328 1634 1395 ipsa
1669 1327 1791 1379 data
1826 1325 1985 1379 fuerit
2014 1338 2122 1378 non

533 1424 719 1493 petita,
750 1422 1044 1492 ipsiusjam
1078 1423 1425 1489 petitionibus
1454 1420 1591 1474 bona
1634 1430 1829 1473 cetera
1859 1416 1887 1455 ι’
1919 1433 2114 1471 conse-

531 1532 672 1589 quan
701 1532 785 1569 ur.
812 1514 964 1571 Unde
994 1516 1238 1585 dumdum
1266 1513 1333 1568 de
1367 1513 1611 1581 plurimis
1648 1511 1969 1566 assumenda
1998 1518 2125 1563 sunt

534 1610 839 1662 testimonia
871 1648 884 1667 ,
932 1622 1054 1675 qua:
1091 1607 1141 1659 in
1175 1606 1489 1661 diversitate
1527 1605 1795 1659 donorum
1836 1602 2128 1656 ostendant

533 1702 719 1771 gratia:
749 1700 879 1771 largi
908 1710 1071 1755 atem.
1101 1701 1176 1755 Ex
1210 1700 1513 1769 Deoituqne
1543 1715 1689 1758 esse.
1711 1708 1771 1751 nt
1796 1700 1957 1751 homo
1986 1696 2124 1750 riam

534 1794 628 1849 Dei
663 1798 822 1859 eligat
863 1802 919 1848 et
953 1805 1009 1847 ut
1060 1808 1243 1860 surgat
1273 1810 1300 1846 a
1330 1796 1509 1862 lapsu,
1562 1794 1796 1858 psaltnus
1845 1790 2129 1844 ltavidicus

1162 372 1220 432 S.
1262 364 1596 428 PROSPERI
1639 364 1962 439 AQUITANI
2001 364 2228 424 OPERA
2272 358 2595 421 ΙΝιῖεῆτῶ
2636 354 3156 420 AUCTOMTATIS.

3706 354 3806 419 680

2141 491 2187 546 Α
2220 481 2338 552 Dei,
2370 495 2419 538 et
2452 491 2658 537 tntttuttt
2689 484 2742 537 in
2764 482 2957 535 studiis
3006 482 3118 535 suis
3170 488 3485 547 prnunciam,
3552 490 3808 552 quntum

2224 578 2312 633 ille
2340 576 2365 615 ι
2390 580 2690 633 donaverit.
2720 580 3198 645 Quantumcumque
3235 575 3537 629 laborat'erit
3577 581 3727 630 homo
3759 587 3811 629 ut

2223 684 2441 744 quierat,
2465 690 2566 727 non
2608 674 2869 734 inveniet;
2899 684 2945 724 et
2973 673 3326 741 quodcumque
3369 672 3557 725 dixerit
3614 674 3811 738 sapiens

2225 778 2281 820 ut
2331 768 2479 829 sciat,
2537 783 2638 819 non
2689 768 2871 837 poterit
2911 765 3153 817 invenire.
3196 762 3331 829 Quia
3388 764 3686 818 universum
3724 764 3813 817 huc

2231 858 2250 899 ι
2277 863 2395 915 dedi
2425 863 2476 914 in
2508 877 2593 913 cor
2625 876 2814 920 meum,
2846 870 2893 913 et
2915 876 3002 912 cor
3031 874 3195 910 meum
3226 860 3515 910 universum
3545 856 3648 909 Itoc
3675 856 3809 920 tidit,

2225 955 2344 1024 quia
2374 963 2419 1005 et
2442 954 2575 1025 justi
2598 960 2643 1004 et
2673 969 2768 1019 sup
2791 964 2951 1015 entes,
2976 963 3023 1003 et
3046 951 3369 1017 operationes
3388 964 3564 1003 eorum
3584 949 3643 1001 in
3662 964 3814 1000 manu

2231 1046 2325 1099 Dei
2356 1043 2559 1113 (Eccle.
2593 1060 2706 1105 \‘Ill.
2745 1043 2845 1110 l7;
2901 1054 2950 1097 et
3004 1063 3121 1113 cap.
3152 1059 3227 1101 Ix.
3258 1042 3334 1113 ί).
3371 1042 3425 1096 In
3453 1044 3594 1097 libro
3643 1052 3845 1104 autem.

2226 1138 2515 1206 Snpieltlitc
2562 1139 2630 1191 de
2684 1140 2875 1191 eodem
2903 1139 3088 1207 gratia:
3110 1152 3279 1206 opere
3314 1138 3381 1187 itu
3411 1137 3614 1188 dit-itur
3641 1137 3816 1197 sane.

2229 1234 2364 1284 nium
2402 1233 2513 1289 ipse
2548 1243 2597 1285 et
2623 1230 2886 1301 sapientiae
2904 1232 3013 1283 dua:
3039 1238 3145 1295 est,
3177 1238 3224 1283 et
3243 1229 3550 1297 sapientium
3579 1228 3814 1282 emenda-

2230 1335 2327 1380 tor.
2346 1322 2409 1376 In
2434 1340 2589 1376 manu
2611 1326 2745 1376 enim
2767 1324 2906 1376 illius
2925 1336 2969 1375 et
2984 1340 3096 1387 nos,
3113 1334 3427 1379 etsermones
3447 1324 3639 1389 nostri,
3660 1336 3813 1378 etalt-

2229 1418 2309 1470 nis
2328 1421 2603 1483 sapientia,
2634 1426 2680 1469 et
2709 1432 2923 1483 operum
2952 1417 3246 1478 scientia,et
3260 1417 3534 1484 disciplina
3559 1415 3809 1485 (εαρλψ,

2233 1510 2300 1564 15
2322 1518 2366 1562 et
2400 1509 2509 1577 l6).
2542 1512 2614 1561 lle
2658 1517 2940 1564 continent
2964 1526 2993 1563 ιι
3048 1525 3282 1579 quoque,
3317 1511 3461 1580 quod
3488 1528 3557 1565 ex
3591 1510 3691 1565 Dei
3724 1510 3811 1566 ita.

2232 1600 2425 1655 bentur
2480 1615 2727 1668 munere,
2785 1601 2975 1655 eadem
3015 1603 3293 1668 Scriptura
3321 1604 3401 1656 sic
3431 1598 3718 1671 loquiiur:
3753 1600 3812 1657 Ut

2228 1693 2355 1746 scivi
2380 1693 2505 1762 quia
2552 1693 2699 1746 aliter
2738 1710 2841 1746 non
2883 1710 3089 1760 possum
3111 1710 3218 1747 esse
3244 1696 3535 1758 continens,
3564 1696 3671 1748 nisi
3690 1693 3812 1750 Deus

2233 1783 2337 1841 det.
2368 1795 2415 1835 et
2446 1782 2543 1836 hoc
2570 1784 2741 1852 ipsum
2771 1796 2880 1838 erat
2908 1787 3191 1856 sapientia,
3213 1788 3345 1839 scire
3393 1788 3543 1857 cujus
3571 1800 3706 1842 esset
3732 1790 3812 1841 hoc

538 1887 679 1941 canit
714 1890 921 1946 ιΙίιδειηε,
948 1889 989 1941 Α
1023 1888 1240 1941 Domino
1270 1904 1470 1958 gressus
1502 1888 1720 1940 hominis
1753 1887 2059 1957 dirigentur,
2084 1897 2131 1939 et

2249 1876 2429 1927 tonum
2472 1875 2628 1944 (Sap.
2674 1889 2785 1940 νιιι,
2812 1876 2877 1928 21
2902 1879 2944 1945 ).
2977 1878 3072 1929 Cui
3102 1888 3385 1931 senti-utne
3411 1877 3569 1932 Pauli
3593 1880 3809 1947 apostoli

546 1980 677 2034 vium
704 1981 815 2049 ejus
845 1982 992 2033 volet.
1040 1980 1167 2033 Cum
1203 1980 1472 2042 cec.derit,
1519 1997 1619 2033 non
1678 1977 1954 2032 collidetur
1975 2018 1989 2043 ,
2014 1980 2135 2046 quia

544 2069 797 2126 Dominus
851 2083 1093 2145 supponit
1144 2090 1351 2125 manum
1402 2088 1551 2126 suam
1583 2070 1766 2143 (Psul.
1796 2086 1980 2135 xxxvi,
2012 2068 2127 2137 τιὸ).

544 2163 677 2220 Item
712 2166 873 2229 idem,
904 2168 1047 2235 quod
1075 2167 1211 2219 duce
1232 2164 1680 2218 lienvcniaturnd
1709 2164 1873 2216 Deum
1904 2179 1918 2213 :
1950 2162 2137 2216 Emitte

540 2255 706 2310 lucem
730 2266 869 2309 tuam
898 2268 941 2310 et
964 2259 1222 2309 veritatem
1248 2268 1386 2308 tuam
1414 2296 1426 2317 ,
1458 2256 1568 2323 ipsa
1599 2272 1679 2309 me
1705 2258 2059 2321 deduxerunt,
2088 2266 2134 2307 et

544 2351 873 2404 addua'erunt
916 2352 968 2403 in
1008 2362 1226 2403 montem
1264 2364 1493 2403 sanctum
1535 2361 1677 2403 tuum
1703 2390 1717 2408 .
1745 2360 1790 2403 et
1819 2350 1872 2402 in
1903 2347 2137 2400 taberna-

541 2444 659 2494 culu
688 2453 775 2493 tua
808 2446 824 2508 (
855 2440 1000 2494 l’sal.
1036 2457 1142 2495 sui
1168 2483 1183 2504 ,
1209 2444 1242 2495 3
1263 2445 1304 2511 ).
1347 2444 1472 2494 Item
1497 2443 1638 2509 quod
1674 2450 1695 2477 ε
1724 2439 1788 2513 in_
1811 2440 2035 2493 Domino
2066 2440 2133 2493 sit

541 2530 777 2585 ilOllIitt's
808 2533 1085 2595 fortitudo,
1107 2546 1162 2587 et
1198 2533 1287 2586 Det
1319 2536 1565 2585 Voluntas
1590 2531 1881 2599 pt'uwettiut
1902 2531 2137 2585 liberan-

541 2621 667 2674 dum
694 2638 706 2673 :
737 2617 1146 2685 Fortitudinem,
1174 2617 1201 2656 ἀ
1239 2622 1431 2690 inquit,
1461 2637 1624 2674 meant
1652 2630 1718 2676 ad
1747 2634 1794 2675 te
1820 2623 2136 2687 custodiam;

544 2713 665 2782 quia
694 2713 831 2766 Deus
858 2724 1121 2784 susceptor
1150 2730 1293 2766 meus
1327 2729 1345 2766 :
1380 2711 1519 2766 Deus
1542 2730 1702 2774 meus.
1735 2712 2005 2767 °voluntas
2025 2716 2137 2784 ejus

544 2808 815 2876 praeveniet
840 2822 916 2858 me
950 2806 1119 2876 (Psal.
1157 2821 1311 2864 LVIII.
1351 2807 1461 2875 l0).
1500 2808 1556 2860 In
1593 2809 1901 2863 Proverbiis
1924 2825 2140 2879 quoque

546 2899 771 2967 legimus
795 2900 864 2952 de
895 2901 1159 2967 sapientia
1194 2911 1247 2953 et
1279 2900 1573 2965 intellectu,
1602 2901 1860 2967 Quoniam
1885 2901 2138 2956 Dominus

547 2991 633 3041 dat
662 2992 986 3059 sapientiam.
1019 2999 1065 3043 et
1088 3007 1120 3043 a
1150 2990 1285 3057 [acie
1324 2994 1435 3060 ejus
1488 2993 1700 3045 scientia
1755 3002 1804 3045 et
1856 2994 2139 3046 intellectus

551 3080 728 3153 (Prov.
765 3099 823 3148 tt,
852 3084 933 3154 6).
965 3083 1096 3137 Item
1123 3087 1173 3137 in
1227 3087 1416 3139 eodem
1452 3088 1587 3139 libro
1629 3086 1696 3139 de
1724 3086 2142 3155 dispensationi-

552 3173 656 3229 bus
683 3176 962 3243 sapientia:
996 3177 1110 3240 Dei,
1136 3177 1253 3231 sine
1282 3194 1383 3245 qua
1427 3178 1589 3231 nulla:
1615 3188 1777 3232 recta:
1808 3189 1931 3232 sunt
1972 3178 2140 3234 actio-

2238 1971 2481 2021 d-tctrina
2505 1972 2799 2023 Cttllt‘Ot‘dal
2823 1971 2874 2022 in
2909 1974 3077 2038 prima
3106 1972 3172 2023 ad
3198 1971 3510 2025 Corinthios
3540 1971 3662 2026 haec
3695 1975 3811 2027 scri-

2238 2061 2458 2116 bentis:
2507 2060 2630 2115 Volo
2678 2072 2844 2114 autem
2887 2078 3065 2116 omnes
3115 2062 3346 2116 homines
3374 2078 3483 2118 esse
3526 2065 3665 2118 sicut
3724 2080 3811 2118 nte-

2238 2154 2440 2223 ipsum;
2462 2156 2550 2207 sed
2574 2156 2921 2225 unusquisque
2942 2157 3209 2222 proprium
3233 2154 3591 2209 habetdonum
3619 2172 3684 2210 es:
3701 2155 3809 2219 Deo,

2241 2247 2377 2299 alius
2422 2246 2516 2308 sic,
2550 2254 2590 2282 ω
2620 2248 2752 2299 alius
2794 2262 2908 2298 vero
2957 2248 3030 2299 sic
3064 2247 3105 2319 (Ι
3139 2245 3261 2300 Cor.
3294 2262 3387 2311 vn,
3434 2248 3511 2317 7).
3568 2247 3812 2303 Dominus

2242 2354 2373 2393 vero
2407 2343 2456 2391 in
2489 2339 2783 2413 Evangelio
2812 2340 3114 2394 secundum
3149 2341 3455 2395 Mattismum
3488 2341 3811 2397 lm-cdecon-

2242 2431 2481 2485 liuentia:
2511 2432 2655 2484 dono
2688 2432 2992 2487 insinuasse
3026 2445 3296 2488 narratur.
3332 2434 3652 2489 Dicetttibus
3679 2450 3808 2492 nant-

2240 2541 2346 2595 que
2388 2525 2665 2594 discipulis
2713 2530 2848 2592 Suis,
2885 2527 2946 2582 Si
2990 2529 3060 2580 ita
3086 2538 3161 2582 est
3205 2546 3361 2582 causa
3382 2531 3479 2582 viri
3509 2546 3628 2583 cum
3649 2546 3810 2597 uxore,

2243 2634 2342 2670 non
2370 2620 2571 2686 expedit
2596 2618 2821 2682 nubere;
2859 2618 2993 2671 dixnt
3026 2622 3133 2672 illis
3160 2620 3349 2683 ΙΙυειις,
3382 2619 3509 2674 Non
3554 2637 3813 2675 omnesco-

2245 2710 2392 2777 piunt
2443 2712 2647 2763 verbum
2688 2711 2848 2778 istud,
2897 2712 2987 2765 sed
3016 2712 3197 2781 quibus
3213 2712 3393 2766 datum
3447 2723 3525 2768 est
3558 2722 3587 2750 ιι
3613 2712 3809 2786 (Κακὴ.

2246 2816 2357 2865 nx,
2398 2800 2460 2856 lt)
2486 2812 2530 2854 et
2566 2800 2678 2872 il).

2316 2892 2392 2946 De
2453 2896 2648 2947 timore
2680 2894 2771 2947 Dei
2812 2906 2867 2948 et
2916 2899 3179 2967 sapientia
3230 2898 3299 2952 ita
3344 2899 3396 2952 in
3444 2900 3815 2956 Ecclesiastico

2246 2984 2460 3054 legitur.
2495 2983 2699 3039 Corona
2728 2988 2993 3056 sapientite
3033 2990 3185 3042 timor
3214 2989 3445 3055 Domini,
3486 3002 3691 3062 utraque
3723 3008 3813 3045 ast-

2243 3086 2342 3130 tem
2372 3078 2505 3129 dona
2532 3090 2650 3131 sunt
2682 3075 2780 3132 Dei
2804 3078 2991 3151 (Eccli.
3018 3096 3057 3143 ι,
3088 3080 3167 3150 2).
3199 3083 3325 3136 Item
3359 3093 3384 3119 υ
3415 3085 3467 3136 in
3496 3083 3704 3153 eodem,
3733 3082 3815 3137 Ti-

2244 3184 2356 3221 mor
2383 3168 2588 3223 Domini
2617 3188 2767 3239 super
2791 3174 2963 3224 omnia
2993 3183 3019 3222 Ρ
3039 3190 3093 3227 se
3122 3178 3450 3244 superposuit
3480 3190 3502 3229 :
3522 3176 3695 3229 beatus
3722 3176 3816 3228 cui

555 3281 685 3331 nes,
739 3268 808 3321 ita
838 3268 1065 3334 dicitur,
1095 3268 1272 3322 Meum
1316 3272 1583 3323 consilium
1612 3280 1658 3323 et
1690 3288 1802 3323 mea
1832 3272 2012 3337 tutela,
2048 3288 2137 3342 ego

2249 3262 2491 3315 donatum
2520 3273 2592 3315 est
2628 3264 2813 3318 habere
2833 3266 3067 3318 timorem
3116 3266 3322 3321 Domini
3343 3267 3534 3339 (Eccli.
3561 3285 3685 3331 xxv,
3710 3267 3812 3338 ιι).

554 3362 849 3431 prudentia.
883 3379 993 3415 mea
1023 3372 1193 3415 autem
1220 3364 1401 3416 t-irtus.
1434 3362 1537 3416 Per
1563 3380 1640 3418 me
1668 3382 1810 3435 reges
1830 3378 2064 3435 regnant,
2094 3373 2144 3419 et

554 3456 762 3525 tyranni
785 3470 877 3517 per
906 3470 985 3507 me
1013 3455 1235 3509 obtinent
1262 3464 1454 3508 tcrrnm
1486 3456 1668 3524 (Prov.
1698 3472 1813 3523 vui,
1844 3458 1905 3511 M
1931 3458 1970 3525 ).
2014 3457 2142 3512 Item

555 3547 705 3609 alibi,
736 3547 879 3615 quod
912 3563 1069 3601 nemo
1095 3548 1266 3615 possit
1297 3560 1442 3604 recte
1470 3552 1745 3615 incedere,
1779 3551 1879 3605 Ilisi
1916 3551 2145 3607 Domino

559 3640 823 3709 dirigcnle
847 3658 859 3692 :
886 3642 931 3693 Α
962 3639 1182 3693 Domino
1214 3639 1232 3677 τ
1260 3644 1591 3715 corriguntur
1624 3660 1827 3712 gressus
1852 3645 1983 3707 viri,
2010 3662 2147 3698 mor-

558 3731 678 3784 talis
706 3743 878 3783 autem
905 3731 1159 3801 quomodo
1194 3731 1444 3804 intelligat
1473 3734 1639 3804 880
1665 3737 1772 3786 vias
1810 3750 1928 3787 suas
1964 3728 2145 3802 (Ριὸυ.

560 3838 657 3887 xx,
685 3820 786 3893 25)
814 3822 990 3877 lltem
1022 3824 1149 3876 alibi
1178 3842 1188 3874 :
1222 3823 1403 3877 Omnis
1439 3825 1515 3877 vir
1565 3826 1770 3878 videtur
1798 3826 1895 3878 sibi
1946 3830 2147 3898 justus,

560 3916 740 3986 dirigit
770 3924 942 3969 autem
970 3915 1126 3968 corda
1154 3914 1408 3969 Dominus
1439 3914 1855 3985 (Prov.xn.2).
1877 3917 1942 3970 Et
1964 3920 2043 3971 inl’
2046 3933 2101 3971 ra
2130 3933 2147 3974 :

562 4006 906 4077 Praparatur
932 4010 1165 4063 voluntas
1192 4026 1223 4062 a
1250 4008 1470 4061 Domino
1499 4007 1683 4077 (Prov.
1704 4025 1932 4075 \tttt,sec.
1953 4010 2042 4064 LX
2051 4010 2147 4081 Χ).

562 4098 695 4154 Item
747 4097 944 4151 ibidem
999 4099 1065 4153 de
1116 4101 1445 4168 cogilattmte
1475 4111 1634 4167 atque
1664 4100 1889 4154 Consilio
1920 4119 1932 4155 :
1970 4101 2152 4157 Multa:

563 4191 895 4263 cogitationes
922 4192 972 4243 in
1001 4191 1154 4243 corde
1179 4191 1297 4257 viri,
1329 4193 1602 4245 consilium
1628 4202 1797 4245 autem
1830 4193 2036 4247 Domini
2064 4198 2153 4248 ob-

565 4284 691 4337 tinet
725 4285 741 4352 (
776 4282 930 4335 Prov.
972 4299 1082 4347 xu,
1140 4282 1211 4336 20
1244 4280 1286 4352 ).
1326 4284 1382 4336 ln
1436 4284 1577 4339 libro
1629 4300 1756 4339 vero
1816 4286 2156 4340 Eetelesiusta:

566 4384 593 4423 ι
612 4376 886 4441 scribitur,
915 4379 1054 4443 quod
1077 4390 1127 4429 et
1153 4375 1353 4432 Inibi-re
1376 4382 1705 4445 necessaria,
1729 4391 1781 4434 et
1799 4396 1878 4436 eis
1898 4382 2034 4436 bene
2052 4382 2151 4451 uti,

566 4468 765 4523 donum
808 4471 877 4523 sit
908 4469 1004 4524 Dei
1032 4510 1046 4533 ,
1090 4467 1213 4523 Non
1244 4480 1346 4536 est,
1388 4472 1581 4540 inquit,
1611 4474 1797 4526 bonum
1828 4475 2020 4526 hontint
2054 4476 2154 4527 nisi

566 4564 702 4635 quod
732 4559 758 4599 ³³
780 4563 1103 4617 manducavit
1134 4579 1178 4617 et
1207 4564 1350 4631 bibit,
1384 4577 1429 4618 et
1468 4567 1688 4618 ostendit
1727 4568 1913 4620 anima:
1936 4582 2044 4621 sua
2065 4568 2155 4622 bo-

2246 3357 2412 3412 lsaias
2442 3374 2658 3427 quoque
2681 3362 2747 3415 de
2774 3361 2976 3414 divitiis
3005 3362 3362 3430 spiritalibus,
3387 3380 3617 3434 quarum
3644 3371 3818 3418 auctor

2248 3466 2331 3511 est
2365 3454 2645 3517 Dominus,
2678 3454 2749 3509 ita
2780 3456 3014 3526 loquitur
3048 3474 3061 3509 :
3088 3454 3153 3511 In
3179 3457 3437 3512 thesauris
3483 3460 3629 3513 salus
3661 3468 3818 3513 nostra

2248 3549 2473 3615 advenit,
2508 3550 2779 3619 sapientia.
2808 3561 2855 3603 et
2887 3554 3069 3616 pietas,
3101 3562 3149 3604 et
3170 3552 3445 3621 disciplina
3490 3569 3523 3604 α
3575 3551 3819 3605 Domino:

2250 3640 2304 3692 Ιιί
2325 3650 2441 3693 sunt
2470 3642 2700 3694 thesauri
2725 3642 2940 3711 justitia'
2962 3640 3095 3711 (Isai
3140 3658 3267 3708 ιιν,
3296 3658 3397 3696 sec.
3428 3641 3626 3711 LXX).
3658 3652 3686 3693 (ι
3706 3641 3822 3697 Item

2251 3733 2317 3786 de
2341 3734 2623 3787 altitudine
2668 3735 2976 3789 divitiarum
3006 3736 3287 3803 sapientia:
3333 3746 3387 3791 et
3436 3737 3676 3792 scientiae
3706 3736 3824 3800 Dei,

2251 3826 2403 3893 cujus
2439 3825 2651 3881 bonitas
2680 3828 2876 3880 nullius
2927 3829 3121 3883 merito
3161 3830 3510 3895 prevenitur,
3542 3830 3652 3884 haec
3668 3829 3826 3883 dicit:

2255 3916 2381 3981 Quis
2406 3934 2609 3972 mensus
2636 3928 2710 3973 est
2740 3934 2893 3973 manu
2914 3937 3121 3987 aquam,
3144 3932 3191 3976 et
3215 3923 3402 3976 caelum
3432 3924 3621 3990 palmo,
3643 3931 3687 3975 et
3711 3921 3826 3975 uni-

2253 4023 2451 4062 t‘ersam
2477 4020 2666 4063 terram
2686 4012 2925 4081 pugillo?
2954 4013 3084 4080 Quis
3106 4016 3283 4069 statuit
3311 4028 3508 4070 montes
3541 4019 3593 4069 in
3617 4015 3764 4080 libra,
3784 4026 3829 4067 et

2254 4114 2406 4171 rupes
2429 4103 2593 4174 εει
2623 4106 2671 4156 in
2696 4106 2928 4159 statera?
2960 4107 3088 4169 Quis
3111 4110 3341 4180 cognovit
3368 4124 3575 4163 sensum
3607 4106 3826 4171 Domini,

2256 4204 2344 4247 aut
2391 4199 2504 4264 quis
2545 4199 2657 4269 ejus
2708 4198 2807 4266 fuit
2845 4200 3186 4263 consiliarius.
3222 4202 3309 4267 qui
3336 4202 3724 4255 instruateum?
3747 4208 3829 4252 aut

2256 4305 2405 4358 quem
2425 4291 2705 4353 causuluit,
2733 4304 2778 4344 et
2800 4291 3043 4345 instruxit
3093 4293 3245 4346 eum?
3279 4291 3355 4345 vel
3401 4295 3515 4361 quis
3550 4292 3766 4347 ostendit
3788 4290 3831 4343 ei

2250 4380 2529 4449 judicium,
2558 4390 2649 4433 aut
2678 4382 2809 4434 viam
2839 4384 3124 4445 prttdentite
3149 4384 3264 4447 quis
3292 4386 3513 4437 ostendit
3537 4385 3601 4439 ei.
3632 4384 3708 4437 vel
3727 4380 3832 4451 quis

2258 4473 2399 4541 prior
2447 4473 2587 4526 dedit
2609 4475 2674 4539 ei,
2709 4484 2752 4527 et
2786 4475 3089 4528 retribuetur
3111 4476 3189 4529 illi
3215 4473 3369 4543 (Isui.
3399 4492 3497 4538 ιι..
3532 4476 3599 4530 ιιι
3630 4472 3831 4545 seqq)?

2264 4562 2415 4618 Unde
2442 4576 2494 4617 et
2525 4562 2577 4617 in
2610 4565 2748 4618 libr"
2774 4566 2875 4619 Job
2904 4565 3197 4621 secundum
3233 4568 3486 4622 eumdem
3520 4582 3732 4622 sensum
3763 4566 3835 4619 le-

565 4677 687 4713 num
717 4659 770 4712 in
801 4660 973 4713 labore
1011 4675 1125 4713 suo.
1162 4655 1227 4710 Et
1258 4660 1459 4728 quidem
1491 4659 1506 4696 ί
1534 4657 1645 4713 haec
1667 4660 1771 4712 vidi
1799 4676 1924 4730 ego,
1970 4663 2094 4732 quia
2126 4680 2156 4714 u
2187 4656 2238 4715 D
2264 4669 2429 4724 gunlu
2486 4657 2696 4711 Dotlttni
2730 4662 2887 4711 verba
2920 4658 3170 4719 dicentis,
3200 4659 3329 4727 Quis
3356 4670 3475 4714 ante
3497 4661 3634 4714 dedit
3674 4657 3795 4712 mihi
3818 4701 3831 4722 ,

565 4768 723 4805 manu
746 4750 841 4805 Dei
870 4761 961 4805 est.
1001 4751 1259 4819 Quoniam
1295 4752 1407 4819 quis
1466 4752 1795 4806 manducubit
1843 4763 1933 4806 aut
1985 4766 2155 4820 pascet

567 4846 754 4911 absque
786 4847 877 4899 illo
900 4844 1103 4918 (Eecle.
1136 4862 1188 4907 ν.
1216 4845 1348 4909 l7)?
1377 4845 1508 4899 Item
1540 4846 1595 4899 in
1625 4848 1818 4901 eodem
1852 4848 1989 4902 libro
2023 4848 2037 4899 i
2081 4849 2159 4905 le-

569 4944 727 5008 gitur,
755 4940 899 5009 quod
944 4940 1103 4995 corda
1137 4952 1191 4996 et
1215 4956 1377 5011 opera
1424 4940 1696 5010 juswrum
1744 4943 1796 4997 in
1838 4958 1999 4999 manu
2046 4949 2156 4999 sint

638 5113 665 5142 ι
704 5102 871 5173 Alias,
906 5111 960 5156 ut
988 5103 1256 5173 eumipsa.

635 5173 664 5213 δ
706 5172 761 5227 In
793 5172 993 5230 Leone.
1020 5172 1374 5238 conterantur.

640 5256 663 5283 ε
708 5243 805 5298 Ms.
832 5243 1110 5307 .loltensis,
1147 5260 1197 5295 nt
1218 5244 1324 5297 Deo
1346 5245 1432 5298 sit.

636 5314 665 5352 ‘
706 5314 800 5368 IL.
831 5314 936 5370 Jul.
971 5319 1159 5368 otnttlit
1189 5316 1373 5384 inquit.

643 5394 667 5459 ξ
830 5388 1176 5447 (ὶτιιιιοριυιιιιη
1214 5387 1566 5441 misericordia
1584 5388 1713 5459 ejus.

644 5452 666 5493 ί
708 5456 802 5529 με.
833 5459 1105 5529 Julii-mis.
1139 5458 1455 5529 dtriguntur.

641 5536 667 5576 s
710 5527 836 5582 Mss.
868 5526 1187 5581 Cntubernn.
1209 5526 1263 5583 ei
1291 5532 1517 5597 Jolten.,
1547 5530 1812 5597 scribitur;
1837 5530 1963 5585 item
1985 5530 2155 5585 editio

571 5596 785 5657 Leonis.
814 5599 939 5659 Alli.
969 5603 1177 5655 dicitur.

640 5667 671 5709 ³
713 5671 783 5725 Ita
814 5687 922 5722 mss
976 5670 1082 5720 Cat.
1111 5672 1162 5723 It.
1199 5682 1249 5723 et
1276 5672 1363 5727 Jol
1396 5717 1409 5733 ,
1436 5685 1485 5727 et
1506 5672 1699 5729 Leottis
1720 5673 1915 5729 editio:
1942 5673 2149 5739 exteri,

571 5748 778 5797 mndut
801 5754 846 5792 et
877 5742 925 5793 bi
962 5751 1033 5795 at.
1061 5753 1107 5793 et
1136 5748 1388 5797 os'eudut.

650 5813 667 5850 ι
712 5814 809 5867 Me.
843 5813 1123 5875 ,ιιιιιι-ιιδομ,
1149 5817 1240 5864 hoc
1266 5832 1356 5879 ego
1385 5816 1485 5867 ridi

647 5881 665 5936 l
714 5887 806 5936 Ns.
831 5883 1108 5945 Joltettsts,
1134 5888 1380 5949 loquitur.

2266 4761 2319 4805 ut
2351 4750 2631 4804 retribuam
2662 4750 2738 4803 illi
2764 4750 2788 4802 .9
2818 4751 3003 4804 Omnia
3027 4766 3142 4821 qua
3164 4753 3254 4805 sub
3273 4751 3401 4806 caelo
3426 4763 3564 4818 sunt,
3600 4768 3705 4806 mea
3725 4758 3837 4804 sunt

2266 4844 2412 4913 (Job.
2444 4860 2551 4908 xu,
2577 4844 2657 4914 Ξ).
2690 4845 2953 4897 Jeremias
3008 4860 3138 4899 vero
3167 4846 3311 4915 qund
3336 4862 3366 4900 a
3397 4846 3510 4901 Deo
3539 4846 3606 4899 sit
3637 4840 3834 4898 homini

2270 4953 2292 4981 τ
2324 4958 2451 4997 veru
2484 4940 2769 5011 sapientia,
2803 4940 2881 4996 sic
2915 4940 3159 5012 profatur
3194 4956 3207 4994 :
3241 4940 3386 5004 Scio,
3436 4940 3670 5002 Domine,
3721 4937 3835 5007 quis

2336 5101 2359 5140 "
2402 5103 2528 5158 Mss.
2562 5103 2886 5158 Catnlteron.
2912 5115 2961 5155 et
2988 5103 3114 5157 Jul”
3148 5101 3385 5155 voluerit.

2340 5172 2357 5212 ι
2413 5176 2612 5231 Leonis
2638 5176 2805 5231 editio
2841 5176 3023 5230 habet.
3054 5174 3197 5227 dedit
3221 5177 3270 5226 in
3301 5190 3390 5226 cor
3418 5190 3603 5229 meum.

2334 5255 2375 5283 ¹¹³
2419 5246 2514 5302 Ms.
2552 5247 2825 5310 .Iolicnsis,
2855 5246 2988 5298 alius
3017 5257 3188 5298 autent
3217 5246 3311 5300 sic.

2334 5325 2363 5353 ⁸³
2404 5320 2498 5373 Hic
2532 5320 2649 5371 ltln-i
2685 5316 3021 5380 Prnsperinni
3055 5318 3259 5369 addunt
3286 5333 3318 5369 a
3353 5314 3512 5370 Ρωιί
3542 5332 3677 5381 mea;
3720 5328 3839 5380 quae

2264 5390 2427 5444 verba
2464 5407 2563 5443 nec
2593 5388 2644 5441 in
2673 5405 2772 5442 ms.
2804 5388 3049 5447 ιιιιΙιμιιδι,
3084 5402 3171 5439 aut
3220 5387 3413 5441 Μίνως
3460 5389 3709 5447 editione,
3745 5402 3839 5437 nec

2268 5462 2321 5514 in
2350 5469 2495 5513 textu
2527 5461 2797 5529 Evangelii
2829 5458 3018 5515 Gt'wco
3043 5468 3139 5512 aut
3174 5459 3369 5513 Latino
3400 5459 3685 5517 habentur.
3712 5455 3842 5510 Ideo

2258 5547 2321 5585 ea
2347 5548 2633 5585 ετιιδιιιιιιε.

2330 5607 2357 5636 ο
2398 5602 2494 5653 Ms.
2528 5601 2804 5669 Joliensis,
2838 5604 2900 5656 de
2920 5604 3117 5663 eodem.

2330 5682 2357 5722 ι’
2400 5673 2493 5726 Ms.
2520 5673 2652 5747 tot"
2685 5681 2888 5731 utilissu
2915 5692 2989 5741 se,
3040 5675 3201 5730 habet
3227 5678 3589 5747 superposuit;
3616 5680 3796 5747 postea
3821 5708 3837 5733 ο

2257 5745 2487 5799 limarem
2518 5742 2632 5800 Dei.

2334 5825 2364 5866 ιι
2400 5820 2494 5869 Ms.
2519 5816 2801 5881 .Ioliensis,
2832 5817 2979 5873 Idem
3007 5821 3070 5872 de
3090 5821 3383 5875 altitudine.
3595 5876 3600 5884 _

2337 5894 2361 5924 ⁸
2398 5888 2489 5943 Sic
2520 5903 2623 5943 ms.
2654 5887 2763 5945 ιυι.
2796 5906 2859 5947 ac
2886 5891 3081 5947 Leonis
3110 5892 3296 5947 editio.
3321 5894 3425 5949 Alii
3455 5894 3685 5952 codices.
3703 5894 3846 5947 tm
