4014 6348
1031 341 1118 402 DE
1156 341 1550 403 VOCATIONE
1587 342 1852 402 OMNIUM
1891 342 2204 404 GENTIUM
2255 344 2462 404 LIBER
2505 343 2546 403 I.

3357 344 3471 418 68!

176 477 280 516 non
303 459 452 513 estin
475 457 683 512 homine
711 458 793 512 ria
823 461 959 529 ejus.
997 472 1090 510 nec
1115 458 1208 511 viri
1255 470 1327 512 est
1363 469 1416 512 ut
1456 459 1646 529 dirigat
1685 460 1780 512 iter
1808 462 1858 519 Α
1883 459 2103 528 riviﬁcat
2131 459 2208 529 (ll
2252 457 2375 515 Cor.
2424 475 2501 523 ut.
2541 460 2576 516 4
2613 462 2797 533 seqq.).
2831 446 2898 518 Et
2935 463 3131 520 iterum
3181 466 3235 520 in
3279 469 3473 528 eadem

174 569 322 610 suum
345 550 562 622 (lerem.
591 567 643 615 ι,
669 550 784 616 25).
820 549 952 605 Item
984 549 1126 619 qunti
1147 561 1171 587 ’⁸
1202 550 1269 604 ad
1296 550 1463 606 Deum
1486 549 1774 605 coiiversio

173 647 353 703 curtlis
375 661 442 699 νε
481 646 592 699 lleo
616 644 708 704 sit,
744 659 839 711 per
867 643 1040 709 ipsum
1069 643 1327 697 Daiuitius
1351 652 1697 712 protestatur,
1721 648 1776 697 et

175 739 302 794 dicit
333 756 345 792 :
387 737 670 790 Restituam
705 737 822 789 illos
851 737 904 789 in
931 745 1120 790 terram
1152 736 1337 800 istam,
1363 734 1390 773 δ
1422 746 1469 789 et
1490 737 1775 801 recedi/ica-

175 833 259 898 ιο,
293 843 340 884 et
371 848 471 885 non
501 831 534 883 d
566 843 783 894 struam,
817 839 868 884 et
889 830 1130 895 pluntabo
1159 848 1262 894 eos,
1289 841 1340 885 et
1379 847 1483 885 non
1524 832 1769 898 evellam,

175 937 222 980 et
255 929 391 981 dabo
421 925 525 980 illis
553 943 640 980 cor
670 936 725 980 ut
754 928 919 980 sciant
948 943 1063 992 me;
1091 928 1211 998 quia
1243 945 1335 999 ego
1357 944 1470 982 sum
1502 927 1771 995 Dominus,

177 1027 222 1074 ct
242 1032 393 1071 erunt
415 1019 540 1071 mihi
569 1019 619 1071 in
650 1020 914 1090 populum.
941 1029 987 1072 et
1011 1035 1104 1089 ego
1133 1036 1218 1073 ero
1241 1020 1346 1073 illis
1374 1023 1424 1073 in
1457 1020 1777 1090 Deum,quia

176 1122 534 1166 convertentur
557 1111 627 1164 ad
676 1127 754 1164 me
782 1128 850 1165 ex
887 1121 993 1165 toto
1037 1115 1189 1164 corde
1215 1129 1308 1167 suo
1334 1110 1465 1182 (Jer.
1493 1128 1638 1177 utv,
1667 1113 1701 1168 6
1729 1124 1774 1168 et

174 1209 330 1270 ιαμ).
373 1215 396 1242 ε
440 1203 647 1258 liat'ﬂch
685 1220 897 1272 qtttultte
936 1203 1194 1272 pru'tlical
1241 1205 1382 1272 ιμιιιιΙ
1411 1216 1463 1254 ιιι
1494 1203 1636 1258 Deus
1679 1219 1775 1259 co-

174 1307 488 1367 gnoscatur.
512 1311 577 1350 ex
607 1298 716 1349 ιιυιι
746 1297 837 1348 sit.
868 1295 932 1348 Et
957 1297 1140 1356 scient,
1174 1296 1363 1364 inquit,
1387 1296 1506 1364 quia
1535 1313 1627 1365 ego
1672 1296 1777 1349 Do-

177 1387 346 1440 minus
379 1385 517 1440 Deus
549 1387 780 1447 illarum.
814 1396 860 1439 et
887 1387 1017 1440 dabo
1044 1386 1150 1440 illis
1195 1404 1282 1440 cor
1306 1389 1647 1458 cognoscendi
1671 1405 1772 1455 me,

177 1487 223 1532 et
249 1495 407 1531 aures
446 1479 692 1530 audiendi
719 1476 968 1546 (Boruch.
998 1492 1059 1544 tl,
1089 1476 1202 1544 δι).

245 1571 407 1634 Quod
439 1583 618 1621 autem
649 1584 810 1622 nmine
839 1569 1060 1621 \‘csltllltt
1091 1568 1126 1622 b
1149 1583 1325 1633 ouum,
1355 1578 1408 1622 et
1447 1587 1608 1625 omne
1637 1587 1775 1640 opus

184 1671 433 1715 salictum
467 1660 902 1714 suhtuinistiatiu
933 1659 1005 1714 ιιι
1030 1663 1264 1729 Spiritus
1293 1663 1490 1728 Sancti,
1521 1664 1638 1717 sine
1668 1677 1776 1732 quo

180 1753 311 1808 Ith
348 1765 500 1808 reete
546 1749 574 1791 ἀ
614 1760 825 1817 agatur,
860 1753 913 1806 in
944 1767 1113 1820 prtum
1143 1754 1208 1805 ad
1237 1751 1548 1808 Curiutbttls
1581 1755 1776 1808 l'aulus

1882 549 2146 621 Epistula,
2179 550 2194 590 ί
2224 553 2412 608 dicens
2443 555 2710 609 bonorum
2741 571 2964 622 onerum
2996 558 3249 614 ellectum
3277 572 3333 617 et
3358 562 3474 618 suf-

1878 643 2166 698 ﬁcientiam
2199 661 2227 696 ιι
2267 646 2356 700 llei
2388 648 2558 716 gratia
2594 648 2885 703 ministrari
2919 665 2934 705 :
2972 648 3162 705 l‘olei-s
3181 666 3254 706 est
3275 669 3468 722 autem,

1880 734 2076 806 inquit,
2108 736 2244 791 Deus
2271 755 2468 794 onmem
2499 745 2720 811 gratiam
2757 742 2770 793 t'
2811 744 3076 798 abundare
3103 747 3274 816 [atere
3297 749 3351 802 in
3378 765 3469 806 vo.

1879 831 1955 883 bis
1987 846 2004 883 .'
2036 838 2090 882 ut
2136 832 2190 883 in
2220 833 2453 885 omnibus
2481 850 2571 904 per
2597 837 2768 888 omnia
2800 837 3154 906 sufﬁciennam
3205 837 3471 907 habentes,

1879 922 2152 976 abundetis
2211 925 2263 976 in
2296 940 2443 976 onme
2482 943 2609 994 opus
2643 927 2871 994 bonum;
2912 933 3042 984 sicut
3071 932 3320 996 scriptum
3347 945 3419 987 est
3453 950 3472 990 :

1883 1015 2161 1085 Dispersit,
2189 1017 2329 1069 dedit
2357 1019 2686 1088 pauperibus,
2703 1022 2910 1091 justitia
2927 1025 3041 1094 ejus
3065 1031 3239 1078 manet
3260 1024 3313 1077 in
3331 1037 3456 1078 a'ter

1881 1125 2004 1163 num
2053 1109 2153 1174 Qui
2180 1122 2350 1161 autem
2391 1111 2646 1164 ministrat
2677 1129 2849 1166 semen
2873 1116 3178 1179 seminanti,
3207 1127 3256 1170 st
3285 1131 3475 1187 panem

1879 1203 1948 1252 ad
1990 1201 2410 1253 manducandum
2466 1204 2725 1268 pra'stabit
2759 1245 2773 1265 ,
2826 1213 2875 1258 et
2920 1208 3121 1275 augebit
3160 1207 3479 1264 incrementa

1881 1292 2328 1363 frugnmjustitiae
2349 1302 2549 1355 vestrm,
2576 1306 2630 1345 ut
2652 1294 2703 1346 in
2728 1295 2962 1350 omnibus
2985 1298 3287 1364 locuplstati
3308 1300 3476 1353 abun.

1881 1383 2013 1437 detis
2039 1386 2091 1436 in
2118 1400 2317 1437 omnem
2342 1385 2724 1452 sitttplit'ilalettt
2751 1385 2924 1453 (Psal.
2959 1403 3034 1452 ut,
3068 1391 3150 1457 9).
3178 1390 3257 1443 Ad
3287 1389 3474 1461 Ephe-

1879 1475 1992 1528 sios
2018 1489 2145 1529 vero
2169 1477 2415 1529 SCI‘IhCIIS
2441 1475 2735 1544 Apvstolus
2765 1476 2924 1530 ducet.
2949 1480 3090 1546 quod
3119 1480 3299 1533 omnia
3333 1480 3474 1536 bona

1880 1567 2075 1636 quibus
2109 1567 2348 1635 placetur
2382 1567 2512 1632 Deo,
2546 1569 2686 1621 dona
2713 1571 2822 1621 sint
2850 1569 2943 1622 Dei
2969 1585 2984 1632 ;
3015 1582 3070 1624 et
3096 1570 3238 1638 quod
3267 1571 3334 1623 ιιιι
3357 1570 3478 1638 ipso

1881 1661 1990 1731 peti
2040 1670 2292 1730 aparteat
2343 1670 2398 1714 ιιι
2448 1678 2509 1715 ea
2570 1677 2675 1715 non
2709 1659 2732 1700 κ
2763 1660 3094 1718 habentibus
3125 1665 3475 1717 tribuantur:

1882 1749 2060 1821 Hujus
2088 1754 2183 1814 rei,
2217 1755 2408 1822 inquit,
2442 1756 2607 1824 gratia
2636 1755 2785 1825 [lecto
2832 1771 2998 1822 genua
3037 1769 3148 1807 mea
3173 1759 3240 1808 ad
3268 1751 3480 1809 Patrem

179 1847 458 1911 a,stt§h°|ll\
482 1848 864 1907 tluct-t,tlicens
899 1863 912 1897 :
948 1843 1078 1899 Ideo
1108 1856 1283 1900 notam
1315 1851 1450 1901 vobis
1479 1849 1614 1918 facio
1637 1849 1776 1916 quod
1813 1856 1856 1915 Β
1886 1842 2096 1898 Domini
2125 1851 2282 1899 nostri
2307 1844 2431 1898 Iesu
2460 1843 2674 1912 Christi,
2709 1861 2773 1899 ta:
2800 1861 2899 1916 quo
2927 1849 3093 1900 omnis
3117 1847 3398 1915 paternitus
3425 1846 3481 1903 its

179 1956 322 1993 nemo
348 1941 403 1990 in
433 1937 639 2003 Spintu
687 1936 784 1991 Dei
827 1938 1038 2002 loquens
1067 1941 1190 1990 d.cit
1223 1943 1500 1994 anathema
1529 1940 1676 1995 Jesu.
1712 1939 1776 1996 Et

179 2047 325 2085 nemo
357 2039 524 2102 potest
555 2031 724 2082 dicere
770 2028 1046 2082 Dominum
1084 2027 1285 2093 Jesnm,
1329 2031 1427 2084 ni.i
1471 2033 1524 2084 in
1574 2033 1776 2103 Spiritu

179 2138 377 2177 sanc.o.
435 2121 719 2174 Diuisiones
763 2137 880 2174 vero
925 2123 1210 2190 gratiarum
1256 2131 1398 2183 sunt,
1441 2123 1576 2178 idem
1608 2135 1778 2178 autent

180 2213 449 2284 Spiritus;
477 2223 523 2265 et
549 2214 822 2266 divisiones
845 2213 1279 2268 ministrationum
1301 2225 1442 2279 sunt,
1463 2217 1596 2271 idem
1609 2228 1779 2271 autent

181 2302 460 2368 Dominus;
473 2318 517 2359 et
531 2305 804 2359 divisiones
820 2306 1180 2373 Operationum
1191 2308 1470 2373 sunt,ide:n
1487 2323 1602 2362 vero
1619 2308 1777 2376 Deus,

178 2401 261 2472 qui
285 2414 534 2464 operatur
562 2400 734 2452 omnia
757 2399 806 2450 in
828 2399 1079 2452 omnibus.
1111 2397 1400 2470 Unicuique
1426 2412 1594 2453 autem
1623 2405 1782 2455 datur

179 2494 527 2563 manifestatia
545 2491 776 2559 Spiritus
793 2493 861 2545 ad
885 2494 1180 2546 utilitatem.
1208 2493 1313 2547 Alii
1335 2495 1537 2555 assident
1553 2511 1643 2562 per
1657 2495 1784 2566 8ρὶ-

181 2589 337 2640 ritum
369 2590 526 2638 datur
556 2601 723 2639 sermo
758 2587 1044 2650 sapientia.
1071 2587 1160 2636 alii
1183 2599 1352 2638 autem
1373 2601 1542 2638 sermo
1555 2602 1782 2642 scientia

180 2682 464 2734 secundum
486 2687 716 2732 eumdem
732 2679 1004 2746 Spiritum,
1024 2683 1173 2731 al:crt
1204 2679 1333 2746 ﬁdes
1356 2688 1378 2715 ε
1393 2680 1444 2730 in
1463 2681 1636 2732 eodem
1661 2679 1786 2752 Spi-

180 2774 308 2839 ritu,
322 2775 417 2827 alii
435 2775 604 2843 gratia
614 2775 893 2827 sanitatum
912 2773 966 2826 in
983 2789 1085 2825 uno
1106 2774 1421 2842 Spiritu,alii
1435 2776 1781 2843 prophetatio,

182 2866 278 2919 alii
304 2867 546 2920 discretio
592 2867 888 2936 spirituum,
917 2866 1011 2919 alii
1040 2881 1226 2936 gessero
1251 2867 1563 2937 linguarum,
1586 2870 1678 2922 alii
1704 2870 1780 2922 in-

184 2961 485 3027 terpretatio
511 2975 821 3011 sermonum.
840 2956 969 3011 Huic
990 2970 1160 3011 autem
1186 2963 1356 3012 omnia
1379 2971 1623 3028 operatur
1651 2979 1785 3018 unus

181 3066 337 3120 atque
388 3053 524 3106 idem
580 3053 852 3118 δριιίιιιες,
910 3052 1141 3107 dividens
1199 3055 1416 3124 sittgults
1466 3067 1620 3124 pout
1679 3057 1785 3110 vult

184 3143 246 3214 (Ι
278 3141 402 3199 Cor.
455 3159 550 3205 xu.
584 3146 618 3198 5
647 3161 765 3213 seqq
793 3146 835 3214 ).
881 3144 1115 3197 'I'autum
1165 3160 1292 3199 \ero
1341 3163 1786 3217 unumquemque

1880 1937 2006 1992 calo
2036 1939 2167 1990 etin
2211 1950 2347 1992 tetra
2393 1939 2726 1999 nominatur,
2777 1950 2830 1992 ut
2879 1939 2962 1992 det
3017 1941 3153 1993 vobis
3198 1940 3482 1994 secundum

1881 2029 2087 2082 divitias
2127 2029 2306 2098 glaria:
2335 2045 2441 2083 sua:
2473 2028 2490 2066 ι
2523 2031 2753 2088 ςὶνιιιιεῖιι
2801 2031 3122 2084 corroborari
3175 2049 3266 2103 per
3311 2032 3482 2100 Spiri-

1883 2129 1988 2172 tum
2011 2126 2122 2182 ejus
2149 2120 2202 2172 in
2228 2121 2472 2173 interiore
2498 2119 2722 2186 homine,
2755 2124 2984 2174 habitare
3005 2120 3270 2176 Christum
3297 2138 3388 2193 per
3417 2122 3482 2190 ﬁ-

1882 2215 1998 2270 dem
2030 2217 2082 2269 in
2109 2217 2349 2270 cordibus
2376 2220 2550 2272 uestris
2569 2235 2587 2271 .·
2601 2219 2654 2272 in
2679 2219 2934 2273 charitate
2953 2221 3174 2275 radicati
3193 2233 3241 2275 et
3263 2220 3481 2290 ﬁrmati,

1883 2317 1938 2361 ut
1989 2308 2195 2378 possitis
2235 2311 2663 2380 comprehendere
2700 2327 2816 2364 cum
2866 2313 3095 2366 omnibus
3126 2315 3338 2378 sanctis,
3370 2328 3484 2382 qua

1884 2406 1948 2453 sit
1988 2401 2206 2456 latitudo
2251 2413 2300 2456 et
2351 2403 2640 2475 longitudo,
2675 2404 2968 2458 sublimitas
3019 2418 3064 2460 et
3117 2407 3434 2475 pro/undam
3460 2423 3483 2470 ,-

1884 2499 1924 2528 ω
1973 2493 2106 2546 scire
2161 2500 2313 2546 etiam
2382 2497 2837 2560 supereminemem
2892 2498 3117 2550 scientiae
3180 2495 3486 2552 charitatem

1885 2581 2108 2645 Christi,
2158 2594 2210 2638 ut
2250 2583 2570 2654 impleamini
2620 2587 2671 2638 in
2699 2604 2899 2641 onmem
2948 2587 3317 2655 plenitudinem
3362 2587 3484 2644 Dei.

1887 2672 1952 2728 Et
1976 2679 2249 2746 autemqni
2272 2692 2451 2747 potens
2481 2689 2553 2731 est
2589 2682 2758 2732 omnia
2782 2684 2954 2748 facere
2979 2683 3486 2747 superabundantius

1885 2785 2036 2836 quam
2066 2770 2308 2835 petimus,
2366 2779 2457 2822 aut
2513 2771 2845 2842 intelligmtus
2871 2816 2885 2841 ,
2937 2775 3218 2826 secundum
3247 2775 3486 2830 uirtutem

1886 2877 1990 2928 qua
2019 2872 2263 2930 operatur
2292 2862 2344 2915 in
2376 2861 2521 2916 nobis
2547 2907 2562 2932 ,
2620 2864 2719 2932 ipsi
2766 2864 2934 2933 gloria
2961 2864 3016 2918 in
3046 2862 3280 2920 Ecclesia
3333 2875 3382 2919 et
3425 2865 3484 2921 in

1888 2956 2095 3011 Christo
2125 2954 2272 3021 Jesu,
2306 2959 2360 3011 in
2389 2958 2560 3011 omnia
2591 2955 2784 3012 saecula
2811 2961 3136 3013 seculorum.
3188 2959 3374 3016 Amen.

1960 3050 2148 3104 UtlttttS
2178 3063 2357 3103 autem
2394 3049 2519 3103 boni
2567 3050 2734 3104 Deum
2783 3066 2907 3105 esse
2955 3064 3057 3104 auc
3082 3066 3278 3114 orem,
3331 3051 3487 3122 cujus

1890 3143 2033 3198 dona
2067 3159 2164 3197 nec
2187 3152 2212 3180 ιι
2231 3143 2435 3199 incerta
2465 3155 2613 3211 sunt,
2639 3158 2740 3198 nec
2759 3144 3171 3208 mutabilia,sed
3191 3159 3256 3199 ex
3283 3152 3487 3201 aeterna

187 3236 390 3289 habere
419 3237 627 3305 gratiae.
661 3247 919 3303 quantum
959 3234 975 3272 τ
1014 3235 1274 3290 Dutttitius
1305 3240 1608 3305 uanas-erit,
1639 3240 1780 3294 idea.
1811 3234 1858 3298 C
1892 3239 2170 3290 voluntate
2197 3235 2492 3290 venientia.
2523 3235 2758 3290 lat-obus
2789 3238 3075 3305 aposmlus
3103 3240 3176 3290 ita
3210 3237 3490 3305 loquitur:

185 3331 467 3390 aposmlus
515 3330 581 3381 ait
630 3329 896 3396 Ephesius
924 3331 1000 3384 ait
1034 3348 1047 3384 :
1085 3329 1256 3385 Unum
1299 3347 1508 3396 corpus,
1557 3342 1605 3386 ct
1648 3351 1782 3389 unus

186 3419 431 3487 spiritus,
456 3419 588 3473 sicut
617 3421 782 3473 iocati
813 3425 936 3474 estis
963 3422 1014 3474 in
1040 3439 1141 3472 ano
1166 3439 1253 3492 ipe
1275 3426 1553 3477 vocationis
1581 3441 1778 3481 vestra.

190 3506 336 3565 Unus
371 3509 649 3579 Dominus,
685 3528 790 3564 una
817 3511 969 3579 ﬁdes,
1003 3529 1160 3565 unum
1185 3513 1461 3579 baptisma,
1481 3532 1612 3569 unus
1644 3515 1785 3572 Deus

185 3613 232 3658 et
258 3613 406 3672 pater
434 3605 694 3669 omnium,
752 3607 840 3674 qui
887 3613 913 3652 s
960 3623 1114 3675 super
1163 3622 1336 3660 omnes
1375 3617 1485 3670 est,
1532 3619 1578 3662 et
1629 3627 1786 3678 super

185 3695 385 3762 omnia,
409 3706 456 3748 et
485 3695 536 3747 in
559 3696 794 3748 omnibus
823 3696 984 3749 nobis.
1017 3693 1306 3766 Unicuique
1341 3713 1511 3752 autem
1550 3712 1784 3756 nostrum

186 3788 310 3842 data
338 3797 414 3841 est
442 3789 612 3860 gratia
641 3788 924 3842 secundum
944 3806 1236 3843 mensuram
1250 3791 1545 3846 donationis
1569 3792 1786 3860 Christi;

185 3889 398 3950 propter
417 3881 555 3950 quod
580 3882 705 3934 dicit
727 3896 746 3934 .'
767 3883 1056 3934 Ascendens
1077 3884 1130 3936 in
1153 3885 1339 3947 altmn,
1359 3889 1609 3956 captiuam
1638 3888 1787 3941 duxit

185 3972 553 4042 captivitatem,
586 3973 727 4025 dedit
950 3975 1084 4027 dorsa
1114 3975 1404 4029 hominibus
1436 3977 1656 4050 (Ep/tes.
1690 3994 1740 4033 tv
1768 4020 1786 4046 ,

185 4063 221 4119 6
251 4065 442 4136 seqq.).
468 4064 600 4121 Item
649 4064 789 4120 idem
839 4086 890 4120 ιιι
922 4069 1157 4122 secunda
1199 4071 1265 4122 ad
1307 4071 1623 4126 Cmintluos
1655 4073 1790 4130 dicit

185 4157 331 4226 quod
387 4174 456 4211 ne
485 4158 553 4212 ad
583 4159 930 4226 cogitandam
959 4160 1176 4230 quidem
1222 4162 1365 4228 quod
1423 4164 1674 4232 Spiritale
1703 4175 1791 4222 est

191 4248 372 4305 iduttei
399 4252 591 4314 simus.
622 4252 724 4306 nisi
761 4270 854 4322 per
883 4254 1108 4323 gratiam
1143 4256 1232 4309 Dei
1267 4274 1281 4309 :
1316 4255 1588 4311 Fiduciam
1616 4269 1789 4313 autem

190 4343 348 4397 talem
401 4341 650 4396 habemus
689 4359 781 4415 per
830 4343 1086 4398 Christum
1130 4347 1198 4398 ad
1245 4345 1408 4400 Deum
1439 4363 1457 4399 :
1506 4365 1606 4402 non
1653 4351 1790 4419 quod

189 4431 495 4502 suﬁcientes
536 4435 698 4487 simus
745 4433 945 4504 aliquid
990 4437 1214 4505 cogitare
1259 4455 1291 4491 a
1328 4439 1494 4502 nobis,
1534 4444 1684 4510 quasi
1729 4459 1794 4497 es:

192 4526 606 4590 nobismetipsis;
636 4527 726 4580 sed
755 4524 780 4562 δ
813 4527 1112 4597 sufﬁcientia
1157 4546 1188 4581 ιι
1225 4529 1299 4582 bis
1332 4546 1394 4584 ea:
1429 4531 1532 4584 Deo
1559 4545 1670 4598 est,
1703 4536 1791 4605 qui

1891 3328 2069 3382 Nolite
2102 3344 2301 3392 errare,
2336 3333 2550 3396 fratres,
2585 3334 2684 3381 mei
2716 3329 2911 3387 dilecti.
2946 3328 3112 3382 Omne
3140 3331 3320 3381 datum
3351 3327 3493 3398 opti-

1888 3440 2048 3488 mum,
2084 3436 2128 3476 et
2161 3439 2307 3476 omne
2337 3424 2528 3476 donum
2554 3421 2834 3493 perfectura
2857 3423 3126 3475 desursum
3165 3431 3261 3482 est.
3280 3422 3491 3475 descen-

1888 3517 2012 3571 dens
2043 3532 2076 3569 a
2105 3515 2266 3571 Patre
2319 3515 2572 3570 luminum
2599 3556 2614 3581 ,
2645 3517 2786 3585 apud
2816 3532 2965 3586 quem
2996 3532 3099 3569 non
3127 3527 3202 3569 est
3231 3525 3492 3569 transmu-

1891 3611 2040 3676 tatio,
2075 3625 2166 3661 nec
2196 3609 2562 3662 vicissitudinis
2602 3609 2938 3662 obumbratio.
3000 3606 3303 3662 Voluntarie
3357 3607 3492 3663 enim

1889 3704 2066 3776 genuit
2097 3719 2191 3755 nos
2223 3702 2369 3756 verbo
2408 3703 2659 3764 veritatis.
2716 3712 2772 3754 ut
2818 3703 2977 3756 simus
3027 3703 3231 3755 initium
3278 3702 3491 3771 aliquod

1891 3804 2142 3848 creatura
2169 3797 2282 3866 ejus
2313 3791 2521 3863 (Jacob.
2556 3810 2594 3855 I,
2625 3793 2696 3848 16
2723 3802 2772 3846 et
2804 3792 2918 3862 17).
2951 3792 3049 3847 L‘ui
3103 3803 3158 3847 et
3200 3792 3493 3849 Zacharias

1892 3888 2160 3956 propheta
2210 3888 2472 3946 cuncintt.
2523 3885 2758 3940 dicens:
2793 3894 2816 3920 °
2850 3885 3083 3940 Sall-avit
3130 3885 3381 3939 Dominus
3437 3885 3494 3941 in

1893 3982 1976 4034 die
2023 3981 2118 4034 illa
2168 3980 2301 4032 sicut
2350 3994 2462 4032 oves
2494 3978 2743 4048 papulum
2771 3994 2946 4042 suum,
3002 3979 3248 4047 quoniam
3294 3977 3494 4045 lapides

1894 4074 2058 4126 sancti
2107 4073 2381 4125 volvuntur
2410 4087 2564 4142 sup.'r
2595 4080 2786 4124 terram
2815 4072 3002 4140 ipsius.
3053 4070 3189 4135 Quia
3229 4070 3394 4142 883
3446 4070 3497 4125 si

1893 4165 2014 4235 quid
2045 4167 2232 4218 bonum
2255 4205 2271 4228 ,
2323 4165 2485 4232 ipsius
2513 4173 2611 4229 est,
2663 4174 2710 4217 et
2739 4165 2783 4218 si
2813 4164 2937 4231 quid
2966 4163 3236 4233 optimum,
3286 4165 3349 4218 ab
3378 4166 3494 4234 ipso

1895 4266 1967 4312 est
1999 4255 2190 4320 (Zuch.
2222 4272 2303 4324 Ix,
2332 4257 2397 4312 Ili
2418 4269 2465 4311 et
2500 4258 2614 4327 17).
2642 4256 2700 4312 Ιιι
2731 4258 3021 4326 Evangetio
3045 4273 3172 4311 vero
3197 4257 3494 4315 secundum

1897 4351 2205 4406 Mattlmuin
2230 4392 2246 4416 ,
2278 4351 2422 4421 quod
2454 4360 2481 4400 ι)
2511 4351 2736 4406 scientia
2768 4358 2826 4404 ct
2854 4351 3161 4405 intellectus
3205 4350 3349 4405 dona
3385 4351 3497 4407 sint

1899 4445 2016 4508 Dei,
2046 4464 2166 4516 qua:
2197 4447 2395 4518 quibus
2418 4447 2654 4502 voluerit
2687 4447 2970 4515 largiatur,
3005 4447 3077 4501 ita
3101 4447 3326 4502 dicitur:
3350 4445 3496 4503 Tunc

1897 4542 2196 4595 accedentes
2228 4541 2473 4608 discipuli
2502 4542 2614 4612 ejus
2639 4582 2655 4605 ,
2686 4541 2928 4594 dixerunt
2957 4543 3024 4607 ei,
3060 4541 3234 4606 Quare
3256 4545 3310 4596 in
3339 4557 3497 4614 para-

189 4625 240 4668 et
287 4617 500 4670 idoneos
547 4619 666 4686 fecit
700 4635 793 4670 nos
820 4620 1082 4672 ministros
1131 4621 1244 4672 novi
1297 4619 1635 4690 Testamenti,
1689 4642 1789 4680 non
1825 4627 1870 4687 D
1899 4632 2029 4687 bolis
2059 4635 2285 4697 loqueris
2334 4637 2402 4685 ad
2443 4635 2569 4686 eos?
2600 4633 2664 4686 At
2694 4633 2804 4701 ipse
2832 4636 3148 4700 respondens
3175 4677 3191 4701 ,
3223 4635 3298 4688 ait
3345 4634 3453 4689 illis
3476 4673 3496 4700 ,

191 4710 389 4774 littera,
421 4710 511 4766 sed
536 4711 744 4780 spiritu.
771 4710 965 4766 Littera
991 4714 1126 4768 enim
1151 4716 1356 4782 occidit,
1377 4717 1590 4788 spiritus
1618 4730 1789 4776 autem
1903 4724 2042 4791 Quia
2070 4726 2206 4780 vobis
2234 4726 2411 4779 datum
2442 4733 2515 4778 est
2546 4741 2694 4779 nosse
2724 4727 2966 4796 mysteria
3013 4729 3156 4798 regni
3199 4725 3445 4781 calorum
3475 4767 3496 4796 ,

192 4858 473 4922 sapientia.

267 4935 296 5001 ‘-
331 4922 438 5001 με.
471 4918 754 5001 ltiliettiis,
787 4922 857 4974 ad
886 4919 1184 5001 Dominum.

232 5063 244 5074 _
267 4989 298 5031 δ
329 4990 529 5046 Leonis
555 4994 744 5056 editio,
779 5004 824 5047 et
853 4995 1144 5063 a'tliﬁcabo,
1172 4998 1308 5052 sicut
1337 4997 1390 5053 in
1417 4997 1640 5071 Vulgata
1668 5015 1793 5058 ver-

194 5077 431 5216 {mauis};
462 5149 592 5188 mss.
621 5135 945 5216 Cumberon.
979 5149 1031 5194 et
1060 5138 1165 5194 ιυι.
1196 5155 1259 5195 ac
1290 5139 1458 5196 Leon.
1492 5142 1625 5198 edit.
1659 5144 1795 5212 Alii,

197 5204 338 5261 Item
365 5206 503 5259 idem
534 5209 838 5273 prmdicans.

275 5277 299 5315 ἀ
466 5277 737 5352 .luttcnsts,
770 5283 967 5352 agitur.

274 5359 298 5426 ξ
331 5349 428 5403 ιι..
458 5349 741 5426 Jul-ensis,
783 5349 835 5405 ιῑι
865 5370 966 5409 uno
995 5353 1218 5426 Spiritu.
1259 5355 1404 5412 lnl'ra
1435 5356 1654 5426 Colon.,
1685 5361 1798 5416 sin-

193 5422 320 5494 gula
352 5430 501 5489 prout
531 5425 652 5475 υιιιι.
1040 5422 1049 5426 ’

279 5492 298 5531 ί
335 5495 436 5548 Ms.
465 5491 739 5559 Jutieusis,
773 5495 1035 5551 donaverit
1065 5499 1219 5555 Deus.

276 5572 300 5612 s
333 5565 431 5619 his.
463 5567 567 5640 Jul.
597 5581 642 5618 et
674 5582 827 5635 super
848 5586 1050 5634 omnes,
1075 5584 1124 5625 et
1153 5589 1242 5640 per
1263 5575 1457 5639 omnia,
1488 5577 1620 5631 utin
1652 5584 1799 5632 utro-

196 5651 308 5708 que
338 5638 585 5708 apostoli
618 5649 786 5692 textu.

277 5706 304 5788 ξ
462 5708 567 5788 lol.
601 5721 658 5788 ut
687 5710 739 5762 in
770 5719 917 5765 textu
945 5714 1187 5788 Apustali
1217 5758 1232 5780 ,
1264 5718 1567 5788 snﬂicientia
1607 5732 1804 5776 nostra.

285 5776 301 5856 ξ
463 5780 569 5862 Jul.
604 5782 810 5862 docens.
940 5776 1258 5854 t't'alfecmm
1282 5776 1731 5862 etusuﬂicieutiam.

1987 5799 2016 5840 ρ
2046 5791 2172 5843 Mss.
2215 5789 2406 5862 (gaiub.
2447 5776 2504 5845 et
2545 5790 2650 5848 Jol.
2698 5799 2754 5848 et
2781 5790 2984 5852 Leonis
3017 5791 3222 5860 editio,
3272 5786 3508 5849 scientia.

283 5849 300 5903 ι
333 5849 462 5907 Mss.
494 5855 747 5906 uati-tier.
779 5866 831 5908 ut
871 5857 1004 5927 .lol.,
1033 5849 1380 5916 abundantem
1409 5849 1603 5934 facere.
1915 5861 2045 5933 Alit,
2075 5860 2319 5918 scientia.

487 5945 762 6016 Panos.
811 5946 914 6012 ω.
1084 6048 1088 6051 Ι
2990 5957 3072 6025 22

1975 4858 2000 4897 ⁸
2032 4861 2104 4914 Ita
2136 4875 2266 4913 mss.
2298 4859 2618 4916 Cantbernn.
2667 4871 2720 4915 et
2749 4861 3002 4916 Joliensis
3026 4879 3145 4917 cum
3170 4861 3366 4919 Leonis
3391 4864 3502 4924 edi-

1903 4933 2070 4986 tione.
2101 4935 2226 4998 Alii,
2262 4941 2316 4984 ut
2347 4948 2448 4985 non
2478 4934 2776 4987 habentibus
2806 4936 3015 4989 tribua'.

1967 5000 1998 5126 ἐ
2038 5002 2220 5085 Ειιιιιυ
2265 5003 2465 5058 Leonis
2496 5015 2552 5059 ut
2584 5006 2638 5058 in
2667 5015 2815 5060 tutu
2848 5005 3110 5074 Apostnli,
3153 5005 3337 5062 virtute
3381 5023 3504 5064 cor-

1998 5091 2156 5126 Ot'ttt’t.

1905 5090 2156 5129 γουσι-(ιη.

1979 5155 2018 5182 ιη
2055 5147 2208 5212 ηειο,
2242 5149 2374 5201 scire
2410 5148 2566 5202 etiam
2606 5149 2925 5203 exciderant
2953 5163 2980 5200 a
3024 5147 3275 5218 Prosperi
3323 5147 3496 5206 libris.

1909 5216 2264 5272 Restituimus
2292 5234 2357 5274 ex
2392 5235 2521 5273 mss.
2568 5218 2890 5274 Camberon.
2922 5229 2977 5272 ct
3003 5218 3107 5272 Jul.
3158 5216 3213 5274 et
3258 5218 3501 5278 editione

1908 5287 2127 5352 Leonis,
2153 5304 2273 5343 cum
2307 5292 2554 5357 lcgantur
2580 5298 2628 5343 in
2659 5301 2811 5344 textu
2844 5291 3104 5354 Aposmli.

1909 5432 1920 5442 .
1979 5369 2007 5396 ιι
2040 5363 2135 5414 Ms.
2161 5365 2270 5442 ρυι.
2304 5374 2360 5416 ct
2385 5362 2517 5416 edit.
2550 5361 2742 5431 Leon.,
2780 5363 2971 5414 incerta
2997 5372 3136 5416 sunt.
3170 5360 3313 5416 Editi
3365 5360 3500 5434 alii,

1903 5445 2099 5486 incerta
2127 5443 2248 5486 sint.

1981 5513 2006 5538 ο
2034 5505 2123 5559 Sic
2166 5505 2332 5557 editio
2382 5503 2580 5560 Leonis
2618 5518 2738 5557 cum
2775 5504 2938 5558 Dnac.
2970 5515 3023 5559 et
3055 5503 3243 5560 Colon.
3273 5502 3374 5561 Ms.
3407 5503 3508 5560 Jo-

1907 5575 2066 5630 liens.
2095 5587 2143 5630 et
2175 5579 2358 5630 Lovan
2390 5616 2406 5641 ,
2437 5575 2672 5639 satiabit,
2717 5591 2775 5628 ιιι
2814 5577 2866 5630 ιιι
2899 5586 3043 5630 testu
3068 5574 3381 5643 Scriptura,
3413 5575 3505 5634 ubi

1907 5647 1960 5702 iu
1993 5647 2453 5718 tunseqitctitibus
2480 5649 2766 5716 uolt-eatur,
2802 5662 2908 5702 nou
2939 5647 3235 5716 volvuntur,
3263 5648 3409 5718 quod
3439 5648 3508 5701 ιι-

1917 5719 1998 5774 bri
2032 5731 2198 5773 ΙιοδιΓι
2230 5734 2421 5772 astutos
2447 5718 2762 5788 praeferunt.
