4014 6348
1073 321 1599 386 ῦΕθνΟῦΑτΙΟΝΕ
1637 323 1907 385 OMNIUM
1945 322 2258 383 αεΝτιυιι
2296 321 2502 383 LIBER
2529 326 2599 383 ιι.

2084 246 2127 256 -ι,
2398 229 2516 256 ..ν’-’-

3362 333 3473 393 sos

186 451 298 511 ﬁeri
342 440 923 514 voluia'eonstst'non
972 444 1131 503 aliter
1159 446 1276 503 ﬁeri
1317 447 1574 502 debuisse
1615 460 1776 516 quam
1807 455 1856 516 Α
1885 460 1961 501 sa:
1979 445 2088 501 sint
2109 444 2292 502 virere
2329 446 2692 514 voluntatem,
2724 461 2832 505 non
2861 448 2938 507 ita
2964 461 3026 508 se
3054 456 3232 509 tamen
3270 459 3477 511 aeterna

188 542 372 600 voluit.
407 541 717 597 Posteriure
754 557 886 598 vero
912 549 1178 608 tempore,
1227 555 1348 594 cum
1375 540 1486 608 jam
1520 539 1778 595 liutninus

187 636 336 692 lcsus
362 635 416 690 in
451 635 544 690 llei
589 632 762 687 l'atris
789 634 960 702 gloria
993 631 1324 693 consideret.
1372 642 1427 687 et
1459 631 1779 702 prmdicatoc

188 745 270 785 res
329 731 479 781 vi-rbi
534 737 790 791 suscepto
849 727 1064 791 negotio
1111 726 1474 788 tleseivirent,
1533 727 1779 780 volentes

188 820 412 888 apostoli
455 817 830 890 evang-litare
868 819 1035 891 890
1063 823 1288 873 verbum
1338 819 1392 874 in
1443 820 1588 879 A~ia,
1640 820 1780 872 vetiti

189 924 300 968 sunt
341 913 406 966 ab
439 911 642 982 Spiritu
686 922 884 979 sancto,
927 923 981 964 et
1020 911 1374 980 disponentes
1401 913 1479 966 ire
1509 913 1560 965 iu
1596 911 1783 983 Bnby—

191 1012 354 1072 uiam,
402 1006 652 1075 prohibiti
699 1016 825 1060 sunt
873 1004 942 1058 ab
986 1006 1189 1075 Spltiltl
1232 1005 1360 1060 Jesu
1413 1006 1550 1076 (Act.
1604 1022 1710 1072 xw,
1746 1006 1780 1060 6

191 1112 229 1156 tl
277 1099 335 1167 τ)
367 1117 379 1152 :
413 1115 516 1153 ιιοιι
567 1101 752 1167 utique
796 1108 988 1167 negata
1038 1099 1142 1151 ills
1186 1100 1396 1166 populis
1449 1100 1642 1168 gratia,
1684 1099 1777 1153 sed

191 1207 450 1266 quantum
503 1195 787 1262 apparuit,
845 1181 1139 1246 retardata.
1201 1190 1332 1246 Nam
1366 1201 1390 1228 ι
1438 1191 1779 1261 postmodum

191 1289 354 1346 etiam
377 1285 519 1356 apud
547 1285 696 1354 ipsos
726 1284 858 1339 ﬁdes
892 1284 1200 1338 Christiana
1232 1285 1528 1340 convaluit.

257 1380 392 1450 Quae
414 1389 596 1433 autem
618 1378 776 1431 fuerit
796 1376 1110 1432 diﬂeieodaa
1136 1379 1432 1432 vocationis
1461 1394 1645 1442 causa,
1674 1395 1780 1434 non

192 1474 395 1539 claret;
435 1485 489 1526 et
521 1483 698 1525 tamen
746 1469 823 1524 rei
865 1477 1030 1539 gustu:
1061 1469 1319 1524 docemur
1349 1474 1598 1541 exemplo
1640 1475 1783 1540 quod

194 1567 333 1623 inter
353 1565 653 1636 generalia,
687 1561 770 1616 vel
799 1561 1080 1631 promisi,
1118 1564 1204 1617 vel
1230 1579 1417 1633 opera,
1459 1566 1544 1619 vel
1583 1580 1785 1634 praece-

195 1672 306 1730 pta,
340 1659 592 1727 quaedam
637 1665 775 1710 tteus
823 1673 851 1708 ιι
903 1656 1285 1711 communibus
1324 1671 1548 1726 excepta
1583 1659 1782 1725 causis,

193 1752 490 1807 occuitiure
519 1747 670 1802 novit
697 1748 948 1801 ordinare
982 1749 1208 1803 ratione.
1234 1747 1432 1812 Credo,
1459 1761 1517 1805 ut
1545 1753 1786 1822 interpo-

1880 538 2156 596 Creatoris
2189 538 2403 598 bonitas
2428 540 2457 578 ά
2481 541 2552 596 ab
2577 541 2684 598 illis
2715 541 3025 599 hominibus
3051 545 3265 611 avertit,
3297 555 3357 602 ut
3379 560 3476 603 eos
3522 541 3526 548 ’

1883 632 1951 687 ad
1979 634 2416 703 cognoscendum
2443 649 2502 690 se
2528 645 2691 707 atque
2718 637 3090 704 tut-tuendum,
3115 638 3277 693 nullis
3307 639 3448 708 signi

1885 727 2229 783 ﬁeatiouibus
2287 729 2627 787 admetteret.
2685 733 2892 788 (ῗωΙιιιιι
2949 733 3114 806 891
3167 733 3368 804 quippe
3413 718 3505 790 ac.

1886 831 2029 877 terra
2060 833 2114 877 et
2148 838 2322 888 mare,
2369 827 2655 895 omnisque
2692 839 2938 882 creatura
2966 843 3089 897 qua:
3120 828 3288 883 videri
3318 839 3478 899 atque

1885 913 2110 985 intelligi
2157 925 2352 984 potest,
2384 917 2450 971 ad
2486 920 2622 974 banc
2666 923 2937 992 przecipue
2967 921 3228 991 disposita
3259 933 3340 977 est
3374 923 3478 976 bu-

1885 1011 2028 1062 meni
2051 1009 2268 1078 generis
2300 1010 2607 1076 utilitatem,
2637 1022 2695 1067 ut
2725 1024 2915 1069 natura
2950 1014 3229 1070 rationalis
3253 1015 3323 1070 de
3346 1031 3481 1072 eon-

1893 1103 2250 1172 templatione
2280 1114 2360 1158 tot
2392 1106 2719 1174 specierum,
2750 1107 2820 1162 de
2857 1107 3244 1176 experimentis
3266 1119 3346 1164 tot
3383 1110 3482 1166 bo-

1888 1209 2108 1260 uorum,
2149 1195 2217 1250 de
2246 1195 2596 1266 perceptione
2635 1205 2715 1252 tot
2746 1213 3055 1265 munerum,
3101 1200 3169 1255 ad
3198 1203 3402 1256 cultum
3424 1207 3483 1258 et

1887 1285 2236 1341 dilectionem
2280 1289 2361 1342 sui
2393 1289 2732 1344 imbueretur
2758 1295 3017 1356 auctoris,
3061 1293 3321 1362 implente
3358 1308 3481 1349 om-

1889 1379 1978 1434 nia
2001 1380 2206 1450 Spiritu
2239 1381 2334 1435 Dei
2370 1385 2421 1434 in
2451 1397 2559 1452 quo
2600 1383 2853 1446 vivimus,
2892 1394 2946 1438 et
2977 1398 3275 1452 movemur,
3305 1397 3360 1439 et
3386 1401 3486 1450 sua

1891 1489 2010 1527 mus
2037 1474 2175 1543 (Act.
2204 1489 2331 1536 xvtt,
2362 1474 2474 1544 ‘28).
2501 1475 2766 1543 Quoniam
2798 1477 2896 1530 etsi
2933 1476 3083 1549 longe
3119 1489 3202 1533 est
3244 1496 3276 1532 a
3300 1495 3485 1551 pecca-

1891 1567 2082 1618 toribus
2133 1565 2275 1620 salus
2303 1566 2420 1630 (Ps.
2452 1584 2639 1630 cxi-tn,
2680 1570 2830 1639 155),
2877 1573 3161 1640 prteseutia
3192 1583 3370 1628 tamen
3398 1587 3487 1628 sa-

1893 1655 2019 1712 lttlis
2043 1657 2211 1726 ipsius
2240 1673 2304 1713 ac
2335 1659 2538 1714 virtute
2567 1660 2699 1715 nihil
2728 1675 2956 1715 Vacuum
2988 1672 3090 1718 est.
3119 1661 3304 1730 Igitur,
3345 1664 3489 1720 sicut

1893 1748 2020 1804 dicit
2060 1750 2349 1820 Propheta,
2399 1750 2760 1806 Misericordia
2797 1753 3009 1809 Domini
3040 1755 3194 1824 plena
3234 1767 3310 1809 est
3349 1766 3491 1811 terra

195 1842 314 1900 sitis
339 1840 662 1911 quibusdam
706 1839 1234 1903 obumbrationibus,
1266 1858 1328 1896 ea
1356 1859 1475 1910 quae
1521 1845 1784 1899 secretius
1819 1853 1865 1913 Β
1895 1841 2072 1914 (Psal.
2098 1858 2268 1911 xxxtt,
2295 1843 2350 1913 5)
2378 1861 2391 1896 :
2423 1859 2543 1913 qua:
2580 1845 2744 1900 nullis
2771 1861 3026 1916 umquam
3056 1847 3290 1912 saeculis,
3326 1848 3490 1903 nullis

197 1938 418 2002 micant,
450 1933 751 1989 mirabilius
781 1935 1122 1989 innotescunt
1156 1953 1170 1989 :
1203 1951 1270 1990 ne
1302 1937 1662 2006 negligentior
1695 1938 1786 1993 ﬁat

202 2031 347 2088 acies
375 2031 443 2082 de
469 2028 726 2082 facilitate
757 2028 1037 2091 cernendi,
1069 2039 1123 2084 et
1152 2030 1554 2099 quodammodo
1583 2032 1630 2086 du
1658 2034 1789 2088 rmi-

199 2134 274 2182 tet
313 2125 570 2187 assuetis,
611 2127 655 2177 si
705 2141 810 2178 non
853 2126 1121 2179 excitetur
1169 2125 1422 2179 insolitis.
1470 2127 1575 2180 llas
1605 2140 1786 2182 autem

200 2215 653 2285 iurognuscibtles
677 2213 1127 2268 illuminatiouum
1157 2215 1466 2281 dilationes,
1497 2219 1635 2271 inter
1656 2233 1790 2288 quas

202 2310 384 2378 utique
417 2308 571 2362 multi
621 2306 673 2362 itt
719 2307 1037 2363 inﬁdelitate
1068 2307 1346 2376 delicium,
1381 2326 1486 2363 non
1519 2315 1690 2364 solttm
1737 2313 1789 2367 in

202 2405 412 2476 populis
431 2401 817 2457 remotioribus
858 2402 1167 2469 impiorum,
1201 2402 1294 2455 sed
1326 2403 1487 2455 etiam
1520 2405 1570 2456 iit
1604 2402 1787 2458 ςινίιειο

203 2499 339 2553 tibus
369 2494 607 2549 ﬁdelium
638 2508 733 2559 per
765 2493 1025 2561 plurimas
1055 2493 1246 2545 domus
1282 2509 1344 2546 ac
1381 2493 1615 2548 lainilias
1641 2495 1790 2549 novi-

203 2607 316 2648 mus
367 2590 506 2651 lieri,
555 2589 688 2642 dum
727 2587 1052 2642 Christiana:
1100 2587 1246 2653 ﬁdei,
1303 2586 1463 2642 etiam
1501 2587 1591 2656 qui
1637 2586 1795 2642 Chri-

202 2687 358 2742 stiani
416 2683 578 2736 futuri
635 2692 758 2734 sunt
813 2681 1188 2733 adversantur.
1246 2677 1393 2732 Multi
1443 2680 1586 2733 eui-tt
1649 2677 1791 2748 quod

204 2784 431 2836 oderunt
463 2774 742 2838 amabunt,
767 2774 907 2841 quod
952 2789 1055 2825 non
1091 2773 1355 2840 recipiunt
1399 2771 1790 2840 prtedieabuut.

205 2875 266 2931 Et
297 2877 420 2943 quis
447 2872 588 2924 inter
633 2869 748 2920 lituo
771 2865 796 2904 δ
828 2865 1070 2935 querulis
1102 2875 1194 2917 aut
1235 2864 1466 2918 curiosis
1495 2876 1680 2917 uotuttt
1713 2863 1792 2918 fa-

206 2962 334 3026 ciet,
366 2977 463 3018 cur
506 2959 683 3014 adhuc
727 2957 816 3013 Sol
847 2957 1073 3026 justilim
1102 2955 1324 3024 (Malae.
1373 2973 1445 3022 tv,
1473 2959 1525 3025 2)
1569 2957 1795 3025 tllllblla-

205 3055 325 3111 dam
351 3052 604 3124 gentibus
629 3066 736 3104 non
771 3050 999 3111 oriatur,
1031 3056 1086 3102 et
1111 3064 1138 3101 a
1170 3051 1472 3102 tenebrosis
1515 3049 1793 3113 cordibus,

208 3149 367 3205 etiam
403 3160 547 3199 nunc
576 3145 754 3199 radios
784 3157 915 3196 suos
937 3143 1136 3196 veritas
1185 3143 1475 3196 revelanda
1516 3126 1795 3197 contineat

1894 1934 2336 2004 generationibus
2384 1934 2578 2001 defuit,
2637 1949 2868 2006 eamque
2899 1938 3328 2008 providentiam,
3381 1953 3491 2011 qua

1894 2027 2301 2084 universitatem
2333 2043 2512 2082 rerum
2545 2028 2894 2084 adtniniSIrat
2922 2039 2976 2084 et
3003 2031 3267 2094 continet,
3299 2047 3492 2102 rogen-

1896 2123 1926 2177 d
1952 2138 1978 2178 s
2000 2122 2318 2194 alendisque
2348 2123 2557 2177 naturis
2588 2139 2806 2194 semper
2850 2124 3134 2195 impendit,
3165 2124 3368 2193 dispo-i
3399 2139 3489 2180 um

1897 2215 2102 2269 balteus
2133 2231 2198 2269 ex
2244 2217 2700 2271 incommutabilis
2723 2218 3028 2271 asternitate
3057 2218 3293 2278 consilii,
3326 2220 3350 2248 '
3371 2219 3492 2288 qui-

1898 2307 1997 2361 bus
2017 2307 2252 2378 quidque
2284 2310 2620 2378 temporibus
2649 2311 3022 2372 distribueret,
3053 2323 3108 2364 et
3141 2311 3492 2366 multiformis

1896 2401 2083 2470 gratia:
2128 2416 2240 2454 sine
2293 2401 2672 2456 inscrutobiles
2722 2403 3234 2472 ittve-‘tigabilesque
3275 2416 3492 2456 mensu-

1897 2508 2006 2559 ras,
2064 2507 2160 2562 per
2208 2508 2328 2562 qum
2367 2494 2504 2545 dona
2550 2509 2614 2548 ac
2655 2505 2993 2549 sacramenta
3030 2496 3284 2549 variaret.
3337 2494 3492 2550 S.-cut

1897 2586 2040 2642 enim
2074 2586 2176 2639 ista
2207 2586 2396 2655 gratia:
2424 2586 2662 2656 largitas,
2693 2603 2812 2653 qtae
2837 2590 2890 2641 in
2917 2603 3105 2642 omnes
3136 2585 3153 2624 ί
3179 2596 3364 2657 gentes
3395 2601 3492 2641 no-

1896 2679 2118 2732 vissime
2164 2687 2190 2724 Β
2237 2677 2491 2741 efﬂuxit,
2544 2693 2648 2732 non
2698 2688 2924 2734 evacuat
2979 2695 3096 2733 eam
3153 2697 3272 2749 qua:
3329 2696 3494 2748 super

1898 2786 2060 2824 unum
2082 2771 2244 2825 Israel
2275 2771 2377 2824 sub
2403 2771 2523 2840 lege
2545 2769 2572 2807 ιι
2595 2772 2820 2838 roravit,
2851 2788 2948 2827 nec
2971 2785 3268 2842 pra'sentcs
3293 2773 3493 2828 divitia

1899 2865 2059 2920 ﬁdetn
2103 2864 2388 2932 praterhac
2419 2865 2684 2934 abrogant
2726 2867 2997 2932 parcitati,
3041 2867 3110 2920 ita
3159 2881 3258 2922 nec
3301 2867 3369 2920 de
3400 2866 3493 2922 illa

1897 2971 2026 3012 Cura
2078 2957 2170 3010 Dei
2204 2971 2324 3025 qua:
2356 2957 2786 3025 patriarcharum
2821 2957 2942 3012 ﬁliis
2990 2957 3205 3027 proprie
3235 2960 3497 3026 praeside-

1899 3050 2012 3107 bat.
2043 3048 2446 3117 conjiciendum
2479 3057 2561 3102 est
2585 3049 2948 3116 gubernacula
2968 3049 3163 3104 divinas
3189 3049 3496 3104 misctieor-

1899 3141 2002 3196 dia:
2027 3143 2241 3196 caeteris
2271 3141 2580 3196 hominibus
2608 3143 2775 3196 luisse
2813 3142 3110 3197 subtracta.
3140 3143 3241 3211 Qui
3273 3142 3492 3213 quidem

211 3242 364 3311 (Sep.
386 3255 437 3300 v,
463 3236 690 3307 6)?Cur
720 3235 1029 3301 corrigendi
1059 3247 1165 3288 tam
1193 3235 1280 3287 ditt
1310 3235 1556 3287 sinuntur
1584 3250 1786 3300 errare,
1820 3237 1865 3298 C
1901 3234 1953 3287 in
1983 3235 2447 3300 comparationem
2491 3233 2786 3288 eleetorum
2828 3236 3084 3288 videntur
3128 3235 3345 3302 objecti,
3391 3233 3487 3290 sed

210 3341 263 3387 et
295 3332 441 3401 quod
491 3329 712 3384 senibus
758 3333 810 3382 in
853 3327 956 3383 line
1006 3326 1369 3394 prastaudum
1413 3334 1518 3388 est,
1551 3341 1646 3394 per
1685 3339 1790 3379 tam

209 3423 421 3493 Iungam
477 3437 583 3474 non
637 3419 900 3473 tribuatur
949 3418 1203 3473 a-talem?
1253 3419 1358 3471 (Zur
1417 3418 1540 3471 liltis
1579 3419 1689 3484 jam
1741 3421 1794 3473 in

208 3519 481 3572 Christum
522 3511 890 3571 credentibus.
942 3527 1041 3564 nec
1088 3511 1213 3563 dum
1258 3509 1481 3562 credant
1513 3511 1795 3578 parentes?

211 3607 274 3663 Et
305 3623 544 3671 rursum,
576 3620 604 3658 a
635 3605 900 3673 religiosis
929 3602 1239 3670 puro-utilius
1264 3602 1485 3656 soboles
1504 3619 1564 3671 pr
1583 3603 1714 3655 ivad
1742 3617 1798 3656 s-

212 3702 440 3756 Curdct?
469 3698 603 3753 Cum
639 3708 816 3752 tatnen
865 3697 1012 3760 Deo,
1059 3697 1147 3765 qui
1192 3694 1468 3748 initiorum
1511 3695 1664 3759 lidei,
1717 3699 1799 3751 itt-

212 3793 581 3862 crententique
613 3793 836 3860 largitor
880 3800 988 3856 est,
1033 3789 1330 3845 secundum
1374 3789 1542 3857 ipsius
1587 3805 1792 3857 prtere-

212 3899 360 3960 ptum
399 3884 642 3956 quotidie
675 3902 771 3949 pro
815 3885 1067 3938 omnibus
1108 3885 1442 3950 supplicetur
1471 3900 1484 3935 :
1516 3894 1572 3935 ut
1606 3892 1628 3920 ο
1660 3893 1716 3936 ει
1752 3884 1796 3938 si

212 3981 450 4044 exaudit,
501 3991 626 4034 uota
683 3977 750 4033 sit
802 3978 971 4048 gratia
1029 3977 1427 4039 miserationis;
1481 3984 1535 4030 et
1592 3974 1637 4029 si
1691 3991 1796 4030 non

213 4075 452 4143 exaudit,
491 4073 824 4143 intelligatur
844 4073 1105 4143 judicium
1137 4069 1401 4125 veritatis.

824 4183 1054 4242 CAPUT
1095 4185 1183 4242 IV.

217 4282 280 4339 In
315 4282 587 4355 praeteritis
617 4281 818 4336 saxulis
856 4295 1050 4349 semper
1083 4279 1358 4355 aduiouuit
1398 4279 1572 4333 dit-ina
1601 4277 1800 4355 bonitas

282 4351 514 4409 homines
559 4356 637 4407 sui
695 4357 860 4406 cultus
903 4368 994 4422 per
1043 4351 1294 4406 elementa
1335 4359 1508 4404 :strut
1551 4353 1802 4420 papulum

284 4427 454 4482 Israel
483 4425 812 4496 peculiariter
838 4441 925 4494 per
953 4425 1112 4494 legent
1142 4433 1185 4477 et
1216 4427 1511 4494 prephetas.

281 4539 388 4596 Sed
425 4554 495 4593 ne
541 4539 594 4592 in
627 4536 917 4607 prmteritis
960 4535 1178 4604 quidem
1222 4536 1436 4590 sarculis
1465 4534 1581 4590 lucc
1611 4535 1800 4591 eadem

1901 3342 2190 3394 rumquam
2239 3334 2365 3380 sunt
2409 3341 2437 3378 a
2481 3326 2783 3381 manifestis
2829 3327 3169 3397 occultisque
3215 3326 3491 3383 beneﬁriis

1898 3421 2152 3475 abdit-uti.
2187 3419 2436 3487 Legimus
2479 3421 2622 3474 enim
2680 3418 2694 3456 ί
2733 3422 2784 3473 iu
2831 3421 3052 3475 Aetibus
3093 3423 3492 3489 apo~tolorutn,

1901 3515 2125 3569 Paulum
2174 3524 2230 3566 ct
2268 3513 2565 3567 Barnabam
2610 3515 2886 3582 apostolos
2931 3515 3220 3584 Lycaoniis
3275 3514 3490 3568 dicere'

1911 3607 2040 3669 Viri,
2073 3608 2198 3678 quid
2229 3607 2338 3661 Iuro
2377 3608 2586 3677 facitis?
2611 3619 2657 3661 ct
2695 3625 2787 3661 nos
2829 3608 3070 3662 mortales
3097 3625 3272 3662 sumus
3302 3608 3495 3664 similes

1899 3701 2038 3755 vobis
2075 3699 2327 3762 homines,
2360 3701 2724 3753 ammntiantes
2775 3699 2910 3753 rubis
2940 3700 3004 3753 ob
3048 3702 3128 3753 his
3180 3701 3324 3753 vanis
3365 3716 3494 3754 cort-

1902 3795 2024 3848 verti
2070 3793 2138 3845 ad
2173 3792 2335 3845 Deum
2371 3794 2560 3859 vivum,
2591 3792 2679 3861 qui
2711 3793 2829 3855 fecit
2869 3792 3074 3857 (mlum,
3121 3801 3167 3846 et
3211 3803 3420 3856 terram,
3447 3807 3476 3845 e

1901 3903 2062 3951 mare,
2094 3897 2137 3938 et
2170 3883 2343 3937 omnia
2384 3900 2496 3952 qum
2543 3883 2596 3936 in
2629 3884 2700 3936 eis
2729 3890 2870 3945 sunt,
2909 3886 2997 3953 qui
3028 3884 3080 3934 in
3106 3885 3376 3954 prwteritis
3405 3897 3499 3953 ge-

1905 3977 2252 4031 tteratimtibus
2295 3974 2493 4028 dimisit
2539 3991 2714 4029 omnes
2744 3987 2917 4046 gentes
2964 3975 3168 4047 ingredi
3200 3977 3306 4028 eius
3349 3991 3496 4031 suas.

1905 4069 1972 4124 Et
2009 4071 2213 4140 quidem
2264 4086 2364 4122 non
2412 4069 2522 4122 sine
2563 4070 2856 4123 testimonio
2899 4071 3225 4138 semetipsum
3268 4070 3499 4141 reliquit,

1908 4162 1922 4213 i
1961 4163 2302 4232 benefaciens,
2333 4162 2395 4216 de
2423 4166 2549 4215 caelo
2582 4162 2712 4215 dans
2752 4163 2953 4226 pluvias
2977 4173 3028 4217 et
3058 4173 3287 4234 tempora
3318 4161 3505 4231 fructi-

1905 4261 2040 4329 fera,
2083 4257 2301 4328 implens
2350 4255 2463 4308 cibo
2502 4264 2550 4308 et
2588 4256 2769 4309 la'titia
2815 4257 2974 4310 corda
3019 4265 3185 4310 vestra
3213 4255 3352 4326 (Act.
3387 4269 3501 4327 xlv,

1910 4352 1976 4406 M
1998 4359 2046 4405 et
2072 4354 2228 4421 δρψ).

1981 4444 2134 4512 Quod
2181 4453 2264 4498 est
2292 4452 2470 4499 autem
2520 4444 2622 4498 hoc
2666 4442 3059 4505 testimonium.
3093 4443 3236 4515 quod
3285 4455 3504 4514 semper

1910 4536 2138 4590 Domino
2187 4536 2504 4601 deservit-it,
2557 4543 2612 4590 et
2663 4551 2954 4606 numquam
2996 4538 3062 4594 de
3093 4537 3213 4607 ejus
3261 4539 3507 4592 bonitate

215 4638 382 4704 gratia
428 4633 571 4701 (qua:
605 4639 724 4698 pust
772 4627 982 4682 Domini
1022 4630 1190 4681 nostri
1219 4627 1348 4680 Je~u
1381 4627 1577 4682 (lu-isti
1623 4644 1804 4682 resur-
1837 4631 1886 4690 D
1911 4631 2193 4696 conticuit,
2237 4630 2337 4683 nisi
2387 4629 2499 4696 ipsa
2543 4629 2707 4682 totius
2755 4632 2942 4685 mundi
2977 4631 3348 4686 inenarrabilis
3388 4630 3507 4700 pul-

215 4724 509 4782 rectionem
533 4718 939 4790 ubiqucdtﬂusa
968 4728 1071 4783 est,
1097 4730 1152 4772 et
1177 4719 1246 4774 de
1275 4733 1379 4788 qua
1408 4722 1667 4788 scriptum
1692 4729 1798 4786 est,

216 4814 510 4870 llluxeruut
549 4813 931 4866 coruscationes
969 4821 1072 4865 tua:
1106 4809 1214 4863 orbi
1242 4809 1586 4884 terrwIPsal.
1615 4827 1799 4879 Lxxvt,

217 4907 342 4981 19])
379 4906 550 4963 del'uit
582 4904 804 4960 mundo.
833 4903 1090 4970 Quamvis
1117 4901 1259 4956 euiut
1306 4904 1526 4970 speciali
1569 4919 1696 4958 cura
1724 4913 1805 4959 at.

215 5017 318 5074 que
364 4999 695 5069 indulgentia
740 4996 839 5051 Dei
888 4995 1149 5066 populum
1189 4993 1544 5050 lsraeliticum
1591 5006 1807 5053 constet

213 5099 472 5161 electum,
512 5107 809 5162 onmesque
838 5091 958 5145 alite
1003 5091 1252 5144 nationes
1291 5103 1416 5144 suas
1445 5090 1564 5144 vias
1597 5088 1806 5158 ingredi

213 5190 353 5263 (Act.
385 5205 497 5254 xtv,
521 5186 634 5256 l5),
668 5186 772 5240 boc
800 5195 902 5251 est,
937 5181 1236 5238 secundum
1267 5183 1542 5252 propriam
1574 5181 1805 5252 permis-

283 5361 307 5388 ι
335 5347 501 5420 Editi,
543 5355 740 5420 postea.
781 5343 906 5398 Mss.
938 5341 1047 5400 Jol.
1097 5350 1153 5399 et
1186 5338 1404 5407 Camb.,
1453 5341 1799 5412 postmodum.

209 5422 298 5480 Sic
327 5424 380 5476 in
417 5419 618 5474 Leone.

281 5493 308 5532 δ
333 5493 437 5548 M-.
471 5489 823 5552 Camberon.,
852 5487 1101 5558 querulus
1130 5496 1219 5540 aut
1247 5485 1504 5558 curiosus.

285 5576 306 5604 ε
339 5560 507 5628 l'ltliti,
536 5563 630 5616 etsi
657 5554 922 5614 exaudiat.
954 5557 1147 5614 Melius
1169 5571 1269 5613 ms.
1303 5557 1557 5613 Jolicnsis
1589 5564 1642 5613 et
1668 5554 1799 5612 edit.

210 5633 430 5693 Leonis.

280 5706 307 5745 ά
341 5705 536 5760 Leonis
559 5702 751 5766 editio,
773 5702 836 5756 ab
863 5701 983 5755 ullis
1015 5702 1327 5756 hominibus.

283 5780 433 5832 ¢M~.
487 5777 758 5832 Joliensis.
805 5776 986 5842 quibus
1034 5790 1242 5842 qtueiue
1299 5773 1631 5844 temporibus.
1699 5771 1796 5829 Ms.

211 5848 561 5916 Celtiberum,
588 5848 712 5918 quid
735 5849 911 5916 quibus
933 5847 1260 5916 temporibus.

1910 4725 2182 4789 cbritudo,
2216 4733 2272 4778 et
2301 4722 2743 4779 inenarrabilium
2776 4724 3158 4782 beneﬁciorum
3190 4725 3308 4796 ejus
3351 4724 3506 4780 dives

1912 4825 1970 4873 et
1991 4817 2235 4870 ordinata
2262 4813 2501 4884 largitio,
2527 4830 2625 4884 per
2651 4831 2774 4886 quae
2805 4818 3057 4873 Immanis
3082 4816 3338 4873 cordibus
3354 4829 3506 4886 quae-

1911 4910 2035 4965 dam
2066 4919 2283 4963 teternze
2313 4907 2448 4977 legis
2477 4908 2672 4964 tabula:
2716 4911 3124 4980 prmbebautur,
3157 4917 3216 4964 ut
3259 4909 3312 4963 in
3350 4908 3504 4979 pagi-

1911 5001 1995 5057 nis
2021 5000 2433 5066 elementorum,
2485 5015 2550 5054 ac
2590 5001 2959 5058 voluminibus
2990 5013 3315 5069 temporum,
3353 5015 3505 5055 com-

1912 5095 2091 5150 munis
2114 5103 2170 5149 et
2202 5092 2413 5162 publica
2442 5092 2642 5150 divinas
2683 5095 3041 5151 institutionis
3067 5095 3318 5150 doctrina
3352 5093 3499 5163 lege-

1914 5185 2099 5241 retur?
2147 5183 2355 5240 Ctelum
2405 5199 2538 5256 ergo
2582 5196 2882 5256 cunctaque
2931 5185 3194 5253 cheStia,
3250 5199 3400 5241 mare
3447 5190 3505 5238 et

1986 5342 2005 5422 ξ
2037 5345 2151 5404 Vox
2192 5350 2341 5420 haec,
2375 5355 2546 5422 gentes
2570 5389 2584 5411 ,
2612 5349 2687 5422 ab
2721 5347 2854 5403 edit.
2896 5347 3058 5422 Duae.
3104 5356 3158 5422 et
3184 5347 3376 5406 Colon.
3409 5364 3504 5404 ex-

1910 5415 2135 5541 fiderat.
2187 5423 2244 5477 ln
2297 5415 2624 5478 Levaniend
2681 5427 2738 5472 et
2782 5430 2885 5472 ms.
2929 5418 3155 5475 Jolicnsi
3202 5437 3268 5478 ac
3321 5422 3498 5478 Leone
3578 5430 3581 5433 '

1930 5499 2126 5541 emtur.

1930 5499 2126 5558 egitur.

1982 5569 2007 5630 li
2039 5561 2137 5616 Ms.
2169 5564 2517 5630 Camberou.,
2545 5561 2740 5618 illuxit:

1982 5627 2007 5707 ξ
2035 5627 2530 5707 Μεειϐειιιιιιετυιιζν
2554 5645 2620 5707 ει,
2640 5633 2880 5707 Timon,
2911 5636 3156 5707 erogavit.

1988 5700 2138 5780 ‘_Al_i_i
2177 5706 2318 5773 libri,
2344 5708 2395 5760 in
2421 5706 2582 5761 Actis.
2609 5703 2736 5761 Mss.
2777 5700 3031 5762 Catubef.
3064 5717 3118 5765 et
3142 5705 3250 5764 Jol.
3279 5711 3335 5762 et
3357 5701 3496 5780 L60,

1906 5775 1962 5828 in
1989 5773 2222 5831 Actibus.

1984 5845 1998 5895 i
2034 5848 2132 5904 Ms.
2165 5848 2438 5915 Joliensis,
2478 5849 2797 5921 benefaciens
2828 5853 2922 5906 eis.
