  <div class='ocr_page' id='page_1' title='image "/cluster/home/n/w/nwhite01/storage/ocr_20150623/51/hvd.32044015471568/354.png"; bbox 0 0 4014 6348; ppageno 0'>
   <div class='ocr_carea' id='block_1_1' title="bbox 212 408 309 467">
    <p class='ocr_par' dir='ltr' id='par_1_1' title="bbox 212 408 309 467">
     <span class='ocr_line' id='line_1_1' title="bbox 212 408 309 467; baseline -0.021 0"><span class='ocrx_word' id='word_1_1' title='bbox 212 408 309 467; x_wconf 78' lang='lat'><strong>697</strong></span> 
     </span>
    </p>
   </div>
   <div class='ocr_carea' id='block_1_2' title="bbox 1066 401 2606 465">
    <p class='ocr_par' dir='ltr' id='par_1_2' title="bbox 1066 401 2606 465">
     <span class='ocr_line' id='line_1_2' title="bbox 1066 401 2606 465; baseline -0.001 -3"><span class='ocrx_word' id='word_1_2' title='bbox 1066 405 1157 463; x_wconf 75' lang='lat' dir='ltr'><strong>DE</strong></span> <span class='ocrx_word' id='word_1_3' title='bbox 1199 402 1591 462; x_wconf 74' lang='lat' dir='ltr'><strong>VOCATIONE</strong></span> <span class='ocrx_word' id='word_1_4' title='bbox 1633 401 1901 461; x_wconf 76' lang='lat' dir='ltr'><strong>OMNIUM</strong></span> <span class='ocrx_word' id='word_1_5' title='bbox 1945 404 2257 465; x_wconf 79' lang='lat' dir='ltr'><strong>GENTIUM</strong></span> <span class='ocrx_word' id='word_1_6' title='bbox 2296 405 2500 463; x_wconf 78' lang='lat' dir='ltr'><strong>LIBER</strong></span> <span class='ocrx_word' id='word_1_7' title='bbox 2542 403 2606 462; x_wconf 88' lang='lat' dir='ltr'><strong>ll.</strong></span> 
     </span>
    </p>
   </div>
   <div class='ocr_carea' id='block_1_3' title="bbox 212 517 3476 597">
    <p class='ocr_par' dir='ltr' id='par_1_3' title="bbox 212 517 3476 597">
     <span class='ocr_line' id='line_1_3' title="bbox 212 517 3476 597; baseline 0.006 -32"><span class='ocrx_word' id='word_1_8' title='bbox 212 531 344 586; x_wconf 56' lang='lat' dir='ltr'><strong>&quot;iam</strong></span> <span class='ocrx_word' id='word_1_9' title='bbox 381 544 488 581; x_wconf 73' lang='lat' dir='ltr'><strong>nm.</strong></span> <span class='ocrx_word' id='word_1_10' title='bbox 515 525 688 577; x_wconf 67' lang='lat' dir='ltr'><strong>sn&#39;um</strong></span> <span class='ocrx_word' id='word_1_11' title='bbox 713 539 778 580; x_wconf 74' lang='grc' dir='ltr'><strong>ος</strong></span> <span class='ocrx_word' id='word_1_12' title='bbox 809 523 944 590; x_wconf 70' lang='lat' dir='ltr'><strong>Deo,</strong></span> <span class='ocrx_word' id='word_1_13' title='bbox 970 520 1064 577; x_wconf 78' lang='lat' dir='ltr'><strong>sed</strong></span> <span class='ocrx_word' id='word_1_14' title='bbox 1091 523 1252 578; x_wconf 82' lang='lat' dir='ltr'><strong>etiam</strong></span> <span class='ocrx_word' id='word_1_15' title='bbox 1279 522 1419 576; x_wconf 77' lang='lat' dir='ltr'><strong>Deus</strong></span> <span class='ocrx_word' id='word_1_16' title='bbox 1445 529 1527 575; x_wconf 88' lang='lat' dir='ltr'><strong>est</strong></span> <span class='ocrx_word' id='word_1_17' title='bbox 1554 519 1596 589; x_wconf 90' lang='lat' dir='ltr'><strong>(l</strong></span> <span class='ocrx_word' id='word_1_18' title='bbox 1627 517 1787 574; x_wconf 81' lang='lat' dir='ltr'><strong>Joan.</strong></span> <span class='ocrx_word' id='word_1_19' title='bbox 1819 522 1868 581; x_wconf 74' lang='grc' dir='ltr'><strong>Α</strong></span> <span class='ocrx_word' id='word_1_20' title='bbox 1897 527 2122 587; x_wconf 80' lang='lat' dir='ltr'><strong>tantem,</strong></span> <span class='ocrx_word' id='word_1_21' title='bbox 2144 523 2393 593; x_wconf 72' lang='lat' dir='ltr'><strong>dignatur</strong></span> <span class='ocrx_word' id='word_1_22' title='bbox 2419 524 2682 580; x_wconf 87' lang='lat' dir='ltr'><strong>Dominus</strong></span> <span class='ocrx_word' id='word_1_23' title='bbox 2709 531 2934 590; x_wconf 76' lang='lat' dir='ltr'><strong>paterno</strong></span> <span class='ocrx_word' id='word_1_24' title='bbox 2954 525 3202 597; x_wconf 72' lang='lat' dir='ltr'><strong>mitigare</strong></span> <span class='ocrx_word' id='word_1_25' title='bbox 3225 524 3476 595; x_wconf 87' lang='lat' dir='ltr'><strong>consilio,</strong></span> 
     </span>
    </p>
   </div>
   <div class='ocr_carea' id='block_1_4' title="bbox 209 614 1786 686">
    <p class='ocr_par' dir='ltr' id='par_1_4' title="bbox 209 614 1786 686">
     <span class='ocr_line' id='line_1_4' title="bbox 209 614 1786 686; baseline -0.003 -15"><span class='ocrx_word' id='word_1_26' title='bbox 209 639 275 684; x_wconf 75' lang='lat' dir='ltr'><strong>tv,</strong></span> <span class='ocrx_word' id='word_1_27' title='bbox 305 621 384 684; x_wconf 83' lang='lat'><strong>8),</strong></span> <span class='ocrx_word' id='word_1_28' title='bbox 417 618 638 672; x_wconf 61' lang='lat' dir='ltr'><strong>stabtlﬂs</strong></span> <span class='ocrx_word' id='word_1_29' title='bbox 679 631 728 671; x_wconf 87' lang='lat' dir='ltr'><strong>et</strong></span> <span class='ocrx_word' id='word_1_30' title='bbox 764 628 1172 686; x_wconf 73' lang='lat' dir='ltr'><strong>lmseverantes</strong></span> <span class='ocrx_word' id='word_1_31' title='bbox 1205 623 1366 684; x_wconf 82' lang='lat' dir='ltr'><strong>atque</strong></span> <span class='ocrx_word' id='word_1_32' title='bbox 1397 614 1786 681; x_wconf 82' lang='lat' dir='ltr'><strong>insuperabiles</strong></span> 
     </span>
    </p>
   </div>
   <div class='ocr_carea' id='block_1_5' title="bbox 211 705 1784 780">
    <p class='ocr_par' dir='ltr' id='par_1_5' title="bbox 211 705 1784 780">
     <span class='ocr_line' id='line_1_5' title="bbox 211 705 1784 780; baseline -0.005 -16"><span class='ocrx_word' id='word_1_33' title='bbox 211 715 361 775; x_wconf 82' lang='lat' dir='ltr'><strong>tat-it,</strong></span> <span class='ocrx_word' id='word_1_34' title='bbox 390 726 526 780; x_wconf 75' lang='lat' dir='ltr'><strong>quos</strong></span> <span class='ocrx_word' id='word_1_35' title='bbox 557 709 776 764; x_wconf 87' lang='lat' dir='ltr'><strong>llumiuc</strong></span> <span class='ocrx_word' id='word_1_36' title='bbox 808 717 833 745; x_wconf 75' lang='grc' dir='ltr'>ει</span> <span class='ocrx_word' id='word_1_37' title='bbox 863 723 976 761; x_wconf 68' lang='lat' dir='ltr'><strong>sua:</strong></span> <span class='ocrx_word' id='word_1_38' title='bbox 1009 709 1294 776; x_wconf 81' lang='lat' dir='ltr'><strong>\oluplatis</strong></span> <span class='ocrx_word' id='word_1_39' title='bbox 1333 706 1651 773; x_wconf 69' lang='lat' dir='ltr'><strong>impleverit.</strong></span> <span class='ocrx_word' id='word_1_40' title='bbox 1683 705 1784 772; x_wconf 87' lang='lat' dir='ltr'><strong>Qui</strong></span> 
     </span>
    </p>
   </div>
   <div class='ocr_carea' id='block_1_6' title="bbox 211 797 1788 872">
    <p class='ocr_par' dir='ltr' id='par_1_6' title="bbox 211 797 1788 872">
     <span class='ocr_line' id='line_1_6' title="bbox 211 797 1788 872; baseline -0.004 -14"><span class='ocrx_word' id='word_1_41' title='bbox 211 820 380 859; x_wconf 84' lang='lat' dir='ltr'><strong>auem</strong></span> <span class='ocrx_word' id='word_1_42' title='bbox 430 805 652 857; x_wconf 85' lang='lat' dir='ltr'><strong>istarum</strong></span> <span class='ocrx_word' id='word_1_43' title='bbox 699 816 958 872; x_wconf 49' lang='lat' dir='ltr'><strong>aq&#39;tarmu</strong></span> <span class='ocrx_word' id='word_1_44' title='bbox 1015 800 1355 854; x_wconf 82' lang='lat' dir='ltr'><strong>dulcedinem</strong></span> <span class='ocrx_word' id='word_1_45' title='bbox 1407 797 1682 861; x_wconf 74' lang='lat' dir='ltr'><strong>nesciunt,</strong></span> <span class='ocrx_word' id='word_1_46' title='bbox 1732 809 1788 851; x_wconf 89' lang='lat' dir='ltr'><strong>et</strong></span> 
     </span>
    </p>
   </div>
   <div class='ocr_carea' id='block_1_7' title="bbox 212 890 1786 960">
    <p class='ocr_par' dir='ltr' id='par_1_7' title="bbox 212 890 1786 960">
     <span class='ocr_line' id='line_1_7' title="bbox 212 890 1786 960; baseline -0.006 -8"><span class='ocrx_word' id='word_1_47' title='bbox 212 899 379 952; x_wconf 83' lang='lat' dir='ltr'><strong>adltuc</strong></span> <span class='ocrx_word' id='word_1_48' title='bbox 401 895 470 951; x_wconf 92' lang='lat' dir='ltr'><strong>de</strong></span> <span class='ocrx_word' id='word_1_49' title='bbox 485 895 668 949; x_wconf 90' lang='lat' dir='ltr'><strong>tnuudi</strong></span> <span class='ocrx_word' id='word_1_50' title='bbox 689 895 848 960; x_wconf 89' lang='lat' dir='ltr'><strong>bujus</strong></span> <span class='ocrx_word' id='word_1_51' title='bbox 862 894 1192 948; x_wconf 71' lang='lat' dir='ltr'><strong>torrentibus</strong></span> <span class='ocrx_word' id='word_1_52' title='bbox 1213 893 1418 956; x_wconf 88' lang='lat' dir='ltr'><strong>bilntnt,</strong></span> <span class='ocrx_word' id='word_1_53' title='bbox 1445 901 1536 945; x_wconf 86' lang='lat' dir='ltr'><strong>aut</strong></span> <span class='ocrx_word' id='word_1_54' title='bbox 1560 894 1720 945; x_wconf 85' lang='lat' dir='ltr'><strong>etiam</strong></span> <span class='ocrx_word' id='word_1_55' title='bbox 1742 890 1786 943; x_wconf 94' lang='lat' dir='ltr'><strong>si</strong></span> 
     </span>
    </p>
   </div>
   <div class='ocr_carea' id='block_1_8' title="bbox 212 985 1786 1060">
    <p class='ocr_par' dir='ltr' id='par_1_8' title="bbox 212 985 1786 1060">
     <span class='ocr_line' id='line_1_8' title="bbox 212 985 1786 1060; baseline -0.006 -14"><span class='ocrx_word' id='word_1_56' title='bbox 212 991 405 1060; x_wconf 76' lang='lat' dir='ltr'><strong>aliquid</strong></span> <span class='ocrx_word' id='word_1_57' title='bbox 431 989 691 1056; x_wconf 81' lang='lat' dir='ltr'><strong>primorib</strong></span> <span class='ocrx_word' id='word_1_58' title='bbox 712 1004 758 1042; x_wconf 82' lang='lat' dir='ltr'><strong>:s</strong></span> <span class='ocrx_word' id='word_1_59' title='bbox 799 988 963 1040; x_wconf 79' lang='lat' dir='ltr'><strong>labris</strong></span> <span class='ocrx_word' id='word_1_60' title='bbox 989 987 1058 1041; x_wconf 87' lang='lat' dir='ltr'><strong>de</strong></span> <span class='ocrx_word' id='word_1_61' title='bbox 1091 988 1210 1038; x_wconf 76' lang='lat' dir='ltr'><strong>vita:</strong></span> <span class='ocrx_word' id='word_1_62' title='bbox 1235 985 1385 1039; x_wconf 82' lang='lat' dir='ltr'><strong>fonte</strong></span> <span class='ocrx_word' id='word_1_63' title='bbox 1412 995 1786 1054; x_wconf 77' lang='lat' dir='ltr'><strong>gu~taverunt,</strong></span> 
     </span>
    </p>
   </div>
   <div class='ocr_carea' id='block_1_9' title="bbox 213 1077 1791 1150">
    <p class='ocr_par' dir='ltr' id='par_1_9' title="bbox 213 1077 1791 1150">
     <span class='ocr_line' id='line_1_9' title="bbox 213 1077 1791 1150; baseline -0.006 -12"><span class='ocrx_word' id='word_1_64' title='bbox 213 1083 504 1138; x_wconf 68' lang='lat' dir='ltr'><strong>binebriari</strong></span> <span class='ocrx_word' id='word_1_65' title='bbox 535 1095 712 1136; x_wconf 90' lang='lat' dir='ltr'><strong>tamen</strong></span> <span class='ocrx_word' id='word_1_66' title='bbox 741 1096 906 1134; x_wconf 87' lang='lat' dir='ltr'><strong>aureo</strong></span> <span class='ocrx_word' id='word_1_67' title='bbox 937 1079 1228 1150; x_wconf 81' lang='lat' dir='ltr'><strong>Babylonis</strong></span> <span class='ocrx_word' id='word_1_68' title='bbox 1259 1077 1425 1132; x_wconf 79' lang='lat' dir='ltr'><strong>calice</strong></span> <span class='ocrx_word' id='word_1_69' title='bbox 1453 1078 1791 1132; x_wconf 86' lang='lat' dir='ltr'><strong>deleetantur</strong></span> 
     </span>
    </p>
   </div>
   <div class='ocr_carea' id='block_1_10' title="bbox 214 1171 1791 1250">
    <p class='ocr_par' dir='ltr' id='par_1_10' title="bbox 214 1171 1791 1250">
     <span class='ocr_line' id='line_1_10' title="bbox 214 1171 1791 1250; baseline -0.005 -18"><span class='ocrx_word' id='word_1_70' title='bbox 214 1177 392 1250; x_wconf 73' lang='lat' dir='ltr'><strong>(Apoc.</strong></span> <span class='ocrx_word' id='word_1_71' title='bbox 421 1189 536 1242; x_wconf 77' lang='lat' dir='ltr'><strong>xtv,</strong></span> <span class='ocrx_word' id='word_1_72' title='bbox 566 1177 621 1239; x_wconf 90' lang='lat'><strong>8,</strong></span> <span class='ocrx_word' id='word_1_73' title='bbox 651 1185 700 1228; x_wconf 87' lang='lat' dir='ltr'><strong>et</strong></span> <span class='ocrx_word' id='word_1_74' title='bbox 730 1191 836 1235; x_wconf 72' lang='lat' dir='ltr'><strong>nt.</strong></span> <span class='ocrx_word' id='word_1_75' title='bbox 872 1173 938 1229; x_wconf 81' lang='lat' dir='ltr'><strong>l9</strong></span> <span class='ocrx_word' id='word_1_76' title='bbox 963 1178 980 1240; x_wconf 90' lang='lat'><strong>)</strong></span> <span class='ocrx_word' id='word_1_77' title='bbox 1005 1188 1020 1238; x_wconf 90' lang='lat'><strong>;</strong></span> <span class='ocrx_word' id='word_1_78' title='bbox 1066 1188 1165 1227; x_wconf 88' lang='lat' dir='ltr'><strong>suo</strong></span> <span class='ocrx_word' id='word_1_79' title='bbox 1200 1186 1421 1243; x_wconf 78' lang='lat' dir='ltr'><strong>prorsus</strong></span> <span class='ocrx_word' id='word_1_80' title='bbox 1450 1171 1791 1239; x_wconf 91' lang='lat' dir='ltr'><strong>decipiuntur</strong></span> 
     </span>
    </p>
   </div>
   <div class='ocr_carea' id='block_1_11' title="bbox 214 1263 1791 1330">
    <p class='ocr_par' dir='ltr' id='par_1_11' title="bbox 214 1263 1791 1330">
     <span class='ocr_line' id='line_1_11' title="bbox 214 1263 1791 1330; baseline -0.005 -6"><span class='ocrx_word' id='word_1_81' title='bbox 214 1269 452 1330; x_wconf 83' lang='lat' dir='ltr'><strong>srlutrio.</strong></span> <span class='ocrx_word' id='word_1_82' title='bbox 475 1283 568 1322; x_wconf 89' lang='lat' dir='ltr'><strong>sua</strong></span> <span class='ocrx_word' id='word_1_83' title='bbox 594 1271 868 1320; x_wconf 88' lang='lat' dir='ltr'><strong>voluntate</strong></span> <span class='ocrx_word' id='word_1_84' title='bbox 891 1267 1143 1320; x_wconf 86' lang='lat' dir='ltr'><strong>labuntur</strong></span> <span class='ocrx_word' id='word_1_85' title='bbox 1175 1281 1188 1314; x_wconf 83' lang='lat'>:</span> <span class='ocrx_word' id='word_1_86' title='bbox 1219 1272 1274 1318; x_wconf 83' lang='lat' dir='ltr'><strong>et</strong></span> <span class='ocrx_word' id='word_1_87' title='bbox 1304 1264 1348 1318; x_wconf 84' lang='lat' dir='ltr'><strong>si</strong></span> <span class='ocrx_word' id='word_1_88' title='bbox 1381 1263 1434 1317; x_wconf 92' lang='lat' dir='ltr'><strong>iu</strong></span> <span class='ocrx_word' id='word_1_89' title='bbox 1466 1263 1564 1316; x_wconf 82' lang='lat' dir='ltr'><strong>bac</strong></span> <span class='ocrx_word' id='word_1_90' title='bbox 1585 1263 1791 1316; x_wconf 83' lang='lat' dir='ltr'><strong>desidia</strong></span> 
     </span>
    </p>
   </div>
   <div class='ocr_carea' id='block_1_12' title="bbox 216 1356 1793 1434">
    <p class='ocr_par' dir='ltr' id='par_1_12' title="bbox 216 1356 1793 1434">
     <span class='ocr_line' id='line_1_12' title="bbox 216 1356 1793 1434; baseline -0.006 -19"><span class='ocrx_word' id='word_1_91' title='bbox 216 1375 583 1434; x_wconf 68' lang='lat' dir='ltr'><strong>perseverant,</strong></span> <span class='ocrx_word' id='word_1_92' title='bbox 614 1361 712 1428; x_wconf 85' lang='lat' dir='ltr'><strong>ipsi</strong></span> <span class='ocrx_word' id='word_1_93' title='bbox 739 1381 797 1416; x_wconf 59' lang='lat' dir='ltr'><strong>se</strong></span> <span class='ocrx_word' id='word_1_94' title='bbox 828 1362 1041 1429; x_wconf 82' lang='lat' dir='ltr'><strong>ltisqua-</strong></span> <span class='ocrx_word' id='word_1_95' title='bbox 1063 1375 1323 1424; x_wconf 86' lang='lat' dir='ltr'><strong>accepere</strong></span> <span class='ocrx_word' id='word_1_96' title='bbox 1347 1359 1666 1424; x_wconf 75' lang='lat' dir='ltr'><strong>dispo‘iant.</strong></span> <span class='ocrx_word' id='word_1_97' title='bbox 1695 1356 1793 1410; x_wconf 67' lang='lat' dir='ltr'><strong>Fa-</strong></span> 
     </span>
    </p>
   </div>
   <div class='ocr_carea' id='block_1_13' title="bbox 214 1450 1791 1524">
    <p class='ocr_par' dir='ltr' id='par_1_13' title="bbox 214 1450 1791 1524">
     <span class='ocr_line' id='line_1_13' title="bbox 214 1450 1791 1524; baseline -0.008 -13"><span class='ocrx_word' id='word_1_98' title='bbox 214 1456 307 1512; x_wconf 88' lang='lat' dir='ltr'><strong>cile</strong></span> <span class='ocrx_word' id='word_1_99' title='bbox 325 1458 470 1508; x_wconf 41' lang='lat' dir='ltr'><strong>enim</strong></span> <span class='ocrx_word' id='word_1_100' title='bbox 494 1469 526 1524; x_wconf 90' lang='lat' dir='ltr'><strong>q</strong></span> <span class='ocrx_word' id='word_1_101' title='bbox 552 1474 595 1503; x_wconf 74' lang='lat' dir='ltr'><strong>ta</strong></span> <span class='ocrx_word' id='word_1_102' title='bbox 617 1454 743 1507; x_wconf 76' lang='lat' dir='ltr'><strong>libet</strong></span> <span class='ocrx_word' id='word_1_103' title='bbox 765 1455 900 1506; x_wconf 77' lang='grc' dir='ltr'>Ιιιιιιει</span> <span class='ocrx_word' id='word_1_104' title='bbox 927 1453 1043 1506; x_wconf 85' lang='lat' dir='ltr'><strong>sine.</strong></span> <span class='ocrx_word' id='word_1_105' title='bbox 1059 1451 1323 1506; x_wconf 80' lang='lat' dir='ltr'><strong>charitute</strong></span> <span class='ocrx_word' id='word_1_106' title='bbox 1344 1458 1563 1519; x_wconf 72' lang='lat' dir='ltr'><strong>possunt</strong></span> <span class='ocrx_word' id='word_1_107' title='bbox 1586 1450 1791 1516; x_wconf 72' lang='lat' dir='ltr'><strong>perire,</strong></span> 
     </span>
    </p>
   </div>
   <div class='ocr_carea' id='block_1_14' title="bbox 215 1541 1792 1621">
    <p class='ocr_par' dir='ltr' id='par_1_14' title="bbox 215 1541 1792 1621">
     <span class='ocr_line' id='line_1_14' title="bbox 215 1541 1792 1621; baseline -0.005 -19"><span class='ocrx_word' id='word_1_108' title='bbox 215 1564 326 1621; x_wconf 70' lang='lat' dir='ltr'><strong>qua:</strong></span> <span class='ocrx_word' id='word_1_109' title='bbox 345 1567 452 1600; x_wconf 91' lang='grc' dir='ltr'>ιιυιι</span> <span class='ocrx_word' id='word_1_110' title='bbox 471 1556 693 1617; x_wconf 84' lang='lat' dir='ltr'><strong>po-suttt</strong></span> <span class='ocrx_word' id='word_1_111' title='bbox 706 1552 821 1600; x_wconf 87' lang='lat' dir='ltr'><strong>sine</strong></span> <span class='ocrx_word' id='word_1_112' title='bbox 837 1547 1100 1601; x_wconf 70' lang='lat' dir='ltr'><strong>charttatc</strong></span> <span class='ocrx_word' id='word_1_113' title='bbox 1114 1545 1420 1615; x_wconf 52' lang='lat' dir='ltr'><strong>prodesse“</strong></span> <span class='ocrx_word' id='word_1_114' title='bbox 1439 1546 1554 1598; x_wconf 79' lang='lat' dir='ltr'><strong>Cor.</strong></span> <span class='ocrx_word' id='word_1_115' title='bbox 1579 1561 1604 1595; x_wconf 74' lang='grc' dir='ltr'><strong>ι</strong></span> <span class='ocrx_word' id='word_1_116' title='bbox 1617 1558 1696 1606; x_wconf 82' lang='grc' dir='ltr'>ιιι,</span> <span class='ocrx_word' id='word_1_117' title='bbox 1710 1541 1792 1611; x_wconf 75' lang='grc'><strong>4).</strong></span> 
     </span>
    </p>
   </div>
   <div class='ocr_carea' id='block_1_15' title="bbox 815 1677 1194 1737">
    <p class='ocr_par' dir='ltr' id='par_1_15' title="bbox 815 1677 1194 1737">
     <span class='ocr_line' id='line_1_15' title="bbox 815 1677 1194 1737; baseline -0.008 -2"><span class='ocrx_word' id='word_1_118' title='bbox 815 1679 1042 1737; x_wconf 77' lang='lat' dir='ltr'><strong>CAPUT</strong></span> <span class='ocrx_word' id='word_1_119' title='bbox 1083 1677 1194 1734; x_wconf 76' lang='lat' dir='ltr'><strong>XII.</strong></span> 
     </span>
    </p>
   </div>
   <div class='ocr_carea' id='block_1_16' title="bbox 222 1767 1796 1830">
    <p class='ocr_par' dir='ltr' id='par_1_16' title="bbox 222 1767 1796 1830">
     <span class='ocr_line' id='line_1_16' title="bbox 222 1767 1796 1830; baseline -0.006 -1"><span class='ocrx_word' id='word_1_120' title='bbox 222 1776 411 1830; x_wconf 77' lang='lat' dir='ltr'><strong>Dii-inte</strong></span> <span class='ocrx_word' id='word_1_121' title='bbox 430 1774 808 1829; x_wconf 73' lang='lat' dir='ltr'><strong>constitutionis</strong></span> <span class='ocrx_word' id='word_1_122' title='bbox 836 1791 934 1825; x_wconf 85' lang='lat' dir='ltr'><strong>non</strong></span> <span class='ocrx_word' id='word_1_123' title='bbox 964 1784 1037 1824; x_wconf 90' lang='lat' dir='ltr'><strong>est</strong></span> <span class='ocrx_word' id='word_1_124' title='bbox 1067 1782 1242 1824; x_wconf 85' lang='lat' dir='ltr'><strong>nostra</strong></span> <span class='ocrx_word' id='word_1_125' title='bbox 1266 1789 1296 1823; x_wconf 82' lang='grc' dir='ltr'><strong>ιι</strong></span> <span class='ocrx_word' id='word_1_126' title='bbox 1322 1767 1429 1823; x_wconf 89' lang='lat' dir='ltr'><strong>Deo</strong></span> <span class='ocrx_word' id='word_1_127' title='bbox 1457 1769 1677 1829; x_wconf 82' lang='lat' dir='ltr'><strong>aversio,</strong></span> <span class='ocrx_word' id='word_1_128' title='bbox 1708 1767 1796 1821; x_wconf 83' lang='lat' dir='ltr'><strong>sed</strong></span> 
     </span>
    </p>
   </div>
   <div class='ocr_carea' id='block_1_17' title="bbox 282 1839 1796 1918">
    <p class='ocr_par' dir='ltr' id='par_1_17' title="bbox 282 1839 1796 1918">
     <span class='ocr_line' id='line_1_17' title="bbox 282 1839 1796 1918; baseline -0.006 -19"><span class='ocrx_word' id='word_1_129' title='bbox 282 1848 504 1918; x_wconf 77' lang='lat' dir='ltr'><strong>propria:</strong></span> <span class='ocrx_word' id='word_1_130' title='bbox 533 1848 839 1908; x_wconf 81' lang='lat' dir='ltr'><strong>voluntatis;</strong></span> <span class='ocrx_word' id='word_1_131' title='bbox 872 1845 1084 1918; x_wconf 78' lang='lat' dir='ltr'><strong>ideoque</strong></span> <span class='ocrx_word' id='word_1_132' title='bbox 1113 1841 1281 1895; x_wconf 89' lang='lat' dir='ltr'><strong>meriti</strong></span> <span class='ocrx_word' id='word_1_133' title='bbox 1329 1841 1546 1894; x_wconf 85' lang='lat' dir='ltr'><strong>hominis</strong></span> <span class='ocrx_word' id='word_1_134' title='bbox 1592 1855 1699 1893; x_wconf 82' lang='lat' dir='ltr'><strong>esse</strong></span> <span class='ocrx_word' id='word_1_135' title='bbox 1752 1839 1796 1892; x_wconf 87' lang='lat' dir='ltr'><strong>si</strong></span> 
     </span>
    </p>
   </div>
   <div class='ocr_carea' id='block_1_18' title="bbox 280 1916 1056 1985">
    <p class='ocr_par' dir='ltr' id='par_1_18' title="bbox 280 1916 1056 1985">
     <span class='ocr_line' id='line_1_18' title="bbox 280 1916 1056 1985; baseline -0.004 -15"><span class='ocrx_word' id='word_1_136' title='bbox 280 1916 486 1974; x_wconf 76' lang='lat' dir='ltr'><strong>steterit.</strong></span> <span class='ocrx_word' id='word_1_137' title='bbox 516 1921 633 1985; x_wconf 86' lang='lat' dir='ltr'><strong>quia</strong></span> <span class='ocrx_word' id='word_1_138' title='bbox 661 1918 839 1969; x_wconf 81' lang='lat' dir='ltr'><strong>cudere</strong></span> <span class='ocrx_word' id='word_1_139' title='bbox 873 1916 1056 1980; x_wconf 83' lang='lat' dir='ltr'><strong>potuit.</strong></span> 
     </span>
    </p>
   </div>
   <div class='ocr_carea' id='block_1_19' title="bbox 283 2003 1792 2074">
    <p class='ocr_par' dir='ltr' id='par_1_19' title="bbox 283 2003 1792 2074">
     <span class='ocr_line' id='line_1_19' title="bbox 283 2003 1792 2074; baseline -0.006 -10"><span class='ocrx_word' id='word_1_140' title='bbox 283 2010 407 2064; x_wconf 62' lang='lat' dir='ltr'><strong>llaec</strong></span> <span class='ocrx_word' id='word_1_141' title='bbox 459 2020 638 2063; x_wconf 70' lang='lat' dir='ltr'><strong>autem</strong></span> <span class='ocrx_word' id='word_1_142' title='bbox 669 2009 977 2062; x_wconf 82' lang='lat' dir='ltr'><strong>suttttnatitu</strong></span> <span class='ocrx_word' id='word_1_143' title='bbox 1012 2007 1352 2074; x_wconf 76' lang='lat' dir='ltr'><strong>breviterque</strong></span> <span class='ocrx_word' id='word_1_144' title='bbox 1380 2003 1662 2072; x_wconf 60' lang='lat' dir='ltr'><strong>perstricta</strong></span> <span class='ocrx_word' id='word_1_145' title='bbox 1683 2049 1695 2069; x_wconf 89' lang='lat'><strong>,</strong></span> <span class='ocrx_word' id='word_1_146' title='bbox 1726 2003 1792 2056; x_wconf 73' lang='lat' dir='ltr'><strong>ad</strong></span> 
     </span>
    </p>
   </div>
   <div class='ocr_carea' id='block_1_20' title="bbox 221 2096 1792 2165">
    <p class='ocr_par' dir='ltr' id='par_1_20' title="bbox 221 2096 1792 2165">
     <span class='ocr_line' id='line_1_20' title="bbox 221 2096 1792 2165; baseline -0.006 -9"><span class='ocrx_word' id='word_1_147' title='bbox 221 2101 266 2156; x_wconf 90' lang='lat' dir='ltr'><strong>id</strong></span> <span class='ocrx_word' id='word_1_148' title='bbox 297 2103 502 2155; x_wconf 81' lang='lat' dir='ltr'><strong>valeant</strong></span> <span class='ocrx_word' id='word_1_149' title='bbox 525 2143 539 2165; x_wconf 86' lang='lat'><strong>,</strong></span> <span class='ocrx_word' id='word_1_150' title='bbox 565 2115 615 2154; x_wconf 88' lang='grc' dir='ltr'><strong>ιιι</strong></span> <span class='ocrx_word' id='word_1_151' title='bbox 645 2105 945 2154; x_wconf 73' lang='lat' dir='ltr'><strong>certissime</strong></span> <span class='ocrx_word' id='word_1_152' title='bbox 982 2097 1294 2153; x_wconf 81' lang='lat' dir='ltr'><strong>novetimus</strong></span> <span class='ocrx_word' id='word_1_153' title='bbox 1321 2097 1522 2151; x_wconf 85' lang='lat' dir='ltr'><strong>nullum</strong></span> <span class='ocrx_word' id='word_1_154' title='bbox 1558 2096 1792 2150; x_wconf 76' lang='lat' dir='ltr'><strong>liddiunt</strong></span> 
     </span>
    </p>
   </div>
   <div class='ocr_carea' id='block_1_21' title="bbox 221 2173 1794 2260">
    <p class='ocr_par' dir='ltr' id='par_1_21' title="bbox 221 2173 1794 2260">
     <span class='ocr_line' id='line_1_21' title="bbox 221 2173 1794 2260; baseline -0.005 -12"><span class='ocrx_word' id='word_1_155' title='bbox 221 2211 246 2249; x_wconf 88' lang='lat' dir='ltr'><strong>a</strong></span> <span class='ocrx_word' id='word_1_156' title='bbox 279 2198 388 2248; x_wconf 76' lang='lat' dir='ltr'><strong>lleo</strong></span> <span class='ocrx_word' id='word_1_157' title='bbox 427 2212 533 2249; x_wconf 82' lang='lat' dir='ltr'><strong>non</strong></span> <span class='ocrx_word' id='word_1_158' title='bbox 565 2173 934 2251; x_wconf 67' lang='lat' dir='ltr'><strong>discedentem</strong></span> <span class='ocrx_word' id='word_1_159' title='bbox 977 2193 1228 2258; x_wconf 73' lang='lat' dir='ltr'><strong>relinqui,</strong></span> <span class='ocrx_word' id='word_1_160' title='bbox 1277 2206 1449 2260; x_wconf 79' lang='lat' dir='ltr'><strong>neque</strong></span> <span class='ocrx_word' id='word_1_161' title='bbox 1480 2189 1794 2256; x_wconf 82' lang='lat' dir='ltr'><strong>cujusquam</strong></span> 
     </span>
    </p>
   </div>
   <div class='ocr_carea' id='block_1_22' title="bbox 220 2280 1792 2349">
    <p class='ocr_par' dir='ltr' id='par_1_22' title="bbox 220 2280 1792 2349">
     <span class='ocr_line' id='line_1_22' title="bbox 220 2280 1792 2349; baseline -0.006 -6"><span class='ocrx_word' id='word_1_162' title='bbox 220 2283 423 2343; x_wconf 78' lang='lat' dir='ltr'><strong>ruinam</strong></span> <span class='ocrx_word' id='word_1_163' title='bbox 451 2305 517 2341; x_wconf 75' lang='lat' dir='ltr'><strong>es</strong></span> <span class='ocrx_word' id='word_1_164' title='bbox 549 2292 729 2340; x_wconf 79' lang='lat' dir='ltr'><strong>divina</strong></span> <span class='ocrx_word' id='word_1_165' title='bbox 753 2302 873 2346; x_wconf 64' lang='lat' dir='ltr'><strong>esse</strong></span> <span class='ocrx_word' id='word_1_166' title='bbox 899 2289 1286 2345; x_wconf 68' lang='lat' dir='ltr'><strong>mustitutione</strong></span> <span class='ocrx_word' id='word_1_167' title='bbox 1315 2285 1630 2349; x_wconf 69' lang='lat' dir='ltr'><strong>dispositam</strong></span> <span class='ocrx_word' id='word_1_168' title='bbox 1657 2299 1671 2338; x_wconf 89' lang='lat'><strong>:</strong></span> <span class='ocrx_word' id='word_1_169' title='bbox 1699 2280 1792 2336; x_wconf 81' lang='lat' dir='ltr'><strong>sed</strong></span> 
     </span>
    </p>
   </div>
   <div class='ocr_carea' id='block_1_23' title="bbox 219 2375 1788 2450">
    <p class='ocr_par' dir='ltr' id='par_1_23' title="bbox 219 2375 1788 2450">
     <span class='ocr_line' id='line_1_23' title="bbox 219 2375 1788 2450; baseline -0.005 -14"><span class='ocrx_word' id='word_1_170' title='bbox 219 2385 416 2444; x_wconf 82' lang='lat' dir='ltr'><strong>multis,</strong></span> <span class='ocrx_word' id='word_1_171' title='bbox 451 2382 542 2448; x_wconf 89' lang='lat' dir='ltr'><strong>qui</strong></span> <span class='ocrx_word' id='word_1_172' title='bbox 569 2380 679 2450; x_wconf 83' lang='lat' dir='ltr'><strong>jam</strong></span> <span class='ocrx_word' id='word_1_173' title='bbox 715 2378 918 2447; x_wconf 83' lang='lat' dir='ltr'><strong>judicio</strong></span> <span class='ocrx_word' id='word_1_174' title='bbox 953 2379 1175 2432; x_wconf 58' lang='lat' dir='ltr'><strong>rationis</strong></span> <span class='ocrx_word' id='word_1_175' title='bbox 1215 2387 1457 2439; x_wconf 89' lang='lat' dir='ltr'><strong>utuntur,</strong></span> <span class='ocrx_word' id='word_1_176' title='bbox 1493 2377 1613 2428; x_wconf 79' lang='lat' dir='ltr'><strong>ideo</strong></span> <span class='ocrx_word' id='word_1_177' title='bbox 1654 2375 1788 2428; x_wconf 88' lang='lat' dir='ltr'><strong>libe-</strong></span> 
     </span>
    </p>
   </div>
   <div class='ocr_carea' id='block_1_24' title="bbox 219 2468 1794 2534">
    <p class='ocr_par' dir='ltr' id='par_1_24' title="bbox 219 2468 1794 2534">
     <span class='ocr_line' id='line_1_24' title="bbox 219 2468 1794 2534; baseline -0.009 -4"><span class='ocrx_word' id='word_1_178' title='bbox 219 2491 330 2530; x_wconf 90' lang='lat' dir='ltr'><strong>rum</strong></span> <span class='ocrx_word' id='word_1_179' title='bbox 353 2489 476 2528; x_wconf 72' lang='lat' dir='ltr'><strong>e~sc</strong></span> <span class='ocrx_word' id='word_1_180' title='bbox 498 2473 799 2533; x_wconf 64' lang='lat' dir='ltr'><strong>diu-edere,</strong></span> <span class='ocrx_word' id='word_1_181' title='bbox 831 2483 885 2524; x_wconf 87' lang='grc' dir='ltr'>ιιι</span> <span class='ocrx_word' id='word_1_182' title='bbox 917 2485 1020 2524; x_wconf 91' lang='lat' dir='ltr'><strong>non</strong></span> <span class='ocrx_word' id='word_1_183' title='bbox 1045 2469 1360 2523; x_wconf 87' lang='lat' dir='ltr'><strong>discessisse</strong></span> <span class='ocrx_word' id='word_1_184' title='bbox 1391 2468 1462 2520; x_wconf 87' lang='lat' dir='ltr'><strong>sit</strong></span> <span class='ocrx_word' id='word_1_185' title='bbox 1487 2468 1794 2534; x_wconf 69' lang='lat' dir='ltr'><strong>praemium;</strong></span> 
     </span>
    </p>
   </div>
   <div class='ocr_carea' id='block_1_25' title="bbox 219 2561 1796 2640">
    <p class='ocr_par' dir='ltr' id='par_1_25' title="bbox 219 2561 1796 2640">
     <span class='ocr_line' id='line_1_25' title="bbox 219 2561 1796 2640; baseline -0.01 -15"><span class='ocrx_word' id='word_1_186' title='bbox 219 2580 351 2626; x_wconf 89' lang='lat' dir='ltr'><strong>etut</strong></span> <span class='ocrx_word' id='word_1_187' title='bbox 397 2570 538 2640; x_wconf 86' lang='lat' dir='ltr'><strong>quod</strong></span> <span class='ocrx_word' id='word_1_188' title='bbox 571 2584 675 2621; x_wconf 86' lang='grc' dir='ltr'>ιιοιι</span> <span class='ocrx_word' id='word_1_189' title='bbox 727 2576 902 2638; x_wconf 61' lang='lat' dir='ltr'><strong>pri&#39;est</strong></span> <span class='ocrx_word' id='word_1_190' title='bbox 949 2566 1050 2619; x_wconf 87' lang='lat' dir='ltr'><strong>nisi</strong></span> <span class='ocrx_word' id='word_1_191' title='bbox 1093 2579 1423 2633; x_wconf 84' lang='lat' dir='ltr'><strong>cooperante</strong></span> <span class='ocrx_word' id='word_1_192' title='bbox 1465 2565 1666 2630; x_wconf 80' lang='lat' dir='ltr'><strong>Spiritu</strong></span> <span class='ocrx_word' id='word_1_193' title='bbox 1705 2561 1796 2615; x_wconf 86' lang='lat' dir='ltr'><strong>Dei</strong></span> 
     </span>
    </p>
   </div>
   <div class='ocr_carea' id='block_1_26' title="bbox 221 2655 1801 2730">
    <p class='ocr_par' dir='ltr' id='par_1_26' title="bbox 221 2655 1801 2730">
     <span class='ocr_line' id='line_1_26' title="bbox 221 2655 1801 2730; baseline -0.006 -13"><span class='ocrx_word' id='word_1_194' title='bbox 221 2666 352 2729; x_wconf 79' lang='lat' dir='ltr'><strong>lieri,</strong></span> <span class='ocrx_word' id='word_1_195' title='bbox 379 2665 497 2730; x_wconf 86' lang='lat' dir='ltr'><strong>ejus</strong></span> <span class='ocrx_word' id='word_1_196' title='bbox 523 2673 543 2698; x_wconf 80' lang='grc' dir='ltr'>ι·</span> <span class='ocrx_word' id='word_1_197' title='bbox 572 2662 780 2714; x_wconf 82' lang='lat' dir='ltr'><strong>meritis</strong></span> <span class='ocrx_word' id='word_1_198' title='bbox 802 2662 1114 2727; x_wconf 64' lang='lat' dir='ltr'><strong>deputetur,</strong></span> <span class='ocrx_word' id='word_1_199' title='bbox 1149 2659 1300 2724; x_wconf 78' lang='lat' dir='ltr'><strong>cujus</strong></span> <span class='ocrx_word' id='word_1_200' title='bbox 1325 2658 1374 2711; x_wconf 90' lang='lat' dir='ltr'><strong>id</strong></span> <span class='ocrx_word' id='word_1_201' title='bbox 1405 2668 1578 2726; x_wconf 81' lang='lat' dir='ltr'><strong>potuit</strong></span> <span class='ocrx_word' id='word_1_202' title='bbox 1608 2655 1801 2708; x_wconf 82' lang='lat' dir='ltr'><strong>volun-</strong></span> 
     </span>
    </p>
   </div>
   <div class='ocr_carea' id='block_1_27' title="bbox 219 2749 1794 2821">
    <p class='ocr_par' dir='ltr' id='par_1_27' title="bbox 219 2749 1794 2821">
     <span class='ocr_line' id='line_1_27' title="bbox 219 2749 1794 2821; baseline -0.007 -11"><span class='ocrx_word' id='word_1_203' title='bbox 219 2765 322 2810; x_wconf 88' lang='lat' dir='ltr'><strong>tate</strong></span> <span class='ocrx_word' id='word_1_204' title='bbox 347 2772 453 2809; x_wconf 86' lang='lat' dir='ltr'><strong>non</strong></span> <span class='ocrx_word' id='word_1_205' title='bbox 484 2754 622 2808; x_wconf 71' lang='lat' dir='ltr'><strong>lit-ri.</strong></span> <span class='ocrx_word' id='word_1_206' title='bbox 653 2754 783 2821; x_wconf 78' lang='lat' dir='ltr'><strong>Qua:</strong></span> <span class='ocrx_word' id='word_1_207' title='bbox 805 2757 1054 2805; x_wconf 81' lang='lat' dir='ltr'><strong>voluntas</strong></span> <span class='ocrx_word' id='word_1_208' title='bbox 1080 2753 1132 2805; x_wconf 91' lang='lat' dir='ltr'><strong>in</strong></span> <span class='ocrx_word' id='word_1_209' title='bbox 1165 2750 1320 2804; x_wconf 82' lang='lat' dir='ltr'><strong>malis</strong></span> <span class='ocrx_word' id='word_1_210' title='bbox 1350 2749 1650 2802; x_wconf 81' lang='lat' dir='ltr'><strong>actionibus</strong></span> <span class='ocrx_word' id='word_1_211' title='bbox 1680 2749 1794 2800; x_wconf 84' lang='lat' dir='ltr'><strong>sttla</strong></span> 
     </span>
    </p>
   </div>
   <div class='ocr_carea' id='block_1_28' title="bbox 217 2847 1791 2919">
    <p class='ocr_par' dir='ltr' id='par_1_28' title="bbox 217 2847 1791 2919">
     <span class='ocr_line' id='line_1_28' title="bbox 217 2847 1791 2919; baseline -0.008 -12"><span class='ocrx_word' id='word_1_212' title='bbox 217 2867 336 2907; x_wconf 79' lang='lat' dir='ltr'><strong>esse</strong></span> <span class='ocrx_word' id='word_1_213' title='bbox 368 2860 586 2919; x_wconf 86' lang='lat' dir='ltr'><strong>potest,</strong></span> <span class='ocrx_word' id='word_1_214' title='bbox 645 2851 694 2902; x_wconf 75' lang='grc' dir='ltr'><strong>ιιι</strong></span> <span class='ocrx_word' id='word_1_215' title='bbox 730 2847 884 2902; x_wconf 74' lang='lat' dir='ltr'><strong>bouis</strong></span> <span class='ocrx_word' id='word_1_216' title='bbox 913 2858 1089 2900; x_wconf 88' lang='lat' dir='ltr'><strong>autem</strong></span> <span class='ocrx_word' id='word_1_217' title='bbox 1138 2848 1248 2898; x_wconf 82' lang='lat' dir='ltr'><strong>sola</strong></span> <span class='ocrx_word' id='word_1_218' title='bbox 1282 2858 1404 2898; x_wconf 89' lang='lat' dir='ltr'><strong>es-e</strong></span> <span class='ocrx_word' id='word_1_219' title='bbox 1445 2858 1550 2896; x_wconf 86' lang='lat' dir='ltr'><strong>non</strong></span> <span class='ocrx_word' id='word_1_220' title='bbox 1601 2849 1791 2908; x_wconf 66' lang='lat' dir='ltr'><strong>potest.</strong></span> 
     </span>
    </p>
   </div>
   <div class='ocr_carea' id='block_1_29' title="bbox 218 2935 1796 3014">
    <p class='ocr_par' dir='ltr' id='par_1_29' title="bbox 218 2935 1796 3014">
     <span class='ocr_line' id='line_1_29' title="bbox 218 2935 1796 3014; baseline -0.007 -18"><span class='ocrx_word' id='word_1_221' title='bbox 218 2945 468 3014; x_wconf 78' lang='lat' dir='ltr'><strong>Quamvis</strong></span> <span class='ocrx_word' id='word_1_222' title='bbox 490 2943 634 2997; x_wconf 89' lang='lat' dir='ltr'><strong>euim</strong></span> <span class='ocrx_word' id='word_1_223' title='bbox 663 2938 688 2978; x_wconf 75' lang='grc' dir='ltr'><strong><em>ἀ</em></strong></span> <span class='ocrx_word' id='word_1_224' title='bbox 719 2939 1012 2995; x_wconf 87' lang='lat' dir='ltr'><strong>secundum</strong></span> <span class='ocrx_word' id='word_1_225' title='bbox 1038 2951 1282 2992; x_wconf 90' lang='lat' dir='ltr'><strong>naturam</strong></span> <span class='ocrx_word' id='word_1_226' title='bbox 1308 2937 1376 2990; x_wconf 65' lang='lat' dir='ltr'><strong>rit</strong></span> <span class='ocrx_word' id='word_1_227' title='bbox 1407 2935 1543 3005; x_wconf 86' lang='lat' dir='ltr'><strong>ejus.</strong></span> <span class='ocrx_word' id='word_1_228' title='bbox 1572 2945 1626 2986; x_wconf 90' lang='grc' dir='ltr'><strong>ιιι</strong></span> <span class='ocrx_word' id='word_1_229' title='bbox 1661 2935 1796 2986; x_wconf 88' lang='lat' dir='ltr'><strong>bona</strong></span> 
     </span>
    </p>
   </div>
   <div class='ocr_carea' id='block_1_30' title="bbox 218 3032 1800 3106">
    <p class='ocr_par' dir='ltr' id='par_1_30' title="bbox 218 3032 1800 3106">
     <span class='ocr_line' id='line_1_30' title="bbox 218 3032 1800 3106; baseline -0.011 -10"><span class='ocrx_word' id='word_1_230' title='bbox 218 3039 313 3099; x_wconf 81' lang='lat' dir='ltr'><strong>sit:</strong></span> <span class='ocrx_word' id='word_1_231' title='bbox 347 3039 528 3093; x_wconf 84' lang='lat' dir='ltr'><strong>vuiunt</strong></span> <span class='ocrx_word' id='word_1_232' title='bbox 576 3047 784 3097; x_wconf 73' lang='lat' dir='ltr'><strong>latnt-tt,</strong></span> <span class='ocrx_word' id='word_1_233' title='bbox 820 3036 962 3106; x_wconf 81' lang='lat' dir='ltr'><strong>quod</strong></span> <span class='ocrx_word' id='word_1_234' title='bbox 1007 3049 1100 3102; x_wconf 86' lang='lat' dir='ltr'><strong>per</strong></span> <span class='ocrx_word' id='word_1_235' title='bbox 1132 3037 1322 3086; x_wconf 87' lang='lat' dir='ltr'><strong>tualaut</strong></span> <span class='ocrx_word' id='word_1_236' title='bbox 1357 3032 1685 3083; x_wconf 80' lang='lat' dir='ltr'><strong>voluntatem</strong></span> <span class='ocrx_word' id='word_1_237' title='bbox 1721 3033 1800 3080; x_wconf 88' lang='lat' dir='ltr'><strong>itt-</strong></span> 
     </span>
    </p>
   </div>
   <div class='ocr_carea' id='block_1_31' title="bbox 217 3119 1799 3194">
    <p class='ocr_par' dir='ltr' id='par_1_31' title="bbox 217 3119 1799 3194">
     <span class='ocr_line' id='line_1_31' title="bbox 217 3119 1799 3194; baseline -0.005 -9"><span class='ocrx_word' id='word_1_238' title='bbox 217 3131 338 3186; x_wconf 89' lang='lat' dir='ltr'><strong>cidit</strong></span> <span class='ocrx_word' id='word_1_239' title='bbox 373 3133 426 3185; x_wconf 88' lang='lat' dir='ltr'><strong>itt</strong></span> <span class='ocrx_word' id='word_1_240' title='bbox 460 3141 730 3194; x_wconf 84' lang='lat' dir='ltr'><strong>naturam,</strong></span> <span class='ocrx_word' id='word_1_241' title='bbox 763 3143 868 3181; x_wconf 90' lang='lat' dir='ltr'><strong>non</strong></span> <span class='ocrx_word' id='word_1_242' title='bbox 901 3135 1105 3180; x_wconf 75' lang='lat' dir='ltr'><strong>natura:</strong></span> <span class='ocrx_word' id='word_1_243' title='bbox 1136 3131 1420 3194; x_wconf 79' lang='lat' dir='ltr'><strong>superatur</strong></span> <span class='ocrx_word' id='word_1_244' title='bbox 1450 3121 1678 3186; x_wconf 86' lang='lat' dir='ltr'><strong>virtute,</strong></span> <span class='ocrx_word' id='word_1_245' title='bbox 1703 3119 1799 3177; x_wconf 71' lang='lat' dir='ltr'><strong>sed</strong></span> 
     </span>
    </p>
   </div>
   <div class='ocr_carea' id='block_1_32' title="bbox 217 3227 416 3298">
    <p class='ocr_par' dir='ltr' id='par_1_32' title="bbox 217 3227 416 3298">
     <span class='ocr_line' id='line_1_32' title="bbox 217 3227 416 3298; baseline -0.005 -18"><span class='ocrx_word' id='word_1_246' title='bbox 217 3227 416 3298; x_wconf 64' lang='lat' dir='ltr'><strong>gratim.</strong></span> 
     </span>
    </p>
   </div>
   <div class='ocr_carea' id='block_1_33' title="bbox 702 3309 1308 3387">
    <p class='ocr_par' dir='ltr' id='par_1_33' title="bbox 702 3309 1308 3387">
     <span class='ocr_line' id='line_1_33' title="bbox 702 3309 1308 3387; baseline -0.01 -18"><span class='ocrx_word' id='word_1_247' title='bbox 702 3315 869 3387; x_wconf 73' lang='lat'><strong>399</strong></span> <span class='ocrx_word' id='word_1_248' title='bbox 905 3311 1132 3369; x_wconf 84' lang='lat' dir='ltr'><strong>CAPUT</strong></span> <span class='ocrx_word' id='word_1_249' title='bbox 1174 3309 1308 3367; x_wconf 81' lang='lat' dir='ltr'><strong>xm.</strong></span> 
     </span>
    </p>
   </div>
   <div class='ocr_carea' id='block_1_34' title="bbox 220 3402 1799 3475">
    <p class='ocr_par' dir='ltr' id='par_1_34' title="bbox 220 3402 1799 3475">
     <span class='ocr_line' id='line_1_34' title="bbox 220 3402 1799 3475; baseline -0.006 -9"><span class='ocrx_word' id='word_1_250' title='bbox 220 3409 506 3467; x_wconf 85' lang='lat' dir='ltr'><strong>Bonitatem</strong></span> <span class='ocrx_word' id='word_1_251' title='bbox 539 3405 634 3463; x_wconf 80' lang='lat' dir='ltr'><strong>Det</strong></span> <span class='ocrx_word' id='word_1_252' title='bbox 663 3426 760 3461; x_wconf 86' lang='lat' dir='ltr'><strong>nou</strong></span> <span class='ocrx_word' id='word_1_253' title='bbox 802 3411 970 3460; x_wconf 72' lang='lat' dir='ltr'><strong>solum</strong></span> <span class='ocrx_word' id='word_1_254' title='bbox 997 3408 1221 3470; x_wconf 85' lang='lat' dir='ltr'><strong>sanctis,</strong></span> <span class='ocrx_word' id='word_1_255' title='bbox 1261 3405 1416 3458; x_wconf 76' lang='lat' dir='ltr'><strong>sedet</strong></span> <span class='ocrx_word' id='word_1_256' title='bbox 1457 3404 1628 3475; x_wconf 78' lang='lat' dir='ltr'><strong>impiis</strong></span> <span class='ocrx_word' id='word_1_257' title='bbox 1654 3402 1799 3457; x_wconf 80' lang='lat' dir='ltr'><strong>iusti-</strong></span> 
     </span>
    </p>
   </div>
   <div class='ocr_carea' id='block_1_35' title="bbox 558 3478 1447 3545">
    <p class='ocr_par' dir='ltr' id='par_1_35' title="bbox 558 3478 1447 3545">
     <span class='ocr_line' id='line_1_35' title="bbox 558 3478 1447 3545; baseline -0.002 -13"><span class='ocrx_word' id='word_1_258' title='bbox 558 3482 758 3534; x_wconf 81' lang='lat' dir='ltr'><strong>tuendis</strong></span> <span class='ocrx_word' id='word_1_259' title='bbox 784 3478 998 3545; x_wconf 74' lang='lat' dir='ltr'><strong>affuisse</strong></span> <span class='ocrx_word' id='word_1_260' title='bbox 1026 3489 1144 3530; x_wconf 81' lang='lat' dir='ltr'><strong>ante</strong></span> <span class='ocrx_word' id='word_1_261' title='bbox 1172 3478 1447 3530; x_wconf 80' lang='lat' dir='ltr'><strong>diluvium.</strong></span> 
     </span>
    </p>
   </div>
   <div class='ocr_carea' id='block_1_36' title="bbox 282 3595 1796 3670">
    <p class='ocr_par' dir='ltr' id='par_1_36' title="bbox 282 3595 1796 3670">
     <span class='ocr_line' id='line_1_36' title="bbox 282 3595 1796 3670; baseline -0.005 -15"><span class='ocrx_word' id='word_1_262' title='bbox 282 3597 588 3670; x_wconf 60' lang='lat' dir='ltr'><strong>Regebatur</strong></span> <span class='ocrx_word' id='word_1_263' title='bbox 635 3612 764 3666; x_wconf 77' lang='lat' dir='ltr'><strong>ergo</strong></span> <span class='ocrx_word' id='word_1_264' title='bbox 809 3597 1012 3666; x_wconf 88' lang='lat' dir='ltr'><strong>primus</strong></span> <span class='ocrx_word' id='word_1_265' title='bbox 1055 3597 1142 3650; x_wconf 88' lang='lat' dir='ltr'><strong>ille</strong></span> <span class='ocrx_word' id='word_1_266' title='bbox 1171 3596 1404 3666; x_wconf 89' lang='lat' dir='ltr'><strong>populus</strong></span> <span class='ocrx_word' id='word_1_267' title='bbox 1451 3595 1540 3649; x_wconf 92' lang='lat' dir='ltr'><strong>Dei</strong></span> <span class='ocrx_word' id='word_1_268' title='bbox 1589 3595 1796 3662; x_wconf 77' lang='lat' dir='ltr'><strong>Spiritu</strong></span> 
     </span>
    </p>
   </div>
   <div class='ocr_carea' id='block_1_37' title="bbox 219 3687 1798 3756">
    <p class='ocr_par' dir='ltr' id='par_1_37' title="bbox 219 3687 1798 3756">
     <span class='ocr_line' id='line_1_37' title="bbox 219 3687 1798 3756; baseline -0.003 -11"><span class='ocrx_word' id='word_1_269' title='bbox 219 3690 337 3751; x_wconf 89' lang='lat' dir='ltr'><strong>Dei.</strong></span> <span class='ocrx_word' id='word_1_270' title='bbox 388 3699 444 3744; x_wconf 87' lang='lat' dir='ltr'><strong>et</strong></span> <span class='ocrx_word' id='word_1_271' title='bbox 474 3706 502 3741; x_wconf 92' lang='lat' dir='ltr'><strong>a</strong></span> <span class='ocrx_word' id='word_1_272' title='bbox 533 3689 802 3744; x_wconf 88' lang='lat' dir='ltr'><strong>maledicti</strong></span> <span class='ocrx_word' id='word_1_273' title='bbox 833 3703 896 3740; x_wconf 92' lang='lat' dir='ltr'><strong>ac</strong></span> <span class='ocrx_word' id='word_1_274' title='bbox 929 3687 1278 3756; x_wconf 46' lang='lat' dir='ltr'><strong>pra’damnati</strong></span> <span class='ocrx_word' id='word_1_275' title='bbox 1320 3688 1498 3755; x_wconf 73' lang='lat' dir='ltr'><strong>pepuli</strong></span> <span class='ocrx_word' id='word_1_276' title='bbox 1541 3689 1798 3741; x_wconf 86' lang='lat' dir='ltr'><strong>societate</strong></span> 
     </span>
    </p>
   </div>
   <div class='ocr_carea' id='block_1_38' title="bbox 215 3779 1796 3851">
    <p class='ocr_par' dir='ltr' id='par_1_38' title="bbox 215 3779 1796 3851">
     <span class='ocr_line' id='line_1_38' title="bbox 215 3779 1796 3851; baseline -0.004 -13"><span class='ocrx_word' id='word_1_277' title='bbox 215 3801 273 3840; x_wconf 89' lang='lat' dir='ltr'><strong>ac</strong></span> <span class='ocrx_word' id='word_1_278' title='bbox 303 3785 546 3839; x_wconf 88' lang='lat' dir='ltr'><strong>moribus</strong></span> <span class='ocrx_word' id='word_1_279' title='bbox 578 3799 672 3851; x_wconf 88' lang='lat' dir='ltr'><strong>per</strong></span> <span class='ocrx_word' id='word_1_280' title='bbox 703 3783 1060 3836; x_wconf 87' lang='lat' dir='ltr'><strong>eruditionem</strong></span> <span class='ocrx_word' id='word_1_281' title='bbox 1089 3781 1256 3834; x_wconf 82' lang='lat' dir='ltr'><strong>sancti</strong></span> <span class='ocrx_word' id='word_1_282' title='bbox 1293 3779 1526 3849; x_wconf 77' lang='lat' dir='ltr'><strong>Spiritus</strong></span> <span class='ocrx_word' id='word_1_283' title='bbox 1554 3779 1796 3832; x_wconf 77' lang='lat' dir='ltr'><strong>abstine-</strong></span> 
     </span>
    </p>
   </div>
   <div class='ocr_carea' id='block_1_39' title="bbox 214 3875 1794 3945">
    <p class='ocr_par' dir='ltr' id='par_1_39' title="bbox 214 3875 1794 3945">
     <span class='ocr_line' id='line_1_39' title="bbox 214 3875 1794 3945; baseline -0.003 -11"><span class='ocrx_word' id='word_1_284' title='bbox 214 3879 320 3945; x_wconf 89' lang='lat' dir='ltr'><strong>bat,</strong></span> <span class='ocrx_word' id='word_1_285' title='bbox 355 3877 671 3933; x_wconf 90' lang='lat' dir='ltr'><strong>custodiens</strong></span> <span class='ocrx_word' id='word_1_286' title='bbox 699 3875 1080 3931; x_wconf 71' lang='lat' dir='ltr'><strong>discretionem</strong></span> <span class='ocrx_word' id='word_1_287' title='bbox 1108 3877 1190 3930; x_wconf 90' lang='lat' dir='ltr'><strong>sui</strong></span> <span class='ocrx_word' id='word_1_288' title='bbox 1220 3894 1246 3927; x_wconf 88' lang='lat' dir='ltr'><strong>a</strong></span> <span class='ocrx_word' id='word_1_289' title='bbox 1283 3875 1642 3944; x_wconf 85' lang='lat' dir='ltr'><strong>permixtione</strong></span> <span class='ocrx_word' id='word_1_290' title='bbox 1673 3891 1794 3930; x_wconf 85' lang='lat' dir='ltr'><strong>car-</strong></span> 
     </span>
    </p>
   </div>
   <div class='ocr_carea' id='block_1_40' title="bbox 211 3967 1796 4041">
    <p class='ocr_par' dir='ltr' id='par_1_40' title="bbox 211 3967 1796 4041">
     <span class='ocr_line' id='line_1_40' title="bbox 211 3967 1796 4041; baseline -0.003 -14"><span class='ocrx_word' id='word_1_291' title='bbox 211 3974 410 4027; x_wconf 89' lang='lat' dir='ltr'><strong>nalium</strong></span> <span class='ocrx_word' id='word_1_292' title='bbox 438 3989 451 4026; x_wconf 92' lang='lat'><strong>:</strong></span> <span class='ocrx_word' id='word_1_293' title='bbox 476 3987 705 4041; x_wconf 89' lang='lat' dir='ltr'><strong>quorum</strong></span> <span class='ocrx_word' id='word_1_294' title='bbox 729 3971 870 4023; x_wconf 84' lang='lat' dir='ltr'><strong>mala</strong></span> <span class='ocrx_word' id='word_1_295' title='bbox 898 3970 1098 4023; x_wconf 84' lang='lat' dir='ltr'><strong>tamdiu</strong></span> <span class='ocrx_word' id='word_1_296' title='bbox 1123 3968 1373 4022; x_wconf 84' lang='lat' dir='ltr'><strong>sustinuit</strong></span> <span class='ocrx_word' id='word_1_297' title='bbox 1397 3970 1653 4034; x_wconf 89' lang='lat' dir='ltr'><strong>patientia</strong></span> <span class='ocrx_word' id='word_1_298' title='bbox 1679 3967 1796 4032; x_wconf 83' lang='lat' dir='ltr'><strong>Dei,</strong></span> 
     </span>
    </p>
   </div>
   <div class='ocr_carea' id='block_1_41' title="bbox 210 4059 1793 4134">
    <p class='ocr_par' dir='ltr' id='par_1_41' title="bbox 210 4059 1793 4134">
     <span class='ocr_line' id='line_1_41' title="bbox 210 4059 1793 4134; baseline -0.002 -21"><span class='ocrx_word' id='word_1_299' title='bbox 210 4064 463 4134; x_wconf 87' lang='lat' dir='ltr'><strong>quamdiu</strong></span> <span class='ocrx_word' id='word_1_300' title='bbox 515 4063 665 4129; x_wconf 86' lang='lat' dir='ltr'><strong>boni,</strong></span> <span class='ocrx_word' id='word_1_301' title='bbox 711 4076 806 4131; x_wconf 90' lang='lat' dir='ltr'><strong>per</strong></span> <span class='ocrx_word' id='word_1_302' title='bbox 834 4059 885 4114; x_wconf 90' lang='lat' dir='ltr'><strong>id</strong></span> <span class='ocrx_word' id='word_1_303' title='bbox 934 4061 1075 4128; x_wconf 89' lang='lat' dir='ltr'><strong>quod</strong></span> <span class='ocrx_word' id='word_1_304' title='bbox 1106 4075 1202 4115; x_wconf 86' lang='lat' dir='ltr'><strong>eos</strong></span> <span class='ocrx_word' id='word_1_305' title='bbox 1255 4074 1362 4114; x_wconf 87' lang='lat' dir='ltr'><strong>non</strong></span> <span class='ocrx_word' id='word_1_306' title='bbox 1418 4060 1793 4124; x_wconf 89' lang='lat' dir='ltr'><strong>imitabantur,</strong></span> 
     </span>
    </p>
   </div>
   <div class='ocr_carea' id='block_1_42' title="bbox 209 4151 1797 4227">
    <p class='ocr_par' dir='ltr' id='par_1_42' title="bbox 209 4151 1797 4227">
     <span class='ocr_line' id='line_1_42' title="bbox 209 4151 1797 4227; baseline -0.003 -17"><span class='ocrx_word' id='word_1_307' title='bbox 209 4157 424 4227; x_wconf 85' lang='lat' dir='ltr'><strong>placere</strong></span> <span class='ocrx_word' id='word_1_308' title='bbox 479 4163 767 4224; x_wconf 85' lang='lat' dir='ltr'><strong>potuerunt</strong></span> <span class='ocrx_word' id='word_1_309' title='bbox 819 4171 830 4205; x_wconf 95' lang='lat'>:</span> <span class='ocrx_word' id='word_1_310' title='bbox 865 4151 956 4206; x_wconf 90' lang='lat' dir='ltr'><strong>ubi</strong></span> <span class='ocrx_word' id='word_1_311' title='bbox 987 4168 1115 4206; x_wconf 89' lang='lat' dir='ltr'><strong>vero</strong></span> <span class='ocrx_word' id='word_1_312' title='bbox 1161 4153 1320 4206; x_wconf 89' lang='lat' dir='ltr'><strong>etiam</strong></span> <span class='ocrx_word' id='word_1_313' title='bbox 1364 4152 1490 4206; x_wconf 90' lang='lat' dir='ltr'><strong>boni</strong></span> <span class='ocrx_word' id='word_1_314' title='bbox 1531 4151 1797 4206; x_wconf 84' lang='lat' dir='ltr'><strong>malorum</strong></span> 
     </span>
    </p>
   </div>
   <div class='ocr_carea' id='block_1_43' title="bbox 209 4234 1798 4316">
    <p class='ocr_par' dir='ltr' id='par_1_43' title="bbox 209 4234 1798 4316">
     <span class='ocr_line' id='line_1_43' title="bbox 209 4234 1798 4316; baseline -0.001 -12"><span class='ocrx_word' id='word_1_315' title='bbox 209 4248 514 4304; x_wconf 84' lang='lat' dir='ltr'><strong>imitatione</strong></span> <span class='ocrx_word' id='word_1_316' title='bbox 558 4246 799 4316; x_wconf 87' lang='lat' dir='ltr'><strong>corrupti</strong></span> <span class='ocrx_word' id='word_1_317' title='bbox 843 4255 994 4310; x_wconf 82' lang='lat' dir='ltr'><strong>sunt,</strong></span> <span class='ocrx_word' id='word_1_318' title='bbox 1027 4255 1082 4300; x_wconf 89' lang='lat' dir='ltr'><strong>et</strong></span> <span class='ocrx_word' id='word_1_319' title='bbox 1113 4255 1135 4282; x_wconf 74' lang='grc' dir='ltr'><strong><em>ο</em></strong></span> <span class='ocrx_word' id='word_1_320' title='bbox 1169 4261 1261 4314; x_wconf 88' lang='lat' dir='ltr'><strong>per</strong></span> <span class='ocrx_word' id='word_1_321' title='bbox 1286 4246 1650 4300; x_wconf 75' lang='lat' dir='ltr'><strong>Vttlltllllll&#39;illlll</strong></span> <span class='ocrx_word' id='word_1_322' title='bbox 1698 4234 1798 4302; x_wconf 50' lang='lat' dir='ltr'><strong>de:</strong></span> 
     </span>
    </p>
   </div>
   <div class='ocr_carea' id='block_1_44' title="bbox 210 4337 1799 4408">
    <p class='ocr_par' dir='ltr' id='par_1_44' title="bbox 210 4337 1799 4408">
     <span class='ocr_line' id='line_1_44' title="bbox 210 4337 1799 4408; baseline 0 -12"><span class='ocrx_word' id='word_1_323' title='bbox 210 4343 410 4398; x_wconf 83' lang='lat' dir='ltr'><strong>lectum</strong></span> <span class='ocrx_word' id='word_1_324' title='bbox 445 4342 497 4393; x_wconf 76' lang='grc' dir='ltr'><strong>ιιι</strong></span> <span class='ocrx_word' id='word_1_325' title='bbox 544 4341 786 4396; x_wconf 84' lang='lat' dir='ltr'><strong>eamdem</strong></span> <span class='ocrx_word' id='word_1_326' title='bbox 822 4342 1114 4408; x_wconf 89' lang='lat' dir='ltr'><strong>nequitiam</strong></span> <span class='ocrx_word' id='word_1_327' title='bbox 1151 4337 1170 4377; x_wconf 72' lang='grc' dir='ltr'>ί</span> <span class='ocrx_word' id='word_1_328' title='bbox 1213 4339 1545 4408; x_wconf 88' lang='lat' dir='ltr'><strong>eonspiravit</strong></span> <span class='ocrx_word' id='word_1_329' title='bbox 1583 4343 1799 4396; x_wconf 81' lang='lat' dir='ltr'><strong>univer-</strong></span> 
     </span>
    </p>
   </div>
   <div class='ocr_carea' id='block_1_45' title="bbox 211 4433 1798 4506">
    <p class='ocr_par' dir='ltr' id='par_1_45' title="bbox 211 4433 1798 4506">
     <span class='ocr_line' id='line_1_45' title="bbox 211 4433 1798 4506; baseline -0.001 -16"><span class='ocrx_word' id='word_1_330' title='bbox 211 4437 343 4490; x_wconf 79' lang='lat' dir='ltr'><strong>sitas</strong></span> <span class='ocrx_word' id='word_1_331' title='bbox 376 4451 392 4490; x_wconf 92' lang='lat'><strong>:</strong></span> <span class='ocrx_word' id='word_1_332' title='bbox 425 4449 562 4506; x_wconf 89' lang='lat' dir='ltr'><strong>quos</strong></span> <span class='ocrx_word' id='word_1_333' title='bbox 584 4474 599 4496; x_wconf 87' lang='lat'><strong>,</strong></span> <span class='ocrx_word' id='word_1_334' title='bbox 628 4444 848 4500; x_wconf 80' lang='lat' dir='ltr'><strong>excepta</strong></span> <span class='ocrx_word' id='word_1_335' title='bbox 879 4433 990 4488; x_wconf 80' lang='lat' dir='ltr'><strong>Noe</strong></span> <span class='ocrx_word' id='word_1_336' title='bbox 1017 4433 1210 4498; x_wconf 89' lang='lat' dir='ltr'><strong>domo,</strong></span> <span class='ocrx_word' id='word_1_337' title='bbox 1257 4448 1361 4487; x_wconf 86' lang='lat' dir='ltr'><strong>una</strong></span> <span class='ocrx_word' id='word_1_338' title='bbox 1396 4434 1642 4502; x_wconf 87' lang='lat' dir='ltr'><strong>impietas</strong></span> <span class='ocrx_word' id='word_1_339' title='bbox 1669 4449 1798 4503; x_wconf 91' lang='lat' dir='ltr'><strong>pro-</strong></span> 
     </span>
    </p>
   </div>
   <div class='ocr_carea' id='block_1_46' title="bbox 208 4523 1800 4586">
    <p class='ocr_par' dir='ltr' id='par_1_46' title="bbox 208 4523 1800 4586">
     <span class='ocr_line' id='line_1_46' title="bbox 208 4523 1800 4586; baseline -0.001 -4"><span class='ocrx_word' id='word_1_340' title='bbox 208 4526 452 4586; x_wconf 78' lang='lat' dir='ltr'><strong>fanavit.</strong></span> <span class='ocrx_word' id='word_1_341' title='bbox 477 4527 739 4582; x_wconf 70' lang='lat' dir='ltr'><strong>sententia</strong></span> <span class='ocrx_word' id='word_1_342' title='bbox 774 4540 874 4578; x_wconf 91' lang='lat' dir='ltr'><strong>una</strong></span> <span class='ocrx_word' id='word_1_343' title='bbox 897 4524 1118 4579; x_wconf 81' lang='lat' dir='ltr'><strong>delevit.</strong></span> <span class='ocrx_word' id='word_1_344' title='bbox 1153 4523 1369 4578; x_wconf 71' lang='lat' dir='ltr'><strong>Bonitas</strong></span> <span class='ocrx_word' id='word_1_345' title='bbox 1399 4536 1576 4577; x_wconf 89' lang='lat' dir='ltr'><strong>autem</strong></span> <span class='ocrx_word' id='word_1_346' title='bbox 1614 4523 1706 4579; x_wconf 89' lang='lat' dir='ltr'><strong>Dei</strong></span> <span class='ocrx_word' id='word_1_347' title='bbox 1733 4541 1800 4581; x_wconf 83' lang='lat' dir='ltr'><strong>ns</strong></span> 
     </span>
    </p>
   </div>
   <div class='ocr_carea' id='block_1_47' title="bbox 208 4619 1795 4692">
    <p class='ocr_par' dir='ltr' id='par_1_47' title="bbox 208 4619 1795 4692">
     <span class='ocr_line' id='line_1_47' title="bbox 208 4619 1795 4692; baseline -0.001 -16"><span class='ocrx_word' id='word_1_348' title='bbox 208 4620 289 4676; x_wconf 89' lang='lat' dir='ltr'><strong>illi</strong></span> <span class='ocrx_word' id='word_1_349' title='bbox 321 4620 542 4692; x_wconf 80' lang='lat' dir='ltr'><strong>quidem</strong></span> <span class='ocrx_word' id='word_1_350' title='bbox 577 4621 712 4688; x_wconf 82' lang='lat' dir='ltr'><strong>parti</strong></span> <span class='ocrx_word' id='word_1_351' title='bbox 744 4619 930 4685; x_wconf 84' lang='lat' dir='ltr'><strong>deluit,</strong></span> <span class='ocrx_word' id='word_1_352' title='bbox 963 4634 1085 4690; x_wconf 79' lang='lat' dir='ltr'><strong>qua:</strong></span> <span class='ocrx_word' id='word_1_353' title='bbox 1115 4619 1166 4672; x_wconf 85' lang='lat' dir='ltr'><strong>iit</strong></span> <span class='ocrx_word' id='word_1_354' title='bbox 1191 4619 1452 4674; x_wconf 84' lang='lat' dir='ltr'><strong>cbaritate</strong></span> <span class='ocrx_word' id='word_1_355' title='bbox 1485 4634 1590 4673; x_wconf 87' lang='lat' dir='ltr'><strong>non</strong></span> <span class='ocrx_word' id='word_1_356' title='bbox 1613 4620 1795 4685; x_wconf 82' lang='lat' dir='ltr'><strong>stetit,</strong></span> 
     </span>
    </p>
   </div>
   <div class='ocr_carea' id='block_1_48' title="bbox 1892 614 3483 692">
    <p class='ocr_par' dir='ltr' id='par_1_48' title="bbox 1892 614 3483 692">
     <span class='ocr_line' id='line_1_48' title="bbox 1892 614 3483 692; baseline 0.004 -23"><span class='ocrx_word' id='word_1_357' title='bbox 1892 614 2081 669; x_wconf 88' lang='lat' dir='ltr'><strong>dicens</strong></span> <span class='ocrx_word' id='word_1_358' title='bbox 2124 615 2189 670; x_wconf 83' lang='lat' dir='ltr'><strong>ad</strong></span> <span class='ocrx_word' id='word_1_359' title='bbox 2236 616 2368 672; x_wconf 83' lang='lat' dir='ltr'><strong>Cain</strong></span> <span class='ocrx_word' id='word_1_360' title='bbox 2395 660 2412 682; x_wconf 92' lang='lat'><strong>,</strong></span> <span class='ocrx_word' id='word_1_361' title='bbox 2473 618 2541 674; x_wconf 86' lang='lat' dir='ltr'><strong>Ut</strong></span> <span class='ocrx_word' id='word_1_362' title='bbox 2587 619 2714 690; x_wconf 83' lang='lat' dir='ltr'><strong>quid</strong></span> <span class='ocrx_word' id='word_1_363' title='bbox 2743 620 2903 674; x_wconf 84' lang='lat' dir='ltr'><strong>tristis</strong></span> <span class='ocrx_word' id='word_1_364' title='bbox 2933 623 3101 688; x_wconf 78' lang='lat' dir='ltr'><strong>factus</strong></span> <span class='ocrx_word' id='word_1_365' title='bbox 3121 620 3218 675; x_wconf 79' lang='lat' dir='ltr'><strong>es.’</strong></span> <span class='ocrx_word' id='word_1_366' title='bbox 3261 618 3330 674; x_wconf 89' lang='lat' dir='ltr'><strong>Ut</strong></span> <span class='ocrx_word' id='word_1_367' title='bbox 3355 621 3483 692; x_wconf 67' lang='lat' dir='ltr'><strong>quid</strong></span> 
     </span>
    </p>
   </div>
   <div class='ocr_carea' id='block_1_49' title="bbox 1891 708 3484 778">
    <p class='ocr_par' dir='ltr' id='par_1_49' title="bbox 1891 708 3484 778">
     <span class='ocr_line' id='line_1_49' title="bbox 1891 708 3484 778; baseline 0.004 -18"><span class='ocrx_word' id='word_1_368' title='bbox 1891 708 2115 760; x_wconf 82' lang='lat' dir='ltr'><strong>concidit</strong></span> <span class='ocrx_word' id='word_1_369' title='bbox 2159 710 2328 762; x_wconf 81' lang='lat' dir='ltr'><strong>uultus</strong></span> <span class='ocrx_word' id='word_1_370' title='bbox 2374 711 2539 764; x_wconf 75' lang='lat' dir='ltr'><strong>tuus?</strong></span> <span class='ocrx_word' id='word_1_371' title='bbox 2584 709 2776 764; x_wconf 86' lang='lat' dir='ltr'><strong>Nonne</strong></span> <span class='ocrx_word' id='word_1_372' title='bbox 2825 711 2869 764; x_wconf 87' lang='lat' dir='ltr'><strong>si</strong></span> <span class='ocrx_word' id='word_1_373' title='bbox 2897 723 3029 764; x_wconf 77' lang='lat' dir='ltr'><strong>recte</strong></span> <span class='ocrx_word' id='word_1_374' title='bbox 3072 708 3298 778; x_wconf 62' lang='lat' dir='ltr'><strong>clerus,</strong></span> <span class='ocrx_word' id='word_1_375' title='bbox 3348 720 3484 766; x_wconf 70' lang='lat' dir='ltr'><strong>recte</strong></span> 
     </span>
    </p>
   </div>
   <div class='ocr_carea' id='block_1_50' title="bbox 1890 799 3483 870">
    <p class='ocr_par' dir='ltr' id='par_1_50' title="bbox 1890 799 3483 870">
     <span class='ocr_line' id='line_1_50' title="bbox 1890 799 3483 870; baseline 0.002 -19"><span class='ocrx_word' id='word_1_376' title='bbox 1890 808 2011 851; x_wconf 77' lang='lat' dir='ltr'><strong>aute</strong></span> <span class='ocrx_word' id='word_1_377' title='bbox 2030 815 2060 848; x_wconf 89' lang='grc' dir='ltr'><strong>ιι</strong></span> <span class='ocrx_word' id='word_1_378' title='bbox 2091 815 2192 852; x_wconf 91' lang='lat' dir='ltr'><strong>non</strong></span> <span class='ocrx_word' id='word_1_379' title='bbox 2223 799 2443 862; x_wconf 82' lang='lat' dir='ltr'><strong>dividas,</strong></span> <span class='ocrx_word' id='word_1_380' title='bbox 2476 802 2732 870; x_wconf 71' lang='lat' dir='ltr'><strong>peccasti?</strong></span> <span class='ocrx_word' id='word_1_381' title='bbox 2755 802 2974 869; x_wconf 78' lang='lat' dir='ltr'><strong>quiesce.</strong></span> <span class='ocrx_word' id='word_1_382' title='bbox 3015 800 3094 855; x_wconf 73' lang='lat' dir='ltr'><strong>Ad</strong></span> <span class='ocrx_word' id='word_1_383' title='bbox 3135 811 3184 854; x_wconf 90' lang='lat' dir='ltr'><strong>te</strong></span> <span class='ocrx_word' id='word_1_384' title='bbox 3221 803 3358 856; x_wconf 81' lang='lat' dir='ltr'><strong>enim</strong></span> <span class='ocrx_word' id='word_1_385' title='bbox 3384 802 3483 855; x_wconf 86' lang='lat' dir='ltr'><strong>erit</strong></span> 
     </span>
    </p>
   </div>
   <div class='ocr_carea' id='block_1_51' title="bbox 1892 891 3475 966">
    <p class='ocr_par' dir='ltr' id='par_1_51' title="bbox 1892 891 3475 966">
     <span class='ocr_line' id='line_1_51' title="bbox 1892 891 3475 966; baseline 0.003 -22"><span class='ocrx_word' id='word_1_386' title='bbox 1892 891 2156 945; x_wconf 79' lang='lat' dir='ltr'><strong>conversio</strong></span> <span class='ocrx_word' id='word_1_387' title='bbox 2183 895 2325 962; x_wconf 84' lang='lat' dir='ltr'><strong>ejus,</strong></span> <span class='ocrx_word' id='word_1_388' title='bbox 2354 903 2402 946; x_wconf 87' lang='lat' dir='ltr'><strong>et</strong></span> <span class='ocrx_word' id='word_1_389' title='bbox 2434 905 2488 946; x_wconf 91' lang='lat' dir='ltr'><strong>tu</strong></span> <span class='ocrx_word' id='word_1_390' title='bbox 2533 894 2878 948; x_wconf 81' lang='lat' dir='ltr'><strong>dominaberis</strong></span> <span class='ocrx_word' id='word_1_391' title='bbox 2922 898 3037 966; x_wconf 83' lang='lat' dir='ltr'><strong>ejus</strong></span> <span class='ocrx_word' id='word_1_392' title='bbox 3065 891 3221 963; x_wconf 82' lang='lat' dir='ltr'><strong>(Gen.</strong></span> <span class='ocrx_word' id='word_1_393' title='bbox 3271 909 3348 958; x_wconf 85' lang='lat' dir='ltr'><strong>tv,</strong></span> <span class='ocrx_word' id='word_1_394' title='bbox 3400 893 3475 964; x_wconf 81' lang='grc'><strong>6).</strong></span> 
     </span>
    </p>
   </div>
   <div class='ocr_carea' id='block_1_52' title="bbox 1896 982 3479 1052">
    <p class='ocr_par' dir='ltr' id='par_1_52' title="bbox 1896 982 3479 1052">
     <span class='ocr_line' id='line_1_52' title="bbox 1896 982 3479 1052; baseline 0.003 -16"><span class='ocrx_word' id='word_1_395' title='bbox 1896 982 2136 1052; x_wconf 86' lang='lat' dir='ltr'><strong>Depone.</strong></span> <span class='ocrx_word' id='word_1_396' title='bbox 2170 983 2376 1050; x_wconf 84' lang='lat' dir='ltr'><strong>inquit,</strong></span> <span class='ocrx_word' id='word_1_397' title='bbox 2403 1002 2454 1038; x_wconf 85' lang='lat' dir='ltr'><strong>ot</strong></span> <span class='ocrx_word' id='word_1_398' title='bbox 2469 993 2573 1039; x_wconf 84' lang='lat' dir='ltr'><strong>tam</strong></span> <span class='ocrx_word' id='word_1_399' title='bbox 2601 987 2670 1042; x_wconf 84' lang='lat' dir='ltr'><strong>de</strong></span> <span class='ocrx_word' id='word_1_400' title='bbox 2694 987 2911 1043; x_wconf 79' lang='lat' dir='ltr'><strong>invidia:</strong></span> <span class='ocrx_word' id='word_1_401' title='bbox 2932 987 3278 1043; x_wconf 68' lang='lat' dir='ltr'><strong>:ecnulatione</strong></span> <span class='ocrx_word' id='word_1_402' title='bbox 3309 988 3479 1042; x_wconf 85' lang='lat' dir='ltr'><strong>tristi-</strong></span> 
     </span>
    </p>
   </div>
   <div class='ocr_carea' id='block_1_53' title="bbox 1895 1076 3480 1152">
    <p class='ocr_par' dir='ltr' id='par_1_53' title="bbox 1895 1076 3480 1152">
     <span class='ocr_line' id='line_1_53' title="bbox 1895 1076 3480 1152; baseline 0.001 -21"><span class='ocrx_word' id='word_1_403' title='bbox 1895 1076 2049 1142; x_wconf 78' lang='lat' dir='ltr'><strong>tiam,</strong></span> <span class='ocrx_word' id='word_1_404' title='bbox 2082 1088 2134 1131; x_wconf 89' lang='lat' dir='ltr'><strong>et</strong></span> <span class='ocrx_word' id='word_1_405' title='bbox 2166 1076 2410 1132; x_wconf 79' lang='lat' dir='ltr'><strong>ﬂammas</strong></span> <span class='ocrx_word' id='word_1_406' title='bbox 2439 1077 2548 1132; x_wconf 89' lang='lat' dir='ltr'><strong>odii</strong></span> <span class='ocrx_word' id='word_1_407' title='bbox 2579 1082 2809 1135; x_wconf 79' lang='lat' dir='ltr'><strong>crudelis</strong></span> <span class='ocrx_word' id='word_1_408' title='bbox 2842 1083 3123 1152; x_wconf 68' lang='lat' dir='ltr'><strong>exstingue</strong></span> <span class='ocrx_word' id='word_1_409' title='bbox 3159 1098 3171 1134; x_wconf 91' lang='lat'><strong>:</strong></span> <span class='ocrx_word' id='word_1_410' title='bbox 3205 1080 3337 1134; x_wconf 86' lang='lat' dir='ltr'><strong>uilttl</strong></span> <span class='ocrx_word' id='word_1_411' title='bbox 3387 1080 3480 1133; x_wconf 88' lang='lat' dir='ltr'><strong>tibi</strong></span> 
     </span>
    </p>
   </div>
   <div class='ocr_carea' id='block_1_54' title="bbox 1896 1171 3484 1244">
    <p class='ocr_par' dir='ltr' id='par_1_54' title="bbox 1896 1171 3484 1244">
     <span class='ocr_line' id='line_1_54' title="bbox 1896 1171 3484 1244; baseline 0.001 -18"><span class='ocrx_word' id='word_1_412' title='bbox 1896 1171 2031 1226; x_wconf 81' lang='lat' dir='ltr'><strong>Abel</strong></span> <span class='ocrx_word' id='word_1_413' title='bbox 2079 1171 2295 1236; x_wconf 91' lang='lat' dir='ltr'><strong>nocuit,</strong></span> <span class='ocrx_word' id='word_1_414' title='bbox 2334 1187 2432 1225; x_wconf 86' lang='lat' dir='ltr'><strong>nec</strong></span> <span class='ocrx_word' id='word_1_415' title='bbox 2462 1171 2592 1226; x_wconf 80' lang='lat' dir='ltr'><strong>milii</strong></span> <span class='ocrx_word' id='word_1_416' title='bbox 2641 1175 2904 1244; x_wconf 83' lang='lat' dir='ltr'><strong>placenda</strong></span> <span class='ocrx_word' id='word_1_417' title='bbox 2936 1185 2988 1230; x_wconf 92' lang='lat' dir='ltr'><strong>te</strong></span> <span class='ocrx_word' id='word_1_418' title='bbox 3043 1175 3197 1229; x_wconf 69' lang='lat' dir='ltr'><strong>laesit.</strong></span> <span class='ocrx_word' id='word_1_419' title='bbox 3253 1173 3484 1242; x_wconf 78' lang='lat' dir='ltr'><strong>Despexi</strong></span> 
     </span>
    </p>
   </div>
   <div class='ocr_carea' id='block_1_55' title="bbox 1898 1261 3484 1334">
    <p class='ocr_par' dir='ltr' id='par_1_55' title="bbox 1898 1261 3484 1334">
     <span class='ocr_line' id='line_1_55' title="bbox 1898 1261 3484 1334; baseline 0.001 -17"><span class='ocrx_word' id='word_1_420' title='bbox 1898 1279 2120 1317; x_wconf 90' lang='lat' dir='ltr'><strong>munera</strong></span> <span class='ocrx_word' id='word_1_421' title='bbox 2152 1274 2238 1319; x_wconf 89' lang='lat' dir='ltr'><strong>tua</strong></span> <span class='ocrx_word' id='word_1_422' title='bbox 2273 1278 2395 1317; x_wconf 89' lang='lat' dir='ltr'><strong>tneo</strong></span> <span class='ocrx_word' id='word_1_423' title='bbox 2417 1263 2644 1332; x_wconf 86' lang='lat' dir='ltr'><strong>ju-licio,</strong></span> <span class='ocrx_word' id='word_1_424' title='bbox 2677 1280 2782 1319; x_wconf 92' lang='lat' dir='ltr'><strong>non</strong></span> <span class='ocrx_word' id='word_1_425' title='bbox 2815 1265 2961 1318; x_wconf 89' lang='lat' dir='ltr'><strong>illius</strong></span> <span class='ocrx_word' id='word_1_426' title='bbox 2985 1273 3128 1318; x_wconf 87' lang='lat' dir='ltr'><strong>voto.</strong></span> <span class='ocrx_word' id='word_1_427' title='bbox 3161 1264 3304 1334; x_wconf 59' lang='lat' dir='ltr'><strong>Opus</strong></span> <span class='ocrx_word' id='word_1_428' title='bbox 3338 1261 3484 1319; x_wconf 88' lang='lat' dir='ltr'><strong>enim</strong></span> 
     </span>
    </p>
   </div>
   <div class='ocr_carea' id='block_1_56' title="bbox 1901 1357 3479 1427">
    <p class='ocr_par' dir='ltr' id='par_1_56' title="bbox 1901 1357 3479 1427">
     <span class='ocr_line' id='line_1_56' title="bbox 1901 1357 3479 1427; baseline -0.001 -16"><span class='ocrx_word' id='word_1_429' title='bbox 1901 1357 2102 1411; x_wconf 88' lang='lat' dir='ltr'><strong>bonum</strong></span> <span class='ocrx_word' id='word_1_430' title='bbox 2137 1357 2472 1427; x_wconf 73' lang='lat' dir='ltr'><strong>negligenter</strong></span> <span class='ocrx_word' id='word_1_431' title='bbox 2499 1357 2676 1427; x_wconf 43' lang='lat' dir='ltr'><strong>egisti.</strong></span> <span class='ocrx_word' id='word_1_432' title='bbox 2711 1358 2873 1412; x_wconf 69' lang='lat' dir='ltr'><strong>[tecta</strong></span> <span class='ocrx_word' id='word_1_433' title='bbox 2916 1359 3104 1413; x_wconf 62' lang='lat' dir='ltr'><strong>fuisst-t</strong></span> <span class='ocrx_word' id='word_1_434' title='bbox 3129 1359 3332 1412; x_wconf 77' lang='lat' dir='ltr'><strong>oblatio</strong></span> <span class='ocrx_word' id='word_1_435' title='bbox 3360 1368 3479 1425; x_wconf 82' lang='lat' dir='ltr'><strong>tua,</strong></span> 
     </span>
    </p>
   </div>
   <div class='ocr_carea' id='block_1_57' title="bbox 1900 1447 3486 1516">
    <p class='ocr_par' dir='ltr' id='par_1_57' title="bbox 1900 1447 3486 1516">
     <span class='ocr_line' id='line_1_57' title="bbox 1900 1447 3486 1516; baseline 0.003 -15"><span class='ocrx_word' id='word_1_436' title='bbox 1900 1447 1946 1502; x_wconf 90' lang='lat' dir='ltr'><strong>si</strong></span> <span class='ocrx_word' id='word_1_437' title='bbox 1990 1449 2176 1502; x_wconf 79' lang='lat' dir='ltr'><strong>luisset</strong></span> <span class='ocrx_word' id='word_1_438' title='bbox 2205 1461 2350 1503; x_wconf 82' lang='lat' dir='ltr'><strong>recta</strong></span> <span class='ocrx_word' id='word_1_439' title='bbox 2397 1450 2677 1505; x_wconf 72' lang='lat' dir='ltr'><strong>discretio.</strong></span> <span class='ocrx_word' id='word_1_440' title='bbox 2717 1450 2904 1505; x_wconf 86' lang='lat' dir='ltr'><strong>Sciens</strong></span> <span class='ocrx_word' id='word_1_441' title='bbox 2933 1449 3019 1503; x_wconf 91' lang='lat' dir='ltr'><strong>cui</strong></span> <span class='ocrx_word' id='word_1_442' title='bbox 3049 1450 3308 1516; x_wconf 82' lang='lat' dir='ltr'><strong>oll’erres,</strong></span> <span class='ocrx_word' id='word_1_443' title='bbox 3346 1449 3486 1506; x_wconf 81' lang='lat' dir='ltr'><strong>scire</strong></span> 
     </span>
    </p>
   </div>
   <div class='ocr_carea' id='block_1_58' title="bbox 1899 1541 3486 1613">
    <p class='ocr_par' dir='ltr' id='par_1_58' title="bbox 1899 1541 3486 1613">
     <span class='ocr_line' id='line_1_58' title="bbox 1899 1541 3486 1613; baseline 0 -15"><span class='ocrx_word' id='word_1_444' title='bbox 1899 1543 2167 1598; x_wconf 78' lang='lat' dir='ltr'><strong>debueras</strong></span> <span class='ocrx_word' id='word_1_445' title='bbox 2209 1545 2336 1612; x_wconf 82' lang='lat' dir='ltr'><strong>quid</strong></span> <span class='ocrx_word' id='word_1_446' title='bbox 2379 1560 2627 1598; x_wconf 71' lang='lat' dir='ltr'><strong>vovi-res.</strong></span> <span class='ocrx_word' id='word_1_447' title='bbox 2677 1541 2794 1598; x_wconf 74' lang='lat' dir='ltr'><strong>Non</strong></span> <span class='ocrx_word' id='word_1_448' title='bbox 2842 1544 3001 1613; x_wconf 76' lang='lat' dir='ltr'><strong>digne</strong></span> <span class='ocrx_word' id='word_1_449' title='bbox 3043 1544 3181 1598; x_wconf 86' lang='lat' dir='ltr'><strong>inter</strong></span> <span class='ocrx_word' id='word_1_450' title='bbox 3209 1558 3294 1596; x_wconf 86' lang='lat' dir='ltr'><strong>me</strong></span> <span class='ocrx_word' id='word_1_451' title='bbox 3329 1553 3383 1598; x_wconf 91' lang='lat' dir='ltr'><strong>et</strong></span> <span class='ocrx_word' id='word_1_452' title='bbox 3434 1551 3486 1598; x_wconf 83' lang='lat' dir='ltr'><strong>te</strong></span> 
     </span>
    </p>
   </div>
   <div class='ocr_carea' id='block_1_59' title="bbox 1901 1633 3488 1703">
    <p class='ocr_par' dir='ltr' id='par_1_59' title="bbox 1901 1633 3488 1703">
     <span class='ocr_line' id='line_1_59' title="bbox 1901 1633 3488 1703; baseline 0.001 -16"><span class='ocrx_word' id='word_1_453' title='bbox 1901 1635 2158 1698; x_wconf 83' lang='lat' dir='ltr'><strong>divi-isti,</strong></span> <span class='ocrx_word' id='word_1_454' title='bbox 2194 1641 2447 1703; x_wconf 82' lang='lat' dir='ltr'><strong>quoniam</strong></span> <span class='ocrx_word' id='word_1_455' title='bbox 2480 1638 2573 1688; x_wconf 90' lang='lat' dir='ltr'><strong>tibi</strong></span> <span class='ocrx_word' id='word_1_456' title='bbox 2615 1636 2873 1688; x_wconf 81' lang='lat' dir='ltr'><strong>electiora</strong></span> <span class='ocrx_word' id='word_1_457' title='bbox 2902 1634 3154 1690; x_wconf 73' lang='lat' dir='ltr'><strong>setvaSIi.</strong></span> <span class='ocrx_word' id='word_1_458' title='bbox 3187 1633 3332 1688; x_wconf 78' lang='lat' dir='ltr'><strong>Tuus</strong></span> <span class='ocrx_word' id='word_1_459' title='bbox 3359 1649 3488 1702; x_wconf 71' lang='lat' dir='ltr'><strong>ergo</strong></span> 
     </span>
    </p>
   </div>
   <div class='ocr_carea' id='block_1_60' title="bbox 1903 1725 3490 1796">
    <p class='ocr_par' dir='ltr' id='par_1_60' title="bbox 1903 1725 3490 1796">
     <span class='ocr_line' id='line_1_60' title="bbox 1903 1725 3490 1796; baseline 0.001 -14"><span class='ocrx_word' id='word_1_460' title='bbox 1903 1729 1989 1782; x_wconf 85' lang='lat' dir='ltr'><strong>hic</strong></span> <span class='ocrx_word' id='word_1_461' title='bbox 2034 1745 2193 1784; x_wconf 73' lang='lat' dir='ltr'><strong>error</strong></span> <span class='ocrx_word' id='word_1_462' title='bbox 2215 1741 2291 1782; x_wconf 87' lang='lat' dir='ltr'><strong>est</strong></span> <span class='ocrx_word' id='word_1_463' title='bbox 2313 1771 2326 1786; x_wconf 93' lang='lat'><strong>.</strong></span> <span class='ocrx_word' id='word_1_464' title='bbox 2357 1738 2612 1794; x_wconf 86' lang='lat' dir='ltr'><strong>tuumque</strong></span> <span class='ocrx_word' id='word_1_465' title='bbox 2655 1743 2957 1796; x_wconf 55' lang='lat' dir='ltr'><strong>peccatum.</strong></span> <span class='ocrx_word' id='word_1_466' title='bbox 2991 1727 3254 1794; x_wconf 65' lang='lat' dir='ltr'><strong>Quiesce,</strong></span> <span class='ocrx_word' id='word_1_467' title='bbox 3299 1733 3355 1780; x_wconf 87' lang='lat' dir='ltr'><strong>et</strong></span> <span class='ocrx_word' id='word_1_468' title='bbox 3382 1725 3490 1783; x_wconf 82' lang='lat' dir='ltr'><strong>noli</strong></span> 
     </span>
    </p>
   </div>
   <div class='ocr_carea' id='block_1_61' title="bbox 1903 1819 3490 1890">
    <p class='ocr_par' dir='ltr' id='par_1_61' title="bbox 1903 1819 3490 1890">
     <span class='ocr_line' id='line_1_61' title="bbox 1903 1819 3490 1890; baseline -0.003 -14"><span class='ocrx_word' id='word_1_469' title='bbox 1903 1823 1956 1876; x_wconf 90' lang='lat' dir='ltr'><strong>in</strong></span> <span class='ocrx_word' id='word_1_470' title='bbox 1982 1822 2254 1877; x_wconf 86' lang='lat' dir='ltr'><strong>insontem</strong></span> <span class='ocrx_word' id='word_1_471' title='bbox 2284 1823 2504 1876; x_wconf 75' lang='lat' dir='ltr'><strong>fratrem</strong></span> <span class='ocrx_word' id='word_1_472' title='bbox 2530 1823 2734 1876; x_wconf 81' lang='lat' dir='ltr'><strong>moveri</strong></span> <span class='ocrx_word' id='word_1_473' title='bbox 2773 1839 2783 1872; x_wconf 91' lang='lat'>:</span> <span class='ocrx_word' id='word_1_474' title='bbox 2810 1821 2878 1874; x_wconf 81' lang='lat' dir='ltr'><strong>ad</strong></span> <span class='ocrx_word' id='word_1_475' title='bbox 2906 1830 2960 1875; x_wconf 90' lang='lat' dir='ltr'><strong>te</strong></span> <span class='ocrx_word' id='word_1_476' title='bbox 2996 1822 3173 1890; x_wconf 85' lang='lat' dir='ltr'><strong>potius</strong></span> <span class='ocrx_word' id='word_1_477' title='bbox 3218 1829 3306 1872; x_wconf 78' lang='lat' dir='ltr'><strong>tua</strong></span> <span class='ocrx_word' id='word_1_478' title='bbox 3333 1819 3490 1888; x_wconf 77' lang='lat' dir='ltr'><strong>culpa</strong></span> 
     </span>
    </p>
   </div>
   <div class='ocr_carea' id='block_1_62' title="bbox 1827 1910 3492 1984">
    <p class='ocr_par' dir='ltr' id='par_1_62' title="bbox 1827 1910 3492 1984">
     <span class='ocr_line' id='line_1_62' title="bbox 1827 1910 3492 1984; baseline -0.004 -11"><span class='ocrx_word' id='word_1_479' title='bbox 1827 1912 1872 1973; x_wconf 83' lang='grc' dir='ltr'><strong><em>Β</em></strong></span> <span class='ocrx_word' id='word_1_480' title='bbox 1899 1927 2206 1972; x_wconf 80' lang='lat' dir='ltr'><strong>revocetur.</strong></span> <span class='ocrx_word' id='word_1_481' title='bbox 2235 1915 2355 1971; x_wconf 85' lang='lat' dir='ltr'><strong>Noli</strong></span> <span class='ocrx_word' id='word_1_482' title='bbox 2389 1927 2609 1984; x_wconf 75' lang='lat' dir='ltr'><strong>peccato</strong></span> <span class='ocrx_word' id='word_1_483' title='bbox 2649 1929 2872 1984; x_wconf 70' lang='lat' dir='ltr'><strong>regnum</strong></span> <span class='ocrx_word' id='word_1_484' title='bbox 2912 1914 2966 1968; x_wconf 93' lang='lat' dir='ltr'><strong>in</strong></span> <span class='ocrx_word' id='word_1_485' title='bbox 2996 1922 3050 1968; x_wconf 88' lang='lat' dir='ltr'><strong>te</strong></span> <span class='ocrx_word' id='word_1_486' title='bbox 3078 1912 3243 1978; x_wconf 81' lang='lat' dir='ltr'><strong>dare,</strong></span> <span class='ocrx_word' id='word_1_487' title='bbox 3295 1910 3390 1966; x_wconf 89' lang='lat' dir='ltr'><strong>sed</strong></span> <span class='ocrx_word' id='word_1_488' title='bbox 3435 1918 3492 1966; x_wconf 86' lang='grc' dir='ltr'><strong>ιιι</strong></span> 
     </span>
    </p>
   </div>
   <div class='ocr_carea' id='block_1_63' title="bbox 1901 2005 3489 2080">
    <p class='ocr_par' dir='ltr' id='par_1_63' title="bbox 1901 2005 3489 2080">
     <span class='ocr_line' id='line_1_63' title="bbox 1901 2005 3489 2080; baseline -0.003 -17"><span class='ocrx_word' id='word_1_489' title='bbox 1901 2009 2082 2080; x_wconf 78' lang='lat' dir='ltr'><strong>potius</strong></span> <span class='ocrx_word' id='word_1_490' title='bbox 2120 2014 2170 2062; x_wconf 91' lang='lat' dir='ltr'><strong>iu</strong></span> <span class='ocrx_word' id='word_1_491' title='bbox 2203 2011 2375 2078; x_wconf 88' lang='lat' dir='ltr'><strong>ip-unt</strong></span> <span class='ocrx_word' id='word_1_492' title='bbox 2412 2027 2565 2064; x_wconf 69' lang='lat' dir='ltr'><strong>sume</strong></span> <span class='ocrx_word' id='word_1_493' title='bbox 2592 2010 2952 2064; x_wconf 80' lang='lat' dir='ltr'><strong>dOminaIum.</strong></span> <span class='ocrx_word' id='word_1_494' title='bbox 2985 2006 3305 2062; x_wconf 67' lang='lat' dir='ltr'><strong>I‘aeuiteudo</strong></span> <span class='ocrx_word' id='word_1_495' title='bbox 3343 2005 3489 2059; x_wconf 78' lang='lat' dir='ltr'><strong>enim</strong></span> 
     </span>
    </p>
   </div>
   <div class='ocr_carea' id='block_1_64' title="bbox 1901 2101 3492 2174">
    <p class='ocr_par' dir='ltr' id='par_1_64' title="bbox 1901 2101 3492 2174">
     <span class='ocr_line' id='line_1_64' title="bbox 1901 2101 3492 2174; baseline -0.002 -18"><span class='ocrx_word' id='word_1_496' title='bbox 1901 2119 2000 2157; x_wconf 90' lang='lat' dir='ltr'><strong>nec</strong></span> <span class='ocrx_word' id='word_1_497' title='bbox 2047 2106 2097 2156; x_wconf 92' lang='lat' dir='ltr'><strong>in</strong></span> <span class='ocrx_word' id='word_1_498' title='bbox 2129 2104 2306 2172; x_wconf 81' lang='lat' dir='ltr'><strong>majus</strong></span> <span class='ocrx_word' id='word_1_499' title='bbox 2343 2107 2551 2158; x_wconf 87' lang='lat' dir='ltr'><strong>lactnus</strong></span> <span class='ocrx_word' id='word_1_500' title='bbox 2583 2103 2974 2174; x_wconf 77' lang='lat' dir='ltr'><strong>progredieris,</strong></span> <span class='ocrx_word' id='word_1_501' title='bbox 3007 2113 3062 2158; x_wconf 89' lang='lat' dir='ltr'><strong>et</strong></span> <span class='ocrx_word' id='word_1_502' title='bbox 3114 2101 3181 2156; x_wconf 88' lang='lat' dir='ltr'><strong>ab</strong></span> <span class='ocrx_word' id='word_1_503' title='bbox 3204 2116 3272 2156; x_wconf 89' lang='lat' dir='ltr'><strong>eo</strong></span> <span class='ocrx_word' id='word_1_504' title='bbox 3303 2101 3356 2155; x_wconf 91' lang='lat' dir='ltr'><strong>in</strong></span> <span class='ocrx_word' id='word_1_505' title='bbox 3385 2112 3492 2169; x_wconf 77' lang='lat' dir='ltr'><strong>quo</strong></span> 
     </span>
    </p>
   </div>
   <div class='ocr_carea' id='block_1_65' title="bbox 1901 2198 2948 2267">
    <p class='ocr_par' dir='ltr' id='par_1_65' title="bbox 1901 2198 2948 2267">
     <span class='ocr_line' id='line_1_65' title="bbox 1901 2198 2948 2267; baseline 0.002 -17"><span class='ocrx_word' id='word_1_506' title='bbox 1901 2205 1952 2251; x_wconf 90' lang='lat' dir='ltr'><strong>te</strong></span> <span class='ocrx_word' id='word_1_507' title='bbox 1979 2199 2132 2251; x_wconf 72' lang='lat' dir='ltr'><strong>tlttles</strong></span> <span class='ocrx_word' id='word_1_508' title='bbox 2171 2198 2535 2267; x_wconf 82' lang='lat' dir='ltr'><strong>tlts[.l-cttisse,</strong></span> <span class='ocrx_word' id='word_1_509' title='bbox 2574 2199 2948 2252; x_wconf 85' lang='lat' dir='ltr'><strong>tnundalteris.</strong></span> 
     </span>
    </p>
   </div>
   <div class='ocr_carea' id='block_1_66' title="bbox 1970 2285 3489 2358">
    <p class='ocr_par' dir='ltr' id='par_1_66' title="bbox 1970 2285 3489 2358">
     <span class='ocr_line' id='line_1_66' title="bbox 1970 2285 3489 2358; baseline -0.001 -15"><span class='ocrx_word' id='word_1_510' title='bbox 1970 2288 2104 2343; x_wconf 90' lang='lat' dir='ltr'><strong>Cum</strong></span> <span class='ocrx_word' id='word_1_511' title='bbox 2126 2307 2258 2351; x_wconf 68' lang='lat' dir='ltr'><strong>ergo</strong></span> <span class='ocrx_word' id='word_1_512' title='bbox 2287 2292 2356 2344; x_wconf 82' lang='lat' dir='ltr'><strong>t:t|</strong></span> <span class='ocrx_word' id='word_1_513' title='bbox 2384 2307 2410 2342; x_wconf 77' lang='grc' dir='ltr'>τι</span> <span class='ocrx_word' id='word_1_514' title='bbox 2441 2292 2504 2342; x_wconf 88' lang='lat' dir='ltr'><strong>ad</strong></span> <span class='ocrx_word' id='word_1_515' title='bbox 2528 2289 2657 2344; x_wconf 85' lang='lat' dir='ltr'><strong>Cain</strong></span> <span class='ocrx_word' id='word_1_516' title='bbox 2683 2291 2999 2358; x_wconf 76' lang='lat' dir='ltr'><strong>loqueretur</strong></span> <span class='ocrx_word' id='word_1_517' title='bbox 3024 2290 3198 2354; x_wconf 81' lang='lat' dir='ltr'><strong>Deus,</strong></span> <span class='ocrx_word' id='word_1_518' title='bbox 3230 2285 3489 2354; x_wconf 85' lang='lat' dir='ltr'><strong>numquid</strong></span> 
     </span>
    </p>
   </div>
   <div class='ocr_carea' id='block_1_67' title="bbox 1899 2380 3490 2452">
    <p class='ocr_par' dir='ltr' id='par_1_67' title="bbox 1899 2380 3490 2452">
     <span class='ocr_line' id='line_1_67' title="bbox 1899 2380 3490 2452; baseline -0.001 -18"><span class='ocrx_word' id='word_1_519' title='bbox 1899 2385 2207 2449; x_wconf 64' lang='grc' dir='ltr'>ειιιιΙιιειιιυιιι</span> <span class='ocrx_word' id='word_1_520' title='bbox 2240 2395 2318 2437; x_wconf 81' lang='lat' dir='ltr'><strong>eSt</strong></span> <span class='ocrx_word' id='word_1_521' title='bbox 2348 2383 2581 2438; x_wconf 71' lang='lat' dir='ltr'><strong>voluisse</strong></span> <span class='ocrx_word' id='word_1_522' title='bbox 2607 2400 2729 2437; x_wconf 86' lang='lat' dir='ltr'><strong>eum</strong></span> <span class='ocrx_word' id='word_1_523' title='bbox 2749 2427 2763 2445; x_wconf 90' lang='lat'><strong><em>.</em></strong></span> <span class='ocrx_word' id='word_1_524' title='bbox 2798 2395 2850 2440; x_wconf 88' lang='lat' dir='ltr'><strong>et</strong></span> <span class='ocrx_word' id='word_1_525' title='bbox 2883 2385 3164 2452; x_wconf 79' lang='lat' dir='ltr'><strong>(quantum</strong></span> <span class='ocrx_word' id='word_1_526' title='bbox 3193 2381 3258 2435; x_wconf 86' lang='lat' dir='ltr'><strong>ad</strong></span> <span class='ocrx_word' id='word_1_527' title='bbox 3286 2391 3311 2428; x_wconf 87' lang='lat' dir='ltr'><strong>s</strong></span> <span class='ocrx_word' id='word_1_528' title='bbox 3342 2380 3490 2433; x_wconf 87' lang='lat' dir='ltr'><strong>illum</strong></span> 
     </span>
    </p>
   </div>
   <div class='ocr_carea' id='block_1_68' title="bbox 1902 2472 3493 2546">
    <p class='ocr_par' dir='ltr' id='par_1_68' title="bbox 1902 2472 3493 2546">
     <span class='ocr_line' id='line_1_68' title="bbox 1902 2472 3493 2546; baseline -0.004 -16"><span class='ocrx_word' id='word_1_529' title='bbox 1902 2476 2151 2530; x_wconf 87' lang='lat' dir='ltr'><strong>medendi</strong></span> <span class='ocrx_word' id='word_1_530' title='bbox 2187 2477 2400 2528; x_wconf 91' lang='lat' dir='ltr'><strong>modum</strong></span> <span class='ocrx_word' id='word_1_531' title='bbox 2446 2475 2776 2546; x_wconf 72' lang='lat' dir='ltr'><strong>sufﬁciebat)</strong></span> <span class='ocrx_word' id='word_1_532' title='bbox 2799 2478 2999 2546; x_wconf 75' lang='lat' dir='ltr'><strong>egisse,</strong></span> <span class='ocrx_word' id='word_1_533' title='bbox 3033 2486 3088 2526; x_wconf 92' lang='lat' dir='ltr'><strong>ut</strong></span> <span class='ocrx_word' id='word_1_534' title='bbox 3115 2473 3244 2526; x_wconf 84' lang='lat' dir='ltr'><strong>Cain</strong></span> <span class='ocrx_word' id='word_1_535' title='bbox 3288 2472 3355 2524; x_wconf 87' lang='lat' dir='ltr'><strong>ab</strong></span> <span class='ocrx_word' id='word_1_536' title='bbox 3401 2472 3493 2524; x_wconf 90' lang='lat' dir='ltr'><strong>illo</strong></span> 
     </span>
    </p>
   </div>
   <div class='ocr_carea' id='block_1_69' title="bbox 1901 2565 3492 2640">
    <p class='ocr_par' dir='ltr' id='par_1_69' title="bbox 1901 2565 3492 2640">
     <span class='ocr_line' id='line_1_69' title="bbox 1901 2565 3492 2640; baseline 0 -22"><span class='ocrx_word' id='word_1_537' title='bbox 1901 2567 2196 2631; x_wconf 73' lang='lat' dir='ltr'><strong>impietatis</strong></span> <span class='ocrx_word' id='word_1_538' title='bbox 2219 2568 2400 2622; x_wconf 80' lang='lat' dir='ltr'><strong>lurore</strong></span> <span class='ocrx_word' id='word_1_539' title='bbox 2431 2569 2809 2636; x_wconf 39' lang='lat' dir='ltr'><strong>resipisceret?</strong></span> <span class='ocrx_word' id='word_1_540' title='bbox 2843 2567 2948 2622; x_wconf 85' lang='lat' dir='ltr'><strong>Sed</strong></span> <span class='ocrx_word' id='word_1_541' title='bbox 2993 2565 3196 2624; x_wconf 62' lang='lat' dir='ltr'><strong>ma&#39;izia</strong></span> <span class='ocrx_word' id='word_1_542' title='bbox 3245 2567 3492 2640; x_wconf 61' lang='lat' dir='ltr'><strong>pertinax</strong></span> 
     </span>
    </p>
   </div>
   <div class='ocr_carea' id='block_1_70' title="bbox 1902 2659 3493 2730">
    <p class='ocr_par' dir='ltr' id='par_1_70' title="bbox 1902 2659 3493 2730">
     <span class='ocr_line' id='line_1_70' title="bbox 1902 2659 3493 2730; baseline 0.001 -16"><span class='ocrx_word' id='word_1_543' title='bbox 1902 2661 2023 2714; x_wconf 90' lang='lat' dir='ltr'><strong>inde</strong></span> <span class='ocrx_word' id='word_1_544' title='bbox 2054 2659 2189 2712; x_wconf 78' lang='lat' dir='ltr'><strong>facta</strong></span> <span class='ocrx_word' id='word_1_545' title='bbox 2223 2671 2302 2712; x_wconf 78' lang='lat' dir='ltr'><strong>est</strong></span> <span class='ocrx_word' id='word_1_546' title='bbox 2342 2659 2786 2730; x_wconf 63' lang='lat' dir='ltr'><strong>ittexrtts.tltilior,</strong></span> <span class='ocrx_word' id='word_1_547' title='bbox 2824 2667 2966 2718; x_wconf 81' lang='lat' dir='ltr'><strong>Unde</strong></span> <span class='ocrx_word' id='word_1_548' title='bbox 2993 2665 3176 2718; x_wconf 79' lang='lat' dir='ltr'><strong>debuit</strong></span> <span class='ocrx_word' id='word_1_549' title='bbox 3207 2678 3326 2718; x_wconf 83' lang='lat' dir='ltr'><strong>esse</strong></span> <span class='ocrx_word' id='word_1_550' title='bbox 3373 2677 3493 2716; x_wconf 83' lang='lat' dir='ltr'><strong>cor-</strong></span> 
     </span>
    </p>
   </div>
   <div class='ocr_carea' id='block_1_71' title="bbox 1901 2751 3494 2826">
    <p class='ocr_par' dir='ltr' id='par_1_71' title="bbox 1901 2751 3494 2826">
     <span class='ocr_line' id='line_1_71' title="bbox 1901 2751 3494 2826; baseline 0.003 -21"><span class='ocrx_word' id='word_1_551' title='bbox 1901 2761 2124 2805; x_wconf 77' lang='lat' dir='ltr'><strong>rertmr.</strong></span> <span class='ocrx_word' id='word_1_552' title='bbox 2159 2751 2222 2805; x_wconf 81' lang='lat' dir='ltr'><strong>Et</strong></span> <span class='ocrx_word' id='word_1_553' title='bbox 2267 2753 2452 2820; x_wconf 76' lang='lat' dir='ltr'><strong>utique</strong></span> <span class='ocrx_word' id='word_1_554' title='bbox 2477 2759 2791 2816; x_wconf 47' lang='lat' dir='ltr'><strong>praeit-bat</strong></span> <span class='ocrx_word' id='word_1_555' title='bbox 2848 2757 2988 2812; x_wconf 85' lang='lat' dir='ltr'><strong>Deus</strong></span> <span class='ocrx_word' id='word_1_556' title='bbox 3023 2757 3088 2809; x_wconf 89' lang='lat' dir='ltr'><strong>ad</strong></span> <span class='ocrx_word' id='word_1_557' title='bbox 3121 2771 3280 2826; x_wconf 89' lang='lat' dir='ltr'><strong>quem</strong></span> <span class='ocrx_word' id='word_1_558' title='bbox 3333 2756 3494 2810; x_wconf 85' lang='lat' dir='ltr'><strong>linem</strong></span> 
     </span>
    </p>
   </div>
   <div class='ocr_carea' id='block_1_72' title="bbox 1900 2844 3495 2921">
    <p class='ocr_par' dir='ltr' id='par_1_72' title="bbox 1900 2844 3495 2921">
     <span class='ocr_line' id='line_1_72' title="bbox 1900 2844 3495 2921; baseline 0.001 -21"><span class='ocrx_word' id='word_1_559' title='bbox 1900 2844 2227 2899; x_wconf 45' lang='lat' dir='ltr'><strong>inminentis</strong></span> <span class='ocrx_word' id='word_1_560' title='bbox 2264 2862 2405 2904; x_wconf 64' lang='lat' dir='ltr'><strong>esiet</strong></span> <span class='ocrx_word' id='word_1_561' title='bbox 2444 2865 2794 2921; x_wconf 71' lang='lat' dir='ltr'><strong>progressttra</strong></span> <span class='ocrx_word' id='word_1_562' title='bbox 2843 2851 3152 2920; x_wconf 66' lang='lat' dir='ltr'><strong>conceptio.</strong></span> <span class='ocrx_word' id='word_1_563' title='bbox 3197 2846 3380 2916; x_wconf 74' lang='lat' dir='ltr'><strong>Neque</strong></span> <span class='ocrx_word' id='word_1_564' title='bbox 3427 2861 3495 2903; x_wconf 76' lang='lat' dir='ltr'><strong>es</strong></span> 
     </span>
    </p>
   </div>
   <div class='ocr_carea' id='block_1_73' title="bbox 1901 2935 3496 3009">
    <p class='ocr_par' dir='ltr' id='par_1_73' title="bbox 1901 2935 3496 3009">
     <span class='ocr_line' id='line_1_73' title="bbox 1901 2935 3496 3009; baseline -0.003 -14"><span class='ocrx_word' id='word_1_565' title='bbox 1901 2952 1968 2990; x_wconf 63' lang='lat' dir='ltr'><strong>et!</strong></span> <span class='ocrx_word' id='word_1_566' title='bbox 1998 2942 2140 3006; x_wconf 67' lang='lat' dir='ltr'><strong>tptvd</strong></span> <span class='ocrx_word' id='word_1_567' title='bbox 2166 2943 2277 2995; x_wconf 66' lang='lat' dir='ltr'><strong>l&#39;a’li</strong></span> <span class='ocrx_word' id='word_1_568' title='bbox 2307 2946 2532 2996; x_wconf 83' lang='lat' dir='ltr'><strong>scientia</strong></span> <span class='ocrx_word' id='word_1_569' title='bbox 2556 2944 2737 2995; x_wconf 83' lang='lat' dir='ltr'><strong>divina</strong></span> <span class='ocrx_word' id='word_1_570' title='bbox 2770 2956 2876 2994; x_wconf 88' lang='lat' dir='ltr'><strong>non</strong></span> <span class='ocrx_word' id='word_1_571' title='bbox 2911 2949 3146 3009; x_wconf 80' lang='lat' dir='ltr'><strong>poterat,</strong></span> <span class='ocrx_word' id='word_1_572' title='bbox 3171 2935 3496 2993; x_wconf 67' lang='lat' dir='ltr'><strong>necessitate</strong></span> 
     </span>
    </p>
   </div>
   <div class='ocr_carea' id='block_1_74' title="bbox 1906 3027 3496 3103">
    <p class='ocr_par' dir='ltr' id='par_1_74' title="bbox 1906 3027 3496 3103">
     <span class='ocr_line' id='line_1_74' title="bbox 1906 3027 3496 3103; baseline -0.004 -15"><span class='ocrx_word' id='word_1_573' title='bbox 1906 3035 2162 3103; x_wconf 69' lang='lat' dir='ltr'><strong>pereundi</strong></span> <span class='ocrx_word' id='word_1_574' title='bbox 2189 3035 2478 3103; x_wconf 70' lang='lat' dir='ltr'><strong>urgebatur</strong></span> <span class='ocrx_word' id='word_1_575' title='bbox 2497 3035 2704 3090; x_wconf 88' lang='lat' dir='ltr'><strong>l&#39;aeiuus</strong></span> <span class='ocrx_word' id='word_1_576' title='bbox 2726 3033 3040 3088; x_wconf 75' lang='lat' dir='ltr'><strong>voluntatis.</strong></span> <span class='ocrx_word' id='word_1_577' title='bbox 3067 3032 3111 3087; x_wconf 74' lang='grc' dir='ltr'>Α</span> <span class='ocrx_word' id='word_1_578' title='bbox 3134 3030 3287 3099; x_wconf 85' lang='lat' dir='ltr'><strong>cujus</strong></span> <span class='ocrx_word' id='word_1_579' title='bbox 3311 3027 3496 3098; x_wconf 78' lang='lat' dir='ltr'><strong>utique</strong></span> 
     </span>
    </p>
   </div>
   <div class='ocr_carea' id='block_1_75' title="bbox 1906 3124 3497 3200">
    <p class='ocr_par' dir='ltr' id='par_1_75' title="bbox 1906 3124 3497 3200">
     <span class='ocr_line' id='line_1_75' title="bbox 1906 3124 3497 3200; baseline -0.003 -18"><span class='ocrx_word' id='word_1_580' title='bbox 1906 3131 2206 3184; x_wconf 73' lang='grc' dir='ltr'>ἱιιι‹·ιι.ἰ‹ιιιο</span> <span class='ocrx_word' id='word_1_581' title='bbox 2258 3129 2424 3200; x_wconf 82' lang='lat'><strong>900</strong></span> <span class='ocrx_word' id='word_1_582' title='bbox 2474 3139 2635 3196; x_wconf 89' lang='lat' dir='ltr'><strong>atque</strong></span> <span class='ocrx_word' id='word_1_583' title='bbox 2686 3129 2881 3183; x_wconf 65' lang='lat' dir='ltr'><strong>etii-ctu</strong></span> <span class='ocrx_word' id='word_1_584' title='bbox 2941 3129 3118 3197; x_wconf 90' lang='lat' dir='ltr'><strong>potuit</strong></span> <span class='ocrx_word' id='word_1_585' title='bbox 3156 3124 3497 3179; x_wconf 68' lang='lat' dir='ltr'><strong>incolumitas</strong></span> 
     </span>
    </p>
   </div>
   <div class='ocr_carea' id='block_1_76' title="bbox 1909 3219 3497 3291">
    <p class='ocr_par' dir='ltr' id='par_1_76' title="bbox 1909 3219 3497 3291">
     <span class='ocr_line' id='line_1_76' title="bbox 1909 3219 3497 3291; baseline -0.003 -16"><span class='ocrx_word' id='word_1_586' title='bbox 1909 3221 2039 3275; x_wconf 80' lang='lat' dir='ltr'><strong>Abel</strong></span> <span class='ocrx_word' id='word_1_587' title='bbox 2079 3222 2247 3274; x_wconf 71' lang='lat' dir='ltr'><strong>illmsa</strong></span> <span class='ocrx_word' id='word_1_588' title='bbox 2281 3221 2534 3286; x_wconf 86' lang='lat' dir='ltr'><strong>delendi;</strong></span> <span class='ocrx_word' id='word_1_589' title='bbox 2587 3222 2692 3276; x_wconf 88' lang='lat' dir='ltr'><strong>nisi</strong></span> <span class='ocrx_word' id='word_1_590' title='bbox 2740 3221 3028 3291; x_wconf 84' lang='lat' dir='ltr'><strong>placuisset</strong></span> <span class='ocrx_word' id='word_1_591' title='bbox 3064 3219 3174 3274; x_wconf 86' lang='lat' dir='ltr'><strong>Deo</strong></span> <span class='ocrx_word' id='word_1_592' title='bbox 3223 3233 3346 3272; x_wconf 89' lang='lat' dir='ltr'><strong>cunt</strong></span> <span class='ocrx_word' id='word_1_593' title='bbox 3384 3231 3497 3270; x_wconf 79' lang='lat' dir='ltr'><strong>ms-</strong></span> 
     </span>
    </p>
   </div>
   <div class='ocr_carea' id='block_1_77' title="bbox 1829 3302 3496 3379">
    <p class='ocr_par' dir='ltr' id='par_1_77' title="bbox 1829 3302 3496 3379">
     <span class='ocr_line' id='line_1_77' title="bbox 1829 3302 3496 3379; baseline -0.004 -13"><span class='ocrx_word' id='word_1_594' title='bbox 1829 3302 1876 3366; x_wconf 88' lang='lat' dir='ltr'><strong>C</strong></span> <span class='ocrx_word' id='word_1_595' title='bbox 1907 3327 2008 3374; x_wconf 74' lang='lat' dir='ltr'><strong>cna</strong></span> <span class='ocrx_word' id='word_1_596' title='bbox 2040 3312 2195 3365; x_wconf 87' lang='lat' dir='ltr'><strong>laude</strong></span> <span class='ocrx_word' id='word_1_597' title='bbox 2227 3313 2501 3379; x_wconf 86' lang='lat' dir='ltr'><strong>patientia:</strong></span> <span class='ocrx_word' id='word_1_598' title='bbox 2528 3325 2641 3366; x_wconf 71' lang='lat' dir='ltr'><strong>suze</strong></span> <span class='ocrx_word' id='word_1_599' title='bbox 2671 3351 2687 3376; x_wconf 97' lang='lat'><strong>,</strong></span> <span class='ocrx_word' id='word_1_600' title='bbox 2719 3321 2778 3364; x_wconf 90' lang='lat' dir='ltr'><strong>ut</strong></span> <span class='ocrx_word' id='word_1_601' title='bbox 2809 3311 3124 3376; x_wconf 80' lang='lat' dir='ltr'><strong>temporalis</strong></span> <span class='ocrx_word' id='word_1_602' title='bbox 3167 3307 3318 3362; x_wconf 80' lang='lat' dir='ltr'><strong>furor</strong></span> <span class='ocrx_word' id='word_1_603' title='bbox 3349 3305 3496 3375; x_wconf 88' lang='lat' dir='ltr'><strong>impii</strong></span> 
     </span>
    </p>
   </div>
   <div class='ocr_carea' id='block_1_78' title="bbox 1906 3394 3498 3472">
    <p class='ocr_par' dir='ltr' id='par_1_78' title="bbox 1906 3394 3498 3472">
     <span class='ocr_line' id='line_1_78' title="bbox 1906 3394 3498 3472; baseline -0.003 -14"><span class='ocrx_word' id='word_1_604' title='bbox 1906 3402 2058 3458; x_wconf 78' lang='lat' dir='ltr'><strong>ﬂeret</strong></span> <span class='ocrx_word' id='word_1_605' title='bbox 2093 3413 2384 3472; x_wconf 83' lang='lat' dir='ltr'><strong>perpetuus</strong></span> <span class='ocrx_word' id='word_1_606' title='bbox 2415 3410 2586 3457; x_wconf 87' lang='lat' dir='ltr'><strong>bonor</strong></span> <span class='ocrx_word' id='word_1_607' title='bbox 2626 3404 2776 3470; x_wconf 88' lang='lat' dir='ltr'><strong>justi.</strong></span> <span class='ocrx_word' id='word_1_608' title='bbox 2834 3401 3075 3457; x_wconf 85' lang='lat' dir='ltr'><strong>Posteris</strong></span> <span class='ocrx_word' id='word_1_609' title='bbox 3111 3417 3242 3456; x_wconf 84' lang='lat' dir='ltr'><strong>vero</strong></span> <span class='ocrx_word' id='word_1_610' title='bbox 3289 3402 3442 3454; x_wconf 87' lang='lat' dir='ltr'><strong>istius</strong></span> <span class='ocrx_word' id='word_1_611' title='bbox 3465 3394 3498 3437; x_wconf 65' lang='grc'><strong>⁸</strong></span> 
     </span>
    </p>
   </div>
   <div class='ocr_carea' id='block_1_79' title="bbox 1841 3493 3498 3566">
    <p class='ocr_par' dir='ltr' id='par_1_79' title="bbox 1841 3493 3498 3566">
     <span class='ocr_line' id='line_1_79' title="bbox 1841 3493 3498 3566; baseline -0.001 -18"><span class='ocrx_word' id='word_1_612' title='bbox 1841 3543 1846 3548; x_wconf 76' lang='grc'>,</span> <span class='ocrx_word' id='word_1_613' title='bbox 1905 3500 2208 3566; x_wconf 67' lang='lat' dir='ltr'><strong>patrici-tm,</strong></span> <span class='ocrx_word' id='word_1_614' title='bbox 2239 3499 2484 3563; x_wconf 74' lang='lat' dir='ltr'><strong>quamvis</strong></span> <span class='ocrx_word' id='word_1_615' title='bbox 2513 3499 2568 3550; x_wconf 90' lang='lat' dir='ltr'><strong>in</strong></span> <span class='ocrx_word' id='word_1_616' title='bbox 2618 3497 2980 3566; x_wconf 73' lang='lat' dir='ltr'><strong>progenitoris</strong></span> <span class='ocrx_word' id='word_1_617' title='bbox 3010 3495 3094 3550; x_wconf 91' lang='lat' dir='ltr'><strong>sui</strong></span> <span class='ocrx_word' id='word_1_618' title='bbox 3144 3495 3386 3549; x_wconf 88' lang='lat' dir='ltr'><strong>moribus</strong></span> <span class='ocrx_word' id='word_1_619' title='bbox 3416 3493 3498 3548; x_wconf 78' lang='lat' dir='ltr'><strong>vi-</strong></span> 
     </span>
    </p>
   </div>
   <div class='ocr_carea' id='block_1_80' title="bbox 1902 3587 3496 3658">
    <p class='ocr_par' dir='ltr' id='par_1_80' title="bbox 1902 3587 3496 3658">
     <span class='ocr_line' id='line_1_80' title="bbox 1902 3587 3496 3658; baseline 0.001 -17"><span class='ocrx_word' id='word_1_620' title='bbox 1902 3601 2092 3644; x_wconf 85' lang='lat' dir='ltr'><strong>verent</strong></span> <span class='ocrx_word' id='word_1_621' title='bbox 2115 3631 2130 3653; x_wconf 91' lang='lat'><strong>,</strong></span> <span class='ocrx_word' id='word_1_622' title='bbox 2163 3587 2178 3626; x_wconf 70' lang='grc' dir='ltr'>ί</span> <span class='ocrx_word' id='word_1_623' title='bbox 2216 3607 2321 3643; x_wconf 85' lang='lat' dir='ltr'><strong>nun</strong></span> <span class='ocrx_word' id='word_1_624' title='bbox 2347 3605 2510 3658; x_wconf 83' lang='lat' dir='ltr'><strong>quam</strong></span> <span class='ocrx_word' id='word_1_625' title='bbox 2557 3605 2617 3644; x_wconf 87' lang='lat' dir='ltr'><strong>se</strong></span> <span class='ocrx_word' id='word_1_626' title='bbox 2643 3592 2883 3642; x_wconf 75' lang='lat' dir='ltr'><strong>divinam</strong></span> <span class='ocrx_word' id='word_1_627' title='bbox 2912 3589 3206 3642; x_wconf 84' lang='lat' dir='ltr'><strong>bonitatem</strong></span> <span class='ocrx_word' id='word_1_628' title='bbox 3236 3599 3496 3656; x_wconf 72' lang='lat' dir='ltr'><strong>negasse,</strong></span> 
     </span>
    </p>
   </div>
   <div class='ocr_carea' id='block_1_81' title="bbox 1901 3679 3499 3752">
    <p class='ocr_par' dir='ltr' id='par_1_81' title="bbox 1901 3679 3499 3752">
     <span class='ocr_line' id='line_1_81' title="bbox 1901 3679 3499 3752; baseline -0.001 -18"><span class='ocrx_word' id='word_1_629' title='bbox 1901 3683 2024 3752; x_wconf 85' lang='lat' dir='ltr'><strong>quis</strong></span> <span class='ocrx_word' id='word_1_630' title='bbox 2053 3699 2160 3736; x_wconf 91' lang='lat' dir='ltr'><strong>non</strong></span> <span class='ocrx_word' id='word_1_631' title='bbox 2194 3681 2354 3736; x_wconf 80' lang='lat' dir='ltr'><strong>facile</strong></span> <span class='ocrx_word' id='word_1_632' title='bbox 2380 3683 2650 3746; x_wconf 80' lang='lat' dir='ltr'><strong>advertat,</strong></span> <span class='ocrx_word' id='word_1_633' title='bbox 2675 3684 2720 3734; x_wconf 89' lang='lat' dir='ltr'><strong>si</strong></span> <span class='ocrx_word' id='word_1_634' title='bbox 2759 3681 3070 3735; x_wconf 74' lang='lat' dir='ltr'><strong>consideret</strong></span> <span class='ocrx_word' id='word_1_635' title='bbox 3116 3692 3377 3750; x_wconf 80' lang='lat' dir='ltr'><strong>quantum</strong></span> <span class='ocrx_word' id='word_1_636' title='bbox 3417 3679 3499 3732; x_wconf 90' lang='lat' dir='ltr'><strong>eis</strong></span> 
     </span>
    </p>
   </div>
   <div class='ocr_carea' id='block_1_82' title="bbox 1904 3768 3500 3844">
    <p class='ocr_par' dir='ltr' id='par_1_82' title="bbox 1904 3768 3500 3844">
     <span class='ocr_line' id='line_1_82' title="bbox 1904 3768 3500 3844; baseline -0.002 -16"><span class='ocrx_word' id='word_1_637' title='bbox 1904 3776 2166 3844; x_wconf 81' lang='lat' dir='ltr'><strong>prodesse</strong></span> <span class='ocrx_word' id='word_1_638' title='bbox 2196 3778 2434 3842; x_wconf 87' lang='lat' dir='ltr'><strong>potuerit</strong></span> <span class='ocrx_word' id='word_1_639' title='bbox 2457 3783 2561 3828; x_wconf 88' lang='lat' dir='ltr'><strong>tattt</strong></span> <span class='ocrx_word' id='word_1_640' title='bbox 2594 3774 2752 3842; x_wconf 71' lang='lat' dir='ltr'><strong>longa</strong></span> <span class='ocrx_word' id='word_1_641' title='bbox 2779 3773 3031 3842; x_wconf 83' lang='lat' dir='ltr'><strong>patientia</strong></span> <span class='ocrx_word' id='word_1_642' title='bbox 3057 3771 3185 3832; x_wconf 89' lang='lat' dir='ltr'><strong>Dei,</strong></span> <span class='ocrx_word' id='word_1_643' title='bbox 3213 3781 3316 3822; x_wconf 90' lang='lat' dir='ltr'><strong>tam</strong></span> <span class='ocrx_word' id='word_1_644' title='bbox 3345 3768 3500 3825; x_wconf 82' lang='lat' dir='ltr'><strong>dives</strong></span> 
     </span>
    </p>
   </div>
   <div class='ocr_carea' id='block_1_83' title="bbox 1909 3861 3498 3935">
    <p class='ocr_par' dir='ltr' id='par_1_83' title="bbox 1909 3861 3498 3935">
     <span class='ocr_line' id='line_1_83' title="bbox 1909 3861 3498 3935; baseline -0.003 -14"><span class='ocrx_word' id='word_1_645' title='bbox 1909 3866 2178 3921; x_wconf 83' lang='lat' dir='ltr'><strong>bonorum</strong></span> <span class='ocrx_word' id='word_1_646' title='bbox 2213 3867 2590 3935; x_wconf 86' lang='lat' dir='ltr'><strong>temporalium</strong></span> <span class='ocrx_word' id='word_1_647' title='bbox 2621 3869 2804 3934; x_wconf 82' lang='lat' dir='ltr'><strong>copia,</strong></span> <span class='ocrx_word' id='word_1_648' title='bbox 2835 3877 2884 3920; x_wconf 92' lang='lat' dir='ltr'><strong>et</strong></span> <span class='ocrx_word' id='word_1_649' title='bbox 2916 3863 3288 3933; x_wconf 76' lang='lat' dir='ltr'><strong>multiplicata:</strong></span> <span class='ocrx_word' id='word_1_650' title='bbox 3309 3861 3498 3917; x_wconf 76' lang='lat' dir='ltr'><strong>fecun-</strong></span> 
     </span>
    </p>
   </div>
   <div class='ocr_carea' id='block_1_84' title="bbox 1907 3952 3498 4027">
    <p class='ocr_par' dir='ltr' id='par_1_84' title="bbox 1907 3952 3498 4027">
     <span class='ocr_line' id='line_1_84' title="bbox 1907 3952 3498 4027; baseline -0.004 -14"><span class='ocrx_word' id='word_1_651' title='bbox 1907 3959 2093 4013; x_wconf 75' lang='lat' dir='ltr'><strong>ditatis</strong></span> <span class='ocrx_word' id='word_1_652' title='bbox 2118 3971 2223 4012; x_wconf 89' lang='lat' dir='ltr'><strong>tatn</strong></span> <span class='ocrx_word' id='word_1_653' title='bbox 2263 3974 2547 4012; x_wconf 84' lang='lat' dir='ltr'><strong>numerosa</strong></span> <span class='ocrx_word' id='word_1_654' title='bbox 2581 3955 2932 4027; x_wconf 75' lang='lat' dir='ltr'><strong>propagatio?</strong></span> <span class='ocrx_word' id='word_1_655' title='bbox 2965 3955 3096 4022; x_wconf 75' lang='lat' dir='ltr'><strong>Qua:</strong></span> <span class='ocrx_word' id='word_1_656' title='bbox 3146 3952 3401 4008; x_wconf 75' lang='lat' dir='ltr'><strong>beneﬁcia</strong></span> <span class='ocrx_word' id='word_1_657' title='bbox 3434 3952 3498 4008; x_wconf 84' lang='lat' dir='ltr'><strong>li-</strong></span> 
     </span>
    </p>
   </div>
   <div class='ocr_carea' id='block_1_85' title="bbox 1902 4044 3498 4108">
    <p class='ocr_par' dir='ltr' id='par_1_85' title="bbox 1902 4044 3498 4108">
     <span class='ocr_line' id='line_1_85' title="bbox 1902 4044 3498 4108; baseline -0.005 0"><span class='ocrx_word' id='word_1_658' title='bbox 1902 4065 1986 4108; x_wconf 89' lang='lat' dir='ltr'><strong>cet</strong></span> <span class='ocrx_word' id='word_1_659' title='bbox 2015 4050 2297 4105; x_wconf 87' lang='lat' dir='ltr'><strong>obduratis</strong></span> <span class='ocrx_word' id='word_1_660' title='bbox 2331 4051 2465 4105; x_wconf 73' lang='lat' dir='ltr'><strong>uibil</strong></span> <span class='ocrx_word' id='word_1_661' title='bbox 2517 4050 2742 4104; x_wconf 87' lang='lat' dir='ltr'><strong>remedii</strong></span> <span class='ocrx_word' id='word_1_662' title='bbox 2775 4059 2828 4103; x_wconf 87' lang='lat' dir='ltr'><strong>et</strong></span> <span class='ocrx_word' id='word_1_663' title='bbox 2859 4045 3258 4103; x_wconf 84' lang='lat' dir='ltr'><strong>emendationis</strong></span> <span class='ocrx_word' id='word_1_664' title='bbox 3303 4044 3498 4100; x_wconf 56' lang='lat' dir='ltr'><strong>attulec</strong></span> 
     </span>
    </p>
   </div>
   <div class='ocr_carea' id='block_1_86' title="bbox 1902 4137 3496 4212">
    <p class='ocr_par' dir='ltr' id='par_1_86' title="bbox 1902 4137 3496 4212">
     <span class='ocr_line' id='line_1_86' title="bbox 1902 4137 3496 4212; baseline -0.003 -14"><span class='ocrx_word' id='word_1_665' title='bbox 1902 4144 2038 4208; x_wconf 89' lang='lat' dir='ltr'><strong>rint;</strong></span> <span class='ocrx_word' id='word_1_666' title='bbox 2076 4143 2306 4212; x_wconf 89' lang='lat' dir='ltr'><strong>probant</strong></span> <span class='ocrx_word' id='word_1_667' title='bbox 2337 4146 2514 4196; x_wconf 74' lang='lat' dir='ltr'><strong>tamen</strong></span> <span class='ocrx_word' id='word_1_668' title='bbox 2566 4141 2906 4197; x_wconf 81' lang='lat' dir='ltr'><strong>aversionctn</strong></span> <span class='ocrx_word' id='word_1_669' title='bbox 2938 4155 3124 4196; x_wconf 75' lang='lat' dir='ltr'><strong>eorum</strong></span> <span class='ocrx_word' id='word_1_670' title='bbox 3159 4154 3268 4193; x_wconf 86' lang='lat' dir='ltr'><strong>non</strong></span> <span class='ocrx_word' id='word_1_671' title='bbox 3298 4137 3496 4194; x_wconf 72' lang='lat' dir='ltr'><strong>divina</strong></span> 
     </span>
    </p>
   </div>
   <div class='ocr_carea' id='block_1_87' title="bbox 1903 4233 3269 4306">
    <p class='ocr_par' dir='ltr' id='par_1_87' title="bbox 1903 4233 3269 4306">
     <span class='ocr_line' id='line_1_87' title="bbox 1903 4233 3269 4306; baseline -0.001 -16"><span class='ocrx_word' id='word_1_672' title='bbox 1903 4237 2071 4292; x_wconf 84' lang='lat' dir='ltr'><strong>luisse</strong></span> <span class='ocrx_word' id='word_1_673' title='bbox 2101 4237 2525 4300; x_wconf 73' lang='lat' dir='ltr'><strong>constitutionis,</strong></span> <span class='ocrx_word' id='word_1_674' title='bbox 2557 4236 2650 4290; x_wconf 87' lang='lat' dir='ltr'><strong>sed</strong></span> <span class='ocrx_word' id='word_1_675' title='bbox 2686 4239 2919 4306; x_wconf 74' lang='lat' dir='ltr'><strong>propria:</strong></span> <span class='ocrx_word' id='word_1_676' title='bbox 2950 4233 3269 4288; x_wconf 78' lang='lat' dir='ltr'><strong>voluntatis.</strong></span> 
     </span>
    </p>
   </div>
   <div class='ocr_carea' id='block_1_88' title="bbox 2493 4368 2904 4424">
    <p class='ocr_par' dir='ltr' id='par_1_88' title="bbox 2493 4368 2904 4424">
     <span class='ocr_line' id='line_1_88' title="bbox 2493 4368 2904 4424; baseline -0.002 0"><span class='ocrx_word' id='word_1_677' title='bbox 2493 4368 2723 4424; x_wconf 82' lang='lat' dir='ltr'><strong>CAPUT</strong></span> <span class='ocrx_word' id='word_1_678' title='bbox 2765 4368 2904 4424; x_wconf 78' lang='lat' dir='ltr'><strong>XIV.</strong></span> 
     </span>
    </p>
   </div>
   <div class='ocr_carea' id='block_1_89' title="bbox 1903 4480 3498 4554">
    <p class='ocr_par' dir='ltr' id='par_1_89' title="bbox 1903 4480 3498 4554">
     <span class='ocr_line' id='line_1_89' title="bbox 1903 4480 3498 4554; baseline -0.004 -14"><span class='ocrx_word' id='word_1_679' title='bbox 1903 4486 1973 4540; x_wconf 79' lang='lat' dir='ltr'><strong>In</strong></span> <span class='ocrx_word' id='word_1_680' title='bbox 2000 4486 2216 4550; x_wconf 75' lang='lat' dir='ltr'><strong>diluvio,</strong></span> <span class='ocrx_word' id='word_1_681' title='bbox 2243 4495 2290 4538; x_wconf 88' lang='lat' dir='ltr'><strong>et</strong></span> <span class='ocrx_word' id='word_1_682' title='bbox 2323 4493 2498 4552; x_wconf 86' lang='lat' dir='ltr'><strong>postea</strong></span> <span class='ocrx_word' id='word_1_683' title='bbox 2525 4499 2686 4554; x_wconf 79' lang='lat' dir='ltr'><strong>usque</strong></span> <span class='ocrx_word' id='word_1_684' title='bbox 2711 4484 2779 4534; x_wconf 81' lang='lat' dir='ltr'><strong>ad</strong></span> <span class='ocrx_word' id='word_1_685' title='bbox 2807 4480 3089 4544; x_wconf 80' lang='lat' dir='ltr'><strong>Christum,</strong></span> <span class='ocrx_word' id='word_1_686' title='bbox 3123 4481 3347 4536; x_wconf 64' lang='lat' dir='ltr'><strong>rereltta</strong></span> <span class='ocrx_word' id='word_1_687' title='bbox 3375 4487 3498 4554; x_wconf 79' lang='lat' dir='ltr'><strong>sunt</strong></span> 
     </span>
    </p>
   </div>
   <div class='ocr_carea' id='block_1_90' title="bbox 1975 4553 3500 4626">
    <p class='ocr_par' dir='ltr' id='par_1_90' title="bbox 1975 4553 3500 4626">
     <span class='ocr_line' id='line_1_90' title="bbox 1975 4553 3500 4626; baseline -0.005 -14"><span class='ocrx_word' id='word_1_688' title='bbox 1975 4575 2132 4623; x_wconf 83' lang='lat' dir='ltr'><strong>Opera</strong></span> <span class='ocrx_word' id='word_1_689' title='bbox 2175 4558 2361 4609; x_wconf 75' lang='lat' dir='ltr'><strong>diutine</strong></span> <span class='ocrx_word' id='word_1_690' title='bbox 2389 4557 2591 4626; x_wconf 64' lang='grc' dir='ltr'><strong>(πορείαν,</strong></span> <span class='ocrx_word' id='word_1_691' title='bbox 2625 4567 2669 4607; x_wconf 78' lang='lat' dir='ltr'><strong>et</strong></span> <span class='ocrx_word' id='word_1_692' title='bbox 2701 4555 2804 4606; x_wconf 86' lang='lat' dir='ltr'><strong>Chr</strong></span> <span class='ocrx_word' id='word_1_693' title='bbox 2829 4554 3013 4608; x_wconf 81' lang='lat' dir='ltr'><strong>stimue</strong></span> <span class='ocrx_word' id='word_1_694' title='bbox 3039 4556 3221 4626; x_wconf 76' lang='lat' dir='ltr'><strong>gratiw</strong></span> <span class='ocrx_word' id='word_1_695' title='bbox 3252 4553 3500 4606; x_wconf 72' lang='lat' dir='ltr'><strong>miraculo</strong></span> 
     </span>
    </p>
   </div>
   <div class='ocr_carea' id='block_1_91' title="bbox 1975 4627 3500 4708">
    <p class='ocr_par' dir='ltr' id='par_1_91' title="bbox 1975 4627 3500 4708">
     <span class='ocr_line' id='line_1_91' title="bbox 1975 4627 3500 4708; baseline -0.005 -26"><span class='ocrx_word' id='word_1_696' title='bbox 1975 4644 2090 4708; x_wconf 71' lang='lat' dir='ltr'><strong>prie.</strong></span> <span class='ocrx_word' id='word_1_697' title='bbox 2112 4630 2287 4708; x_wconf 72' lang='lat' dir='ltr'><strong>ignota</strong></span> <span class='ocrx_word' id='word_1_698' title='bbox 2317 4645 2334 4692; x_wconf 85' lang='lat'><strong><em>;</em></strong></span> <span class='ocrx_word' id='word_1_699' title='bbox 2359 4627 2798 4708; x_wconf 42' lang='lat' dir='ltr'><strong>etsi‘abuudantin</strong></span> <span class='ocrx_word' id='word_1_700' title='bbox 2821 4627 3026 4708; x_wconf 37' lang='lat' dir='ltr'><strong>gentia}.</strong></span> <span class='ocrx_word' id='word_1_701' title='bbox 3049 4641 3166 4696; x_wconf 75' lang='grc' dir='ltr'>ιμιιε</span> <span class='ocrx_word' id='word_1_702' title='bbox 3185 4639 3319 4678; x_wconf 86' lang='lat' dir='ltr'><strong>nunc</strong></span> <span class='ocrx_word' id='word_1_703' title='bbox 3350 4639 3500 4675; x_wconf 83' lang='lat' dir='ltr'><strong>mun-</strong></span> 
     </span>
    </p>
   </div>
   <div class='ocr_carea' id='block_1_92' title="bbox 206 4694 1811 4778">
    <p class='ocr_par' dir='ltr' id='par_1_92' title="bbox 206 4711 1794 4778">
     <span class='ocr_line' id='line_1_92' title="bbox 206 4711 1794 4778; baseline 0 -9"><span class='ocrx_word' id='word_1_704' title='bbox 206 4723 264 4769; x_wconf 90' lang='lat' dir='ltr'><strong>et</strong></span> <span class='ocrx_word' id='word_1_705' title='bbox 299 4716 371 4767; x_wconf 74' lang='lat' dir='ltr'><strong>ab</strong></span> <span class='ocrx_word' id='word_1_706' title='bbox 414 4712 571 4768; x_wconf 85' lang='lat' dir='ltr'><strong>initio</strong></span> <span class='ocrx_word' id='word_1_707' title='bbox 605 4711 722 4778; x_wconf 84' lang='lat' dir='ltr'><strong>sui,</strong></span> <span class='ocrx_word' id='word_1_708' title='bbox 768 4727 972 4767; x_wconf 88' lang='lat' dir='ltr'><strong>veneno</strong></span> <span class='ocrx_word' id='word_1_709' title='bbox 1009 4711 1260 4766; x_wconf 82' lang='lat' dir='ltr'><strong>diaboliei</strong></span> <span class='ocrx_word' id='word_1_710' title='bbox 1297 4711 1480 4766; x_wconf 75' lang='lat' dir='ltr'><strong>livoris</strong></span> <span class='ocrx_word' id='word_1_711' title='bbox 1521 4713 1794 4769; x_wconf 84' lang='lat' dir='ltr'><strong>intumuit.</strong></span> 
     </span>
    </p>
   </div>
   <div class='ocr_carea' id='block_1_93' title="bbox 1908 4694 3034 4778">
    <p class='ocr_par' dir='ltr' id='par_1_93' title="bbox 1975 4694 3034 4768">
     <span class='ocr_line' id='line_1_93' title="bbox 1975 4694 3034 4768; baseline -0.002 -15"><span class='ocrx_word' id='word_1_712' title='bbox 1975 4694 2099 4753; x_wconf 60' lang='lat' dir='ltr'><strong>dum</strong></span> <span class='ocrx_word' id='word_1_713' title='bbox 2129 4694 2285 4768; x_wconf 61' lang='lat' dir='ltr'><strong>rigat.</strong></span> <span class='ocrx_word' id='word_1_714' title='bbox 2315 4699 2431 4768; x_wconf 83' lang='lat' dir='ltr'><strong>puri</strong></span> <span class='ocrx_word' id='word_1_715' title='bbox 2455 4697 2693 4766; x_wconf 82' lang='lat' dir='ltr'><strong>largitate</strong></span> <span class='ocrx_word' id='word_1_716' title='bbox 2721 4694 2837 4750; x_wconf 38' lang='lat' dir='ltr'><strong>non—</strong></span> <span class='ocrx_word' id='word_1_717' title='bbox 2859 4697 3034 4768; x_wconf 72' lang='lat' dir='ltr'><strong>ﬂuxit.</strong></span> 
     </span>
    </p>
   </div>
   <div class='ocr_carea' id='block_1_94' title="bbox 206 4805 1797 4878">
    <p class='ocr_par' dir='ltr' id='par_1_94' title="bbox 206 4805 1797 4878">
     <span class='ocr_line' id='line_1_94' title="bbox 206 4805 1797 4878; baseline 0 -14"><span class='ocrx_word' id='word_1_718' title='bbox 206 4807 519 4878; x_wconf 83' lang='lat' dir='ltr'><strong>Principetu</strong></span> <span class='ocrx_word' id='word_1_719' title='bbox 549 4807 693 4863; x_wconf 89' lang='lat' dir='ltr'><strong>enim</strong></span> <span class='ocrx_word' id='word_1_720' title='bbox 717 4806 890 4874; x_wconf 75' lang='lat' dir='ltr'><strong>gentis</strong></span> <span class='ocrx_word' id='word_1_721' title='bbox 919 4805 1116 4875; x_wconf 65' lang='lat' dir='ltr'><strong>impiae,</strong></span> <span class='ocrx_word' id='word_1_722' title='bbox 1147 4805 1318 4861; x_wconf 84' lang='lat' dir='ltr'><strong>sancti</strong></span> <span class='ocrx_word' id='word_1_723' title='bbox 1365 4806 1548 4861; x_wconf 77' lang='lat' dir='ltr'><strong>fratris</strong></span> <span class='ocrx_word' id='word_1_724' title='bbox 1589 4809 1797 4864; x_wconf 85' lang='lat' dir='ltr'><strong>meritis</strong></span> 
     </span>
    </p>
   </div>
   <div class='ocr_carea' id='block_1_95' title="bbox 206 4901 1800 4974">
    <p class='ocr_par' dir='ltr' id='par_1_95' title="bbox 206 4901 1800 4974">
     <span class='ocr_line' id='line_1_95' title="bbox 206 4901 1800 4974; baseline 0 -14"><span class='ocrx_word' id='word_1_725' title='bbox 206 4905 575 4970; x_wconf 87' lang='lat' dir='ltr'><strong>invidentem,</strong></span> <span class='ocrx_word' id='word_1_726' title='bbox 617 4903 928 4974; x_wconf 70' lang='lat' dir='ltr'><strong>caedemque</strong></span> <span class='ocrx_word' id='word_1_727' title='bbox 954 4901 1071 4972; x_wconf 86' lang='lat' dir='ltr'><strong>ejus</strong></span> <span class='ocrx_word' id='word_1_728' title='bbox 1099 4902 1404 4972; x_wconf 79' lang='lat' dir='ltr'><strong>parricidali</strong></span> <span class='ocrx_word' id='word_1_729' title='bbox 1434 4902 1598 4959; x_wconf 88' lang='lat' dir='ltr'><strong>corde</strong></span> <span class='ocrx_word' id='word_1_730' title='bbox 1630 4905 1800 4960; x_wconf 86' lang='lat' dir='ltr'><strong>medi-</strong></span> 
     </span>
    </p>
   </div>
   <div class='ocr_carea' id='block_1_96' title="bbox 279 5063 1800 5132">
    <p class='ocr_par' dir='ltr' id='par_1_96' title="bbox 279 5063 1800 5132">
     <span class='ocr_line' id='line_1_96' title="bbox 279 5063 1800 5132; baseline 0.002 -9"><span class='ocrx_word' id='word_1_731' title='bbox 279 5079 303 5108; x_wconf 79' lang='grc' dir='ltr'><strong>ι</strong></span> <span class='ocrx_word' id='word_1_732' title='bbox 341 5067 473 5126; x_wconf 76' lang='lat' dir='ltr'><strong>Mss.</strong></span> <span class='ocrx_word' id='word_1_733' title='bbox 506 5065 615 5122; x_wconf 84' lang='lat' dir='ltr'><strong>Jol.</strong></span> <span class='ocrx_word' id='word_1_734' title='bbox 642 5074 695 5120; x_wconf 90' lang='lat' dir='ltr'><strong>et</strong></span> <span class='ocrx_word' id='word_1_735' title='bbox 725 5063 940 5132; x_wconf 86' lang='lat' dir='ltr'><strong>Camb.,</strong></span> <span class='ocrx_word' id='word_1_736' title='bbox 982 5081 1090 5120; x_wconf 75' lang='lat' dir='ltr'><strong>sua!</strong></span> <span class='ocrx_word' id='word_1_737' title='bbox 1126 5067 1432 5130; x_wconf 85' lang='lat' dir='ltr'><strong>voluntatis,</strong></span> <span class='ocrx_word' id='word_1_738' title='bbox 1472 5075 1526 5122; x_wconf 91' lang='lat' dir='ltr'><strong>et</strong></span> <span class='ocrx_word' id='word_1_739' title='bbox 1552 5068 1631 5122; x_wconf 89' lang='lat' dir='ltr'><strong>sic</strong></span> <span class='ocrx_word' id='word_1_740' title='bbox 1669 5071 1800 5126; x_wconf 88' lang='lat' dir='ltr'><strong>olim</strong></span> 
     </span>
    </p>
   </div>
   <div class='ocr_carea' id='block_1_97' title="bbox 203 5137 1207 5202">
    <p class='ocr_par' dir='ltr' id='par_1_97' title="bbox 203 5137 1207 5202">
     <span class='ocr_line' id='line_1_97' title="bbox 203 5137 1207 5202; baseline -0.006 -6"><span class='ocrx_word' id='word_1_741' title='bbox 203 5140 254 5196; x_wconf 91' lang='lat' dir='ltr'><strong>in</strong></span> <span class='ocrx_word' id='word_1_742' title='bbox 295 5141 505 5197; x_wconf 72' lang='lat' dir='ltr'><strong>Leone.</strong></span> <span class='ocrx_word' id='word_1_743' title='bbox 533 5142 603 5193; x_wconf 84' lang='lat' dir='ltr'><strong>At</strong></span> <span class='ocrx_word' id='word_1_744' title='bbox 631 5137 744 5200; x_wconf 88' lang='lat' dir='ltr'><strong>alii,</strong></span> <span class='ocrx_word' id='word_1_745' title='bbox 777 5153 885 5190; x_wconf 76' lang='lat' dir='ltr'><strong>sua:</strong></span> <span class='ocrx_word' id='word_1_746' title='bbox 912 5137 1207 5202; x_wconf 85' lang='lat' dir='ltr'><strong>voluptatis.</strong></span> 
     </span>
    </p>
   </div>
   <div class='ocr_carea' id='block_1_98' title="bbox 278 5207 1799 5276">
    <p class='ocr_par' dir='ltr' id='par_1_98' title="bbox 278 5207 1799 5276">
     <span class='ocr_line' id='line_1_98' title="bbox 278 5207 1799 5276; baseline 0.001 -9"><span class='ocrx_word' id='word_1_747' title='bbox 278 5211 308 5252; x_wconf 67' lang='grc' dir='ltr'>δ</span> <span class='ocrx_word' id='word_1_748' title='bbox 342 5210 438 5268; x_wconf 90' lang='lat' dir='ltr'><strong>Sic</strong></span> <span class='ocrx_word' id='word_1_749' title='bbox 486 5225 588 5264; x_wconf 90' lang='lat' dir='ltr'><strong>ms.</strong></span> <span class='ocrx_word' id='word_1_750' title='bbox 629 5208 738 5263; x_wconf 86' lang='lat' dir='ltr'><strong>Jol.</strong></span> <span class='ocrx_word' id='word_1_751' title='bbox 778 5218 834 5262; x_wconf 86' lang='lat' dir='ltr'><strong>et</strong></span> <span class='ocrx_word' id='word_1_752' title='bbox 871 5207 1004 5263; x_wconf 91' lang='lat' dir='ltr'><strong>edit.</strong></span> <span class='ocrx_word' id='word_1_753' title='bbox 1037 5207 1268 5276; x_wconf 86' lang='lat' dir='ltr'><strong>Lovan.,</strong></span> <span class='ocrx_word' id='word_1_754' title='bbox 1309 5208 1473 5265; x_wconf 90' lang='lat' dir='ltr'><strong>Duac.</strong></span> <span class='ocrx_word' id='word_1_755' title='bbox 1513 5217 1568 5265; x_wconf 88' lang='lat' dir='ltr'><strong>et</strong></span> <span class='ocrx_word' id='word_1_756' title='bbox 1605 5211 1799 5268; x_wconf 88' lang='lat' dir='ltr'><strong>Colon.</strong></span> 
     </span>
    </p>
   </div>
   <div class='ocr_carea' id='block_1_99' title="bbox 201 5279 1199 5343">
    <p class='ocr_par' dir='ltr' id='par_1_99' title="bbox 201 5279 1199 5343">
     <span class='ocr_line' id='line_1_99' title="bbox 201 5279 1199 5343; baseline -0.007 -3"><span class='ocrx_word' id='word_1_757' title='bbox 201 5292 262 5340; x_wconf 88' lang='lat' dir='ltr'><strong>ct</strong></span> <span class='ocrx_word' id='word_1_758' title='bbox 292 5281 496 5340; x_wconf 83' lang='lat' dir='ltr'><strong>Leonis</strong></span> <span class='ocrx_word' id='word_1_759' title='bbox 526 5279 715 5343; x_wconf 79' lang='lat' dir='ltr'><strong>editio,</strong></span> <span class='ocrx_word' id='word_1_760' title='bbox 739 5279 978 5332; x_wconf 85' lang='lat' dir='ltr'><strong>inebriati</strong></span> <span class='ocrx_word' id='word_1_761' title='bbox 1007 5288 1199 5334; x_wconf 88' lang='lat' dir='ltr'><strong>tamen.</strong></span> 
     </span>
    </p>
   </div>
   <div class='ocr_carea' id='block_1_100' title="bbox 284 5349 1798 5418">
    <p class='ocr_par' dir='ltr' id='par_1_100' title="bbox 284 5349 1798 5418">
     <span class='ocr_line' id='line_1_100' title="bbox 284 5349 1798 5418; baseline 0.009 -22"><span class='ocrx_word' id='word_1_762' title='bbox 284 5367 309 5396; x_wconf 87' lang='lat' dir='ltr'><strong>e</strong></span> <span class='ocrx_word' id='word_1_763' title='bbox 347 5355 422 5408; x_wconf 78' lang='lat' dir='ltr'><strong>Ita</strong></span> <span class='ocrx_word' id='word_1_764' title='bbox 455 5367 587 5407; x_wconf 85' lang='lat' dir='ltr'><strong>mss.</strong></span> <span class='ocrx_word' id='word_1_765' title='bbox 619 5351 854 5418; x_wconf 82' lang='lat' dir='ltr'><strong>Thuan.,</strong></span> <span class='ocrx_word' id='word_1_766' title='bbox 881 5349 1070 5405; x_wconf 85' lang='lat' dir='ltr'><strong>Camb.</strong></span> <span class='ocrx_word' id='word_1_767' title='bbox 1100 5359 1154 5404; x_wconf 91' lang='lat' dir='ltr'><strong>et</strong></span> <span class='ocrx_word' id='word_1_768' title='bbox 1174 5349 1279 5405; x_wconf 81' lang='lat' dir='ltr'><strong>Jol.</strong></span> <span class='ocrx_word' id='word_1_769' title='bbox 1305 5358 1358 5405; x_wconf 89' lang='lat' dir='ltr'><strong>et</strong></span> <span class='ocrx_word' id='word_1_770' title='bbox 1389 5349 1588 5408; x_wconf 84' lang='lat' dir='ltr'><strong>Leonis</strong></span> <span class='ocrx_word' id='word_1_771' title='bbox 1609 5352 1798 5410; x_wconf 87' lang='lat' dir='ltr'><strong>editio.</strong></span> 
     </span>
    </p>
   </div>
   <div class='ocr_carea' id='block_1_101' title="bbox 204 5423 1443 5494">
    <p class='ocr_par' dir='ltr' id='par_1_101' title="bbox 204 5423 1443 5494">
     <span class='ocr_line' id='line_1_101' title="bbox 204 5423 1443 5494; baseline -0.008 -12"><span class='ocrx_word' id='word_1_772' title='bbox 204 5426 359 5482; x_wconf 80' lang='lat' dir='ltr'><strong>Editi</strong></span> <span class='ocrx_word' id='word_1_773' title='bbox 393 5423 871 5494; x_wconf 15' lang='lat' dir='ltr'><strong>Prosperi,ieorum</strong></span> <span class='ocrx_word' id='word_1_774' title='bbox 901 5423 1180 5494; x_wconf 56' lang='lat' dir='ltr'><strong>maritim...</strong></span> <span class='ocrx_word' id='word_1_775' title='bbox 1203 5437 1443 5494; x_wconf 78' lang='lat' dir='ltr'><strong>quorum.</strong></span> 
     </span>
    </p>
   </div>
   <div class='ocr_carea' id='block_1_102' title="bbox 279 5492 1801 5552">
    <p class='ocr_par' dir='ltr' id='par_1_102' title="bbox 279 5492 1801 5552">
     <span class='ocr_line' id='line_1_102' title="bbox 279 5492 1801 5552; baseline 0.006 -9"><span class='ocrx_word' id='word_1_776' title='bbox 279 5495 308 5535; x_wconf 84' lang='lat' dir='ltr'><strong>d</strong></span> <span class='ocrx_word' id='word_1_777' title='bbox 342 5497 422 5552; x_wconf 77' lang='lat' dir='ltr'><strong>Ita</strong></span> <span class='ocrx_word' id='word_1_778' title='bbox 476 5492 607 5549; x_wconf 82' lang='lat' dir='ltr'><strong>mss.</strong></span> <span class='ocrx_word' id='word_1_779' title='bbox 653 5493 980 5546; x_wconf 79' lang='lat' dir='ltr'><strong>Catnberon.</strong></span> <span class='ocrx_word' id='word_1_780' title='bbox 1036 5503 1089 5546; x_wconf 86' lang='lat' dir='ltr'><strong>et</strong></span> <span class='ocrx_word' id='word_1_781' title='bbox 1130 5492 1237 5547; x_wconf 81' lang='lat' dir='ltr'><strong>Jol.</strong></span> <span class='ocrx_word' id='word_1_782' title='bbox 1289 5503 1343 5546; x_wconf 83' lang='lat' dir='ltr'><strong>et</strong></span> <span class='ocrx_word' id='word_1_783' title='bbox 1374 5494 1568 5548; x_wconf 80' lang='lat' dir='ltr'><strong>Leonis</strong></span> <span class='ocrx_word' id='word_1_784' title='bbox 1613 5496 1801 5552; x_wconf 88' lang='lat' dir='ltr'><strong>editio.</strong></span> 
     </span>
    </p>
   </div>
   <div class='ocr_carea' id='block_1_103' title="bbox 203 5563 1808 5630">
    <p class='ocr_par' dir='ltr' id='par_1_103' title="bbox 203 5563 1808 5630">
     <span class='ocr_line' id='line_1_103' title="bbox 203 5563 1808 5630; baseline -0.001 -6"><span class='ocrx_word' id='word_1_785' title='bbox 203 5568 361 5624; x_wconf 85' lang='lat' dir='ltr'><strong>Editi</strong></span> <span class='ocrx_word' id='word_1_786' title='bbox 390 5581 523 5620; x_wconf 90' lang='lat' dir='ltr'><strong>vero</strong></span> <span class='ocrx_word' id='word_1_787' title='bbox 552 5564 802 5630; x_wconf 79' lang='lat' dir='ltr'><strong>Prusperi</strong></span> <span class='ocrx_word' id='word_1_788' title='bbox 823 5605 840 5628; x_wconf 92' lang='lat'><strong>,</strong></span> <span class='ocrx_word' id='word_1_789' title='bbox 861 5563 1142 5617; x_wconf 69' lang='lat' dir='ltr'><strong>secundum</strong></span> <span class='ocrx_word' id='word_1_790' title='bbox 1172 5574 1408 5616; x_wconf 84' lang='lat' dir='ltr'><strong>naturam</strong></span> <span class='ocrx_word' id='word_1_791' title='bbox 1433 5566 1498 5620; x_wconf 75' lang='lat' dir='ltr'><strong>sit</strong></span> <span class='ocrx_word' id='word_1_792' title='bbox 1528 5565 1724 5620; x_wconf 78' lang='lat' dir='ltr'><strong>homini</strong></span> <span class='ocrx_word' id='word_1_793' title='bbox 1753 5579 1808 5623; x_wconf 88' lang='lat' dir='ltr'><strong>ut</strong></span> 
     </span>
    </p>
   </div>
   <div class='ocr_carea' id='block_1_104' title="bbox 203 5635 1808 5707">
    <p class='ocr_par' dir='ltr' id='par_1_104' title="bbox 203 5635 1808 5707">
     <span class='ocr_line' id='line_1_104' title="bbox 203 5635 1808 5707; baseline -0.001 -13"><span class='ocrx_word' id='word_1_794' title='bbox 203 5643 366 5696; x_wconf 75' lang='lat' dir='ltr'><strong>bona:</strong></span> <span class='ocrx_word' id='word_1_795' title='bbox 386 5639 452 5692; x_wconf 86' lang='lat' dir='ltr'><strong>sit</strong></span> <span class='ocrx_word' id='word_1_796' title='bbox 494 5635 803 5702; x_wconf 75' lang='lat' dir='ltr'><strong>voluntatis;</strong></span> <span class='ocrx_word' id='word_1_797' title='bbox 853 5637 1025 5688; x_wconf 82' lang='lat' dir='ltr'><strong>rititttn</strong></span> <span class='ocrx_word' id='word_1_798' title='bbox 1075 5646 1270 5698; x_wconf 47' lang='lat' dir='ltr'><strong>(antiit,</strong></span> <span class='ocrx_word' id='word_1_799' title='bbox 1315 5637 1454 5706; x_wconf 81' lang='lat' dir='ltr'><strong>quod</strong></span> <span class='ocrx_word' id='word_1_800' title='bbox 1480 5654 1572 5707; x_wconf 83' lang='lat' dir='ltr'><strong>per</strong></span> <span class='ocrx_word' id='word_1_801' title='bbox 1616 5643 1808 5693; x_wconf 54' lang='lat' dir='ltr'><strong>malum</strong></span> 
     </span>
    </p>
   </div>
   <div class='ocr_carea' id='block_1_105' title="bbox 202 5707 1805 5778">
    <p class='ocr_par' dir='ltr' id='par_1_105' title="bbox 202 5707 1805 5778">
     <span class='ocr_line' id='line_1_105' title="bbox 202 5707 1805 5778; baseline 0.001 -15"><span class='ocrx_word' id='word_1_802' title='bbox 202 5718 528 5766; x_wconf 71' lang='lat' dir='ltr'><strong>uoluntatem</strong></span> <span class='ocrx_word' id='word_1_803' title='bbox 553 5714 700 5761; x_wconf 80' lang='lat' dir='ltr'><strong>irruit</strong></span> <span class='ocrx_word' id='word_1_804' title='bbox 723 5709 775 5761; x_wconf 88' lang='lat' dir='ltr'><strong>in</strong></span> <span class='ocrx_word' id='word_1_805' title='bbox 799 5719 1054 5760; x_wconf 87' lang='lat' dir='ltr'><strong>naturam.</strong></span> <span class='ocrx_word' id='word_1_806' title='bbox 1081 5707 1181 5761; x_wconf 78' lang='lat' dir='ltr'><strong>Ms.</strong></span> <span class='ocrx_word' id='word_1_807' title='bbox 1210 5708 1361 5762; x_wconf 72' lang='lat' dir='ltr'><strong>Cum.</strong></span> <span class='ocrx_word' id='word_1_808' title='bbox 1399 5720 1576 5764; x_wconf 76' lang='lat' dir='ltr'><strong>tamen</strong></span> <span class='ocrx_word' id='word_1_809' title='bbox 1613 5711 1805 5778; x_wconf 72' lang='lat' dir='ltr'><strong>habet,</strong></span> 
     </span>
    </p>
   </div>
   <div class='ocr_carea' id='block_1_106' title="bbox 201 5785 722 5842">
    <p class='ocr_par' dir='ltr' id='par_1_106' title="bbox 201 5785 722 5842">
     <span class='ocr_line' id='line_1_106' title="bbox 201 5785 722 5842; baseline -0.012 -4"><span class='ocrx_word' id='word_1_810' title='bbox 201 5785 399 5842; x_wconf 74' lang='lat' dir='ltr'><strong>istcidit</strong></span> <span class='ocrx_word' id='word_1_811' title='bbox 428 5799 478 5833; x_wconf 88' lang='lat' dir='ltr'><strong>tn</strong></span> <span class='ocrx_word' id='word_1_812' title='bbox 501 5797 722 5833; x_wconf 72' lang='lat' dir='ltr'><strong>ruinam.</strong></span> 
     </span>
    </p>
   </div>
   <div class='ocr_carea' id='block_1_107' title="bbox 284 5851 1808 5922">
    <p class='ocr_par' dir='ltr' id='par_1_107' title="bbox 284 5851 1808 5922">
     <span class='ocr_line' id='line_1_107' title="bbox 284 5851 1808 5922; baseline 0.001 -14"><span class='ocrx_word' id='word_1_813' title='bbox 284 5863 314 5892; x_wconf 79' lang='grc'><strong><em>⁸</em></strong></span> <span class='ocrx_word' id='word_1_814' title='bbox 349 5854 488 5909; x_wconf 82' lang='lat' dir='ltr'><strong>Editi</strong></span> <span class='ocrx_word' id='word_1_815' title='bbox 522 5852 726 5912; x_wconf 78' lang='lat' dir='ltr'><strong>ucstri.</strong></span> <span class='ocrx_word' id='word_1_816' title='bbox 755 5867 844 5922; x_wconf 86' lang='lat' dir='ltr'><strong>per</strong></span> <span class='ocrx_word' id='word_1_817' title='bbox 891 5851 1183 5905; x_wconf 78' lang='lat' dir='ltr'><strong>uoluntatis.</strong></span> <span class='ocrx_word' id='word_1_818' title='bbox 1215 5851 1339 5906; x_wconf 80' lang='lat' dir='ltr'><strong>Mss.</strong></span> <span class='ocrx_word' id='word_1_819' title='bbox 1374 5851 1562 5909; x_wconf 88' lang='lat' dir='ltr'><strong>Camb.</strong></span> <span class='ocrx_word' id='word_1_820' title='bbox 1597 5863 1652 5913; x_wconf 88' lang='lat' dir='ltr'><strong>et</strong></span> <span class='ocrx_word' id='word_1_821' title='bbox 1695 5853 1808 5911; x_wconf 77' lang='grc' dir='ltr'>ιοι.</span> 
     </span>
    </p>
   </div>
   <div class='ocr_carea' id='block_1_108' title="bbox 203 5923 1520 5994">
    <p class='ocr_par' dir='ltr' id='par_1_108' title="bbox 203 5923 1520 5994">
     <span class='ocr_line' id='line_1_108' title="bbox 203 5923 1520 5994; baseline -0.005 -9"><span class='ocrx_word' id='word_1_822' title='bbox 203 5938 280 5986; x_wconf 81' lang='lat' dir='ltr'><strong>se</strong></span> <span class='ocrx_word' id='word_1_823' title='bbox 300 5925 506 5983; x_wconf 82' lang='lat' dir='ltr'><strong>Leonis</strong></span> <span class='ocrx_word' id='word_1_824' title='bbox 535 5923 702 5981; x_wconf 88' lang='lat' dir='ltr'><strong>editio</strong></span> <span class='ocrx_word' id='word_1_825' title='bbox 728 5925 1016 5994; x_wconf 76' lang='lat' dir='ltr'><strong>posterior,</strong></span> <span class='ocrx_word' id='word_1_826' title='bbox 1042 5940 1133 5992; x_wconf 85' lang='lat' dir='ltr'><strong>per</strong></span> <span class='ocrx_word' id='word_1_827' title='bbox 1152 5925 1520 5980; x_wconf 83' lang='lat' dir='ltr'><strong>uoluntarium.</strong></span> 
     </span>
    </p>
   </div>
   <div class='ocr_carea' id='block_1_109' title="bbox 1979 4810 3500 4884">
    <p class='ocr_par' dir='ltr' id='par_1_109' title="bbox 1979 4810 3500 4884">
     <span class='ocr_line' id='line_1_109' title="bbox 1979 4810 3500 4884; baseline 0 -16"><span class='ocrx_word' id='word_1_828' title='bbox 1979 4813 2034 4868; x_wconf 85' lang='lat' dir='ltr'><strong>In</strong></span> <span class='ocrx_word' id='word_1_829' title='bbox 2067 4815 2477 4869; x_wconf 76' lang='lat' dir='ltr'><strong>conservatione</strong></span> <span class='ocrx_word' id='word_1_830' title='bbox 2523 4825 2704 4870; x_wconf 86' lang='lat' dir='ltr'><strong>autem</strong></span> <span class='ocrx_word' id='word_1_831' title='bbox 2747 4813 2860 4870; x_wconf 82' lang='lat' dir='ltr'><strong>Nne</strong></span> <span class='ocrx_word' id='word_1_832' title='bbox 2894 4815 3232 4884; x_wconf 81' lang='lat' dir='ltr'><strong>ﬁliorumque</strong></span> <span class='ocrx_word' id='word_1_833' title='bbox 3269 4810 3391 4882; x_wconf 76' lang='lat' dir='ltr'><strong>ejus</strong></span> <span class='ocrx_word' id='word_1_834' title='bbox 3442 4817 3500 4866; x_wconf 80' lang='lat' dir='ltr'><strong>et</strong></span> 
     </span>
    </p>
   </div>
   <div class='ocr_carea' id='block_1_110' title="bbox 1904 4902 3498 4979">
    <p class='ocr_par' dir='ltr' id='par_1_110' title="bbox 1904 4902 3498 4979">
     <span class='ocr_line' id='line_1_110' title="bbox 1904 4902 3498 4979; baseline -0.004 -16"><span class='ocrx_word' id='word_1_835' title='bbox 1904 4923 2138 4964; x_wconf 90' lang='lat' dir='ltr'><strong>nuruum</strong></span> <span class='ocrx_word' id='word_1_836' title='bbox 2169 4904 2326 4978; x_wconf 82' lang='lat' dir='ltr'><strong>(Ceu.</strong></span> <span class='ocrx_word' id='word_1_837' title='bbox 2359 4904 2476 4976; x_wconf 72' lang='lat' dir='ltr'><strong>vlt),</strong></span> <span class='ocrx_word' id='word_1_838' title='bbox 2502 4907 2554 4963; x_wconf 93' lang='lat' dir='ltr'><strong>in</strong></span> <span class='ocrx_word' id='word_1_839' title='bbox 2586 4909 2782 4979; x_wconf 88' lang='lat' dir='ltr'><strong>quibus</strong></span> <span class='ocrx_word' id='word_1_840' title='bbox 2803 4909 3043 4963; x_wconf 89' lang='lat' dir='ltr'><strong>omnium</strong></span> <span class='ocrx_word' id='word_1_841' title='bbox 3067 4905 3308 4976; x_wconf 74' lang='lat' dir='ltr'><strong>gentium</strong></span> <span class='ocrx_word' id='word_1_842' title='bbox 3333 4902 3498 4958; x_wconf 79' lang='lat' dir='ltr'><strong>semi-</strong></span> 
     </span>
    </p>
   </div>
   <div class='ocr_carea' id='block_1_111' title="bbox 1987 5068 2834 5135">
    <p class='ocr_par' dir='ltr' id='par_1_111' title="bbox 1987 5068 2834 5135">
     <span class='ocr_line' id='line_1_111' title="bbox 1987 5068 2834 5135; baseline -0.004 -11"><span class='ocrx_word' id='word_1_843' title='bbox 1987 5068 2008 5107; x_wconf 63' lang='grc' dir='ltr'><strong><em>τ</em></strong></span> <span class='ocrx_word' id='word_1_844' title='bbox 2042 5069 2140 5124; x_wconf 80' lang='lat' dir='ltr'><strong>Ms.</strong></span> <span class='ocrx_word' id='word_1_845' title='bbox 2169 5069 2448 5134; x_wconf 76' lang='lat' dir='ltr'><strong>Jttlie&#39;it&#39;sis,</strong></span> <span class='ocrx_word' id='word_1_846' title='bbox 2481 5069 2834 5135; x_wconf 66' lang='lat' dir='ltr'><strong>conspirabat.</strong></span> 
     </span>
    </p>
   </div>
   <div class='ocr_carea' id='block_1_112' title="bbox 1982 5136 3496 5205">
    <p class='ocr_par' dir='ltr' id='par_1_112' title="bbox 1982 5136 3496 5205">
     <span class='ocr_line' id='line_1_112' title="bbox 1982 5136 3496 5205; baseline 0 -11"><span class='ocrx_word' id='word_1_847' title='bbox 1982 5149 2008 5187; x_wconf 75' lang='grc' dir='ltr'><em>ε</em></span> <span class='ocrx_word' id='word_1_848' title='bbox 2035 5141 2144 5195; x_wconf 78' lang='lat' dir='ltr'><strong>Vox</strong></span> <span class='ocrx_word' id='word_1_849' title='bbox 2170 5144 2318 5196; x_wconf 82' lang='lat' dir='ltr'><strong>illum</strong></span> <span class='ocrx_word' id='word_1_850' title='bbox 2347 5158 2451 5195; x_wconf 92' lang='lat' dir='ltr'><strong>non</strong></span> <span class='ocrx_word' id='word_1_851' title='bbox 2469 5143 2661 5205; x_wconf 70' lang='lat' dir='ltr'><strong>legitur</strong></span> <span class='ocrx_word' id='word_1_852' title='bbox 2681 5145 2731 5193; x_wconf 83' lang='lat' dir='ltr'><strong>in</strong></span> <span class='ocrx_word' id='word_1_853' title='bbox 2752 5137 3156 5194; x_wconf 81' lang='lat' dir='ltr'><strong>mss.&#39;l&#39;ltuarteo</strong></span> <span class='ocrx_word' id='word_1_854' title='bbox 3176 5146 3226 5192; x_wconf 81' lang='lat' dir='ltr'><strong>et</strong></span> <span class='ocrx_word' id='word_1_855' title='bbox 3248 5136 3496 5205; x_wconf 81' lang='lat' dir='ltr'><strong>Joliensi,</strong></span> 
     </span>
    </p>
   </div>
   <div class='ocr_carea' id='block_1_113' title="bbox 1911 5208 3499 5280">
    <p class='ocr_par' dir='ltr' id='par_1_113' title="bbox 1911 5208 3499 5280">
     <span class='ocr_line' id='line_1_113' title="bbox 1911 5208 3499 5280; baseline -0.001 -13"><span class='ocrx_word' id='word_1_856' title='bbox 1911 5226 2011 5267; x_wconf 89' lang='lat' dir='ltr'><strong>nec</strong></span> <span class='ocrx_word' id='word_1_857' title='bbox 2039 5215 2090 5266; x_wconf 91' lang='lat' dir='ltr'><strong>in</strong></span> <span class='ocrx_word' id='word_1_858' title='bbox 2121 5215 2240 5266; x_wconf 87' lang='lat' dir='ltr'><strong>ullis</strong></span> <span class='ocrx_word' id='word_1_859' title='bbox 2266 5213 2502 5280; x_wconf 83' lang='lat' dir='ltr'><strong>Operum</strong></span> <span class='ocrx_word' id='word_1_860' title='bbox 2530 5212 2588 5268; x_wconf 91' lang='lat' dir='ltr'><strong>S.</strong></span> <span class='ocrx_word' id='word_1_861' title='bbox 2621 5211 2890 5266; x_wconf 81' lang='lat' dir='ltr'><strong>Ambrosii</strong></span> <span class='ocrx_word' id='word_1_862' title='bbox 2932 5208 3258 5280; x_wconf 83' lang='lat' dir='ltr'><strong>eduionibus</strong></span> <span class='ocrx_word' id='word_1_863' title='bbox 3294 5211 3499 5280; x_wconf 81' lang='lat' dir='ltr'><strong>quibus</strong></span> 
     </span>
    </p>
   </div>
   <div class='ocr_carea' id='block_1_114' title="bbox 1910 5275 3496 5339">
    <p class='ocr_par' dir='ltr' id='par_1_114' title="bbox 1910 5275 3496 5339">
     <span class='ocr_line' id='line_1_114' title="bbox 1910 5275 3496 5339; baseline -0.003 -1"><span class='ocrx_word' id='word_1_864' title='bbox 1910 5284 2033 5338; x_wconf 89' lang='lat' dir='ltr'><strong>libri</strong></span> <span class='ocrx_word' id='word_1_865' title='bbox 2076 5283 2146 5338; x_wconf 87' lang='lat' dir='ltr'><strong>de</strong></span> <span class='ocrx_word' id='word_1_866' title='bbox 2174 5275 2472 5339; x_wconf 77' lang='lat' dir='ltr'><strong>Vocati0ue</strong></span> <span class='ocrx_word' id='word_1_867' title='bbox 2501 5285 2750 5339; x_wconf 82' lang='lat' dir='ltr'><strong>Gentium</strong></span> <span class='ocrx_word' id='word_1_868' title='bbox 2793 5281 2981 5336; x_wconf 86' lang='lat' dir='ltr'><strong>inserti</strong></span> <span class='ocrx_word' id='word_1_869' title='bbox 3020 5288 3167 5334; x_wconf 88' lang='lat' dir='ltr'><strong>sunt.</strong></span> <span class='ocrx_word' id='word_1_870' title='bbox 3199 5279 3252 5333; x_wconf 91' lang='lat' dir='ltr'><strong>lu</strong></span> <span class='ocrx_word' id='word_1_871' title='bbox 3290 5275 3496 5334; x_wconf 76' lang='lat' dir='ltr'><strong>Lttvan.</strong></span> 
     </span>
    </p>
   </div>
   <div class='ocr_carea' id='block_1_115' title="bbox 1910 5349 3498 5422">
    <p class='ocr_par' dir='ltr' id='par_1_115' title="bbox 1910 5349 3498 5422">
     <span class='ocr_line' id='line_1_115' title="bbox 1910 5349 3498 5422; baseline -0.001 -15"><span class='ocrx_word' id='word_1_872' title='bbox 1910 5353 2159 5419; x_wconf 84' lang='lat' dir='ltr'><strong>Prosperi</strong></span> <span class='ocrx_word' id='word_1_873' title='bbox 2217 5355 2455 5409; x_wconf 59' lang='lat' dir='ltr'><strong>editione</strong></span> <span class='ocrx_word' id='word_1_874' title='bbox 2510 5354 2722 5408; x_wconf 85' lang='lat' dir='ltr'><strong>duobus</strong></span> <span class='ocrx_word' id='word_1_875' title='bbox 2767 5367 2920 5404; x_wconf 83' lang='lat' dir='ltr'><strong>uncis</strong></span> <span class='ocrx_word' id='word_1_876' title='bbox 2956 5353 3004 5422; x_wconf 96' lang='lat'><strong>(_</strong></span> <span class='ocrx_word' id='word_1_877' title='bbox 3120 5349 3208 5422; x_wconf 22' lang='lat' dir='ltr'><strong>ﬂ)</strong></span> <span class='ocrx_word' id='word_1_878' title='bbox 3246 5351 3455 5422; x_wconf 79' lang='lat' dir='ltr'><strong>inclusa</strong></span> <span class='ocrx_word' id='word_1_879' title='bbox 3481 5392 3498 5422; x_wconf 83' lang='lat'><strong>,</strong></span> 
     </span>
    </p>
   </div>
   <div class='ocr_carea' id='block_1_116' title="bbox 1908 5420 3499 5490">
    <p class='ocr_par' dir='ltr' id='par_1_116' title="bbox 1908 5420 3499 5490">
     <span class='ocr_line' id='line_1_116' title="bbox 1908 5420 3499 5490; baseline -0.004 -11"><span class='ocrx_word' id='word_1_880' title='bbox 1908 5426 2060 5489; x_wconf 70' lang='lat' dir='ltr'><strong>quasi</strong></span> <span class='ocrx_word' id='word_1_881' title='bbox 2107 5425 2283 5480; x_wconf 79' lang='lat' dir='ltr'><strong>dubia:</strong></span> <span class='ocrx_word' id='word_1_882' title='bbox 2311 5426 2650 5479; x_wconf 73' lang='lat' dir='ltr'><strong>auctoritatis</strong></span> <span class='ocrx_word' id='word_1_883' title='bbox 2677 5466 2690 5483; x_wconf 87' lang='lat'><strong>.</strong></span> <span class='ocrx_word' id='word_1_884' title='bbox 2722 5420 3044 5477; x_wconf 35' lang='lat' dir='ltr'><strong>notatur.‘ln</strong></span> <span class='ocrx_word' id='word_1_885' title='bbox 3083 5421 3204 5475; x_wconf 84' lang='lat' dir='ltr'><strong>aliis</strong></span> <span class='ocrx_word' id='word_1_886' title='bbox 3244 5421 3499 5490; x_wconf 67' lang='lat' dir='ltr'><strong>Prosperi</strong></span> 
     </span>
    </p>
   </div>
   <div class='ocr_carea' id='block_1_117' title="bbox 1911 5492 3500 5562">
    <p class='ocr_par' dir='ltr' id='par_1_117' title="bbox 1911 5492 3500 5562">
     <span class='ocr_line' id='line_1_117' title="bbox 1911 5492 3500 5562; baseline -0.003 -11"><span class='ocrx_word' id='word_1_887' title='bbox 1911 5496 2065 5551; x_wconf 74' lang='lat' dir='ltr'><strong>libris</strong></span> <span class='ocrx_word' id='word_1_888' title='bbox 2095 5508 2149 5550; x_wconf 90' lang='lat' dir='ltr'><strong>et</strong></span> <span class='ocrx_word' id='word_1_889' title='bbox 2174 5511 2312 5549; x_wconf 87' lang='lat' dir='ltr'><strong>unva</strong></span> <span class='ocrx_word' id='word_1_890' title='bbox 2337 5497 2574 5552; x_wconf 75' lang='lat' dir='ltr'><strong>editione</strong></span> <span class='ocrx_word' id='word_1_891' title='bbox 2601 5494 2792 5549; x_wconf 87' lang='lat' dir='ltr'><strong>Leonis</strong></span> <span class='ocrx_word' id='word_1_892' title='bbox 2822 5495 3032 5562; x_wconf 74' lang='lat' dir='ltr'><strong>legitur.</strong></span> <span class='ocrx_word' id='word_1_893' title='bbox 3062 5492 3201 5559; x_wconf 79' lang='lat' dir='ltr'><strong>Quid</strong></span> <span class='ocrx_word' id='word_1_894' title='bbox 3231 5510 3360 5550; x_wconf 87' lang='lat' dir='ltr'><strong>vero</strong></span> <span class='ocrx_word' id='word_1_895' title='bbox 3386 5494 3500 5548; x_wconf 80' lang='lat' dir='ltr'><strong>dis-</strong></span> 
     </span>
    </p>
   </div>
   <div class='ocr_carea' id='block_1_118' title="bbox 1910 5564 3496 5635">
    <p class='ocr_par' dir='ltr' id='par_1_118' title="bbox 1910 5564 3496 5635">
     <span class='ocr_line' id='line_1_118' title="bbox 1910 5564 3496 5635; baseline -0.003 -14"><span class='ocrx_word' id='word_1_896' title='bbox 1910 5567 2150 5621; x_wconf 90' lang='lat' dir='ltr'><strong>criminis</strong></span> <span class='ocrx_word' id='word_1_897' title='bbox 2183 5568 2234 5621; x_wconf 91' lang='lat' dir='ltr'><strong>in</strong></span> <span class='ocrx_word' id='word_1_898' title='bbox 2265 5582 2428 5620; x_wconf 67' lang='lat' dir='ltr'><strong>st&#39;nsu</strong></span> <span class='ocrx_word' id='word_1_899' title='bbox 2461 5565 2622 5635; x_wconf 90' lang='lat' dir='ltr'><strong>lmjus</strong></span> <span class='ocrx_word' id='word_1_900' title='bbox 2652 5581 2934 5620; x_wconf 64' lang='lat' dir='ltr'><strong>sentt-uta:</strong></span> <span class='ocrx_word' id='word_1_901' title='bbox 2961 5564 3143 5635; x_wconf 74' lang='lat' dir='ltr'><strong>gignat</strong></span> <span class='ocrx_word' id='word_1_902' title='bbox 3173 5566 3287 5620; x_wconf 71' lang='lat' dir='ltr'><strong>haec</strong></span> <span class='ocrx_word' id='word_1_903' title='bbox 3315 5564 3496 5618; x_wconf 80' lang='lat' dir='ltr'><strong>lectio-</strong></span> 
     </span>
    </p>
   </div>
   <div class='ocr_carea' id='block_1_119' title="bbox 1913 5635 2962 5692">
    <p class='ocr_par' dir='ltr' id='par_1_119' title="bbox 1913 5635 2962 5692">
     <span class='ocr_line' id='line_1_119' title="bbox 1913 5635 2962 5692; baseline -0.004 0"><span class='ocrx_word' id='word_1_904' title='bbox 1913 5640 1995 5692; x_wconf 89' lang='lat' dir='ltr'><strong>uis</strong></span> <span class='ocrx_word' id='word_1_905' title='bbox 2029 5641 2261 5692; x_wconf 80' lang='lat' dir='ltr'><strong>varietas</strong></span> <span class='ocrx_word' id='word_1_906' title='bbox 2293 5656 2396 5690; x_wconf 87' lang='lat' dir='ltr'><strong>non</strong></span> <span class='ocrx_word' id='word_1_907' title='bbox 2425 5639 2580 5691; x_wconf 67' lang='lat' dir='ltr'><strong>luem</strong></span> <span class='ocrx_word' id='word_1_908' title='bbox 2607 5652 2682 5689; x_wconf 75' lang='lat' dir='ltr'><strong>est</strong></span> <span class='ocrx_word' id='word_1_909' title='bbox 2713 5635 2962 5691; x_wconf 76' lang='lat' dir='ltr'><strong>dtlittire.</strong></span> 
     </span>
    </p>
   </div>
   <div class='ocr_carea' id='block_1_120' title="bbox 1985 5703 3493 5773">
    <p class='ocr_par' dir='ltr' id='par_1_120' title="bbox 1985 5703 3493 5773">
     <span class='ocr_line' id='line_1_120' title="bbox 1985 5703 3493 5773; baseline -0.001 -13"><span class='ocrx_word' id='word_1_910' title='bbox 1985 5706 2012 5745; x_wconf 63' lang='grc' dir='ltr'>δ</span> <span class='ocrx_word' id='word_1_911' title='bbox 2034 5715 2120 5762; x_wconf 68' lang='lat' dir='ltr'><strong>Sic</strong></span> <span class='ocrx_word' id='word_1_912' title='bbox 2151 5727 2282 5764; x_wconf 53' lang='lat' dir='ltr'><strong>ttiss.</strong></span> <span class='ocrx_word' id='word_1_913' title='bbox 2309 5709 2496 5764; x_wconf 81' lang='lat' dir='ltr'><strong>Camb.</strong></span> <span class='ocrx_word' id='word_1_914' title='bbox 2530 5721 2582 5762; x_wconf 83' lang='lat' dir='ltr'><strong>et</strong></span> <span class='ocrx_word' id='word_1_915' title='bbox 2609 5709 2711 5763; x_wconf 80' lang='lat' dir='ltr'><strong>Jol.</strong></span> <span class='ocrx_word' id='word_1_916' title='bbox 2738 5721 2792 5764; x_wconf 86' lang='lat' dir='ltr'><strong>ct</strong></span> <span class='ocrx_word' id='word_1_917' title='bbox 2815 5707 2984 5762; x_wconf 71' lang='lat' dir='ltr'><strong>Leon.</strong></span> <span class='ocrx_word' id='word_1_918' title='bbox 3012 5705 3142 5762; x_wconf 87' lang='lat' dir='ltr'><strong>edit.</strong></span> <span class='ocrx_word' id='word_1_919' title='bbox 3166 5705 3306 5761; x_wconf 75' lang='lat' dir='ltr'><strong>Edili</strong></span> <span class='ocrx_word' id='word_1_920' title='bbox 3334 5703 3493 5773; x_wconf 81' lang='lat' dir='ltr'><strong>alias,</strong></span> 
     </span>
    </p>
   </div>
   <div class='ocr_carea' id='block_1_121' title="bbox 1913 5782 2213 5852">
    <p class='ocr_par' dir='ltr' id='par_1_121' title="bbox 1913 5782 2213 5852">
     <span class='ocr_line' id='line_1_121' title="bbox 1913 5782 2213 5852; baseline -0.017 -16"><span class='ocrx_word' id='word_1_921' title='bbox 1913 5782 2213 5852; x_wconf 66' lang='lat' dir='ltr'><strong>fratricidm.</strong></span> 
     </span>
    </p>
   </div>
   <div class='ocr_carea' id='block_1_122' title="bbox 1989 5849 3490 5924">
    <p class='ocr_par' dir='ltr' id='par_1_122' title="bbox 1989 5849 3490 5924">
     <span class='ocr_line' id='line_1_122' title="bbox 1989 5849 3490 5924; baseline -0.003 -17"><span class='ocrx_word' id='word_1_922' title='bbox 1989 5857 2005 5890; x_wconf 74' lang='grc' dir='ltr'><strong>ι</strong></span> <span class='ocrx_word' id='word_1_923' title='bbox 2041 5853 2138 5907; x_wconf 65' lang='lat' dir='ltr'><strong>Ms.</strong></span> <span class='ocrx_word' id='word_1_924' title='bbox 2167 5849 2420 5907; x_wconf 81' lang='lat' dir='ltr'><strong>Joliensis</strong></span> <span class='ocrx_word' id='word_1_925' title='bbox 2443 5897 2457 5923; x_wconf 82' lang='grc'><strong><em>,</em></strong></span> <span class='ocrx_word' id='word_1_926' title='bbox 2492 5867 2768 5924; x_wconf 85' lang='lat' dir='ltr'><strong>numquam</strong></span> <span class='ocrx_word' id='word_1_927' title='bbox 2818 5851 2981 5908; x_wconf 87' lang='lat' dir='ltr'><strong>Deum</strong></span> <span class='ocrx_word' id='word_1_928' title='bbox 3025 5849 3249 5906; x_wconf 81' lang='lat' dir='ltr'><strong>diuinam</strong></span> <span class='ocrx_word' id='word_1_929' title='bbox 3286 5850 3490 5911; x_wconf 75' lang='lat' dir='ltr'><strong>bonita-</strong></span> 
     </span>
    </p>
   </div>
   <div class='ocr_carea' id='block_1_123' title="bbox 1916 5934 2264 5992">
    <p class='ocr_par' dir='ltr' id='par_1_123' title="bbox 1916 5934 2264 5992">
     <span class='ocr_line' id='line_1_123' title="bbox 1916 5934 2264 5992; baseline 0 -14"><span class='ocrx_word' id='word_1_930' title='bbox 1916 5934 2012 5980; x_wconf 86' lang='lat' dir='ltr'><strong>tem</strong></span> <span class='ocrx_word' id='word_1_931' title='bbox 2036 5939 2264 5992; x_wconf 77' lang='lat' dir='ltr'><strong>negasse.</strong></span> 
     </span>
    </p>
   </div>
  </div>
