4014 6348
1250 308 1284 340 ν⁴’
1343 307 1346 310 ‘
1414 313 1514 340 3“.

538 403 647 464 ’103

1170 393 1229 452 S.
1271 393 1606 452 PROSPERI
1641 393 1973 463 AQUITANI
2010 393 2241 452 OPERA
2281 393 2605 452 INCERTE
2645 391 3173 452 AUCTORITA'I'IS.

3706 392 3810 458 τοι

537 529 708 581 suurn,
735 529 768 569 a
805 525 1030 584 quorum
1059 517 1331 563 numero‘
1375 509 1418 562 si
1451 507 1648 577 aliquis
1693 509 1827 563 liber
1867 507 2117 562 inventus
2145 511 2193 569 Α
2219 523 2336 576 quia
2372 517 2448 562 est
2488 508 2625 562 circa
2670 506 2922 578 Cyrenen.
2978 516 3028 562 et
3083 508 3295 564 advenat
3345 507 3592 575 Romani.
3639 508 3807 570 Judci

536 622 639 680 est,
695 624 800 662 non
841 614 926 660 est
965 619 1060 672 pro
1100 601 1350 656 titiinihus
1395 614 1635 654 mortuus
1672 599 1918 656 Christus
1957 617 1970 654 :
2023 600 2117 654 sed

539 713 758 771 prorsus
786 713 882 766 pro
909 696 1160 751 omnibus
1187 707 1431 748 mortuus
1459 703 1544 748 est
1570 692 1595 732 δ
1641 693 1927 748 Christus:
1963 707 2121 747 nemo

536 811 663 866 ergo
689 808 927 847 omnium
969 791 1247 844 hominum
1291 798 1416 843 ante
1463 787 1954 843 reconciliationem
2003 801 2121 854 qua:

537 903 631 957 per
655 885 854 940 Christi
899 883 1212 953 sanguinem
1246 884 1382 936 laeta
1412 890 1517 945 est,
1551 895 1655 935 n0u
1702 891 1724 917 ε
1755 890 1845 932 aut
1873 890 2122 946 peccator

537 989 630 1033 aut
678 978 871 1047 impius
899 977 1034 1031 fuit:
1084 977 1298 1030 dieente
1328 975 1589 1043 Apostolo
1615 991 1626 1025 :
1665 971 1692 1009 ά
1742 971 1808 1027 Ut
1836 975 1961 1043 qu‘d
1990 971 2123 1026 enim

539 1070 792 1128 Christus.
840 1085 954 1122 cum
993 1067 1161 1121 adhuc
1192 1067 1385 1132 infirmi
1417 1082 1656 1131 essemus,
1697 1068 1854 1137 juxta
1901 1075 2118 1133 tempus,

539 1178 631 1233 pro
658 1161 830 1228 impiis
869 1169 1099 1212 mortuus
1145 1159 1256 1211 est?
1291 1155 1391 1210 Via:
1426 1158 1561 1210 enint
1591 1172 1683 1225 pro
1701 1158 1845 1225 justo
1874 1156 1988 1225 quis
2017 1170 2127 1208 mo-

541 1254 690 1316 ritur,
727 1265 845 1304 nam
880 1266 972 1317 pro
1001 1250 1132 1302 bono
1164 1249 1382 1316 forsitan
1421 1248 1536 1316 quis
1568 1247 1756 1300 audeat
1788 1247 1913 1299 mori
1942 1262 1959 1299 :
1988 1261 2126 1299 cont-

541 1349 747 1397 meudat
766 1353 933 1396 autem
954 1358 1099 1394 suam
1121 1339 1424 1393 charitatem
1452 1339 1583 1392 Deus
1605 1341 1656 1391 in
1686 1339 1850 1401 nobis,
1882 1340 2125 1408 quoniam

542 1437 586 1491 si
615 1451 731 1489 cum
765 1433 936 1488 adhuc
971 1442 1259 1503 peccatores
1296 1447 1540 1490 essemus.
1582 1429 1811 1484 (.hristus
1847 1445 1940 1500 pro
1982 1430 2126 1483 nobis

545 1539 774 1581 mortuus
805 1535 900 1588 est,
936 1523 1098 1576 multo
1137 1524 1299 1594 magis
1334 1523 1608 1592 justi/icati
1648 1523 1897 1593 sanguine
1943 1522 2123 1592 ipsius.

544 1622 670 1676 salvi
693 1624 877 1674 erimus
899 1621 958 1672 ab
991 1621 1068 1671 ira
1091 1637 1180 1691 per
1208 1621 1396 1690 ipsum.
1433 1619 1494 1672 Si
1522 1619 1657 1671 enim
1686 1635 1801 1671 cum
1826 1619 2023 1672 inimici
2044 1635 2127 1672 es-

545 1730 732 1776 semus,
775 1715 1086 1768 reconciliati
1122 1733 1298 1767 sumus
1330 1712 1437 1766 Deo
1469 1730 1559 1781 per
1601 1722 1812 1766 mortem
1844 1711 1966 1765 Filii
1994 1713 2124 1783 ejus,

547 1809 708 1864 multo
757 1809 915 1878 magis
955 1809 1270 1861 reconciliati
1316 1809 1442 1860 salvi
1493 1807 1681 1861 erimus
1728 1809 1780 1860 in
1826 1808 1924 1860 vita
1968 1807 2130 1877 ipsius

2223 618 2424 673 quoque
2476 610 2523 656 et
2577 600 2863 671 Prosvlyti,
2913 599 3081 656 Cretes
3133 611 3181 656 et
3235 601 3428 657 Arabes
3455 645 3472 667 .
3530 605 3808 664 audientes

2223 709 2411 750 omnes
2451 693 2646 762 linguis
2675 697 2787 747 suis
2828 694 3107 763 prtedicari
3162 697 3428 760 manualia
3479 695 3571 752 Dei
3618 699 3808 753 lActor.

2225 802 2281 850 Il.
2305 788 2340 843 9
2365 797 2410 841 et
2433 787 2566 858 seq.)
2593 805 2606 841 :
2639 802 2868 856 quorum
2898 785 3203 841 testiﬁcatio
3231 787 3394 843 etiam
3429 790 3481 842 in
3510 803 3608 843 eas
3631 804 3812 857 genitas

2223 898 2343 954 qua:
2374 882 2696 936 remotiores
2731 891 2874 946 sunt,
2911 880 3068 950 longe
3100 880 3311 947 lateque
3344 891 3711 948 procurreret.
3741 887 3812 939 Ait

2225 975 2379 1044 cujus
2410 974 2487 1028 rei
2519 972 2770 1028 cllecmm
2791 971 3064 1028 credimus
3093 971 3430 1040 prosidemia
3462 974 3554 1028 Dei
3594 973 3817 1028 Itoniani

2227 1067 2378 1137 regni
2411 1066 2742 1121 latitudinem
2779 1076 3131 1134 pra‘paratam
3159 1082 3173 1118 :
3200 1074 3257 1120 ut
3283 1065 3529 1122 nationes
3563 1068 3812 1122 vocanda

2227 1159 2293 1214 ad
2322 1161 2580 1213 unitatem
2608 1159 2852 1228 corporis
2873 1157 3094 1222 Christi,
3118 1157 3265 1225 prius
3285 1157 3404 1228 iure
3432 1160 3594 1213 unius
3623 1173 3810 1214 causa.

2227 1252 2500 1308 ciarentur
2526 1261 2550 1299 ε
2575 1252 2782 1322 imperii
2809 1269 2824 1308 :
2847 1251 3092 1321 quamvis
3112 1250 3142 1286 ιι
3171 1251 3342 1320 gratia
3371 1250 3684 1308 Christiana
3717 1267 3813 1308 non

2228 1355 2480 1402 eontenta
2540 1345 2609 1399 sit
2661 1343 2880 1400 eosdem
2931 1345 3130 1400 limites
3183 1345 3384 1398 lialcre
3427 1360 3566 1413 quos
3617 1346 3811 1410 Itonia;

2230 1444 2537 1507 multosque
2561 1437 2671 1506 jam
2709 1435 2724 1472 ί
2761 1439 2990 1508 populos
3026 1447 3240 1506 sceptro
3277 1437 3454 1491 crucis
3497 1436 3703 1493 Chliati
3738 1439 3814 1492 illa

2231 1529 2549 1589 subdiderit.
2578 1543 2715 1597 quos
2745 1528 2907 1582 armis
2953 1528 3065 1584 suis
3113 1526 3214 1581 ista
3262 1543 3367 1581 non
3415 1527 3650 1581 domuit.
3694 1529 3813 1596 Qua

2233 1630 2411 1676 tamen
2451 1637 2544 1688 per
2574 1619 2854 1690 apostolici
2886 1619 3172 1675 sacerdotii
3203 1619 3562 1690 principatum
3595 1622 3815 1690 amplior

2235 1713 2373 1770 facta
2419 1724 2502 1769 est
2537 1726 2662 1768 arce
2689 1711 2965 1782 religionis
2991 1727 3149 1781 quam
3181 1711 3319 1766 solio
3345 1711 3657 1781 potestatis.

2821 1823 3048 1882 CAPUT
3087 1824 3254 1881 XVII.

549 1899 725 1972 (Rom.
757 1915 808 1966 ν,
842 1898 875 1953 6
903 1909 950 1953 et
979 1901 1164 1969 seqq.).
1201 1898 1344 1953 Idem
1388 1908 1566 1954 autem
1611 1899 1902 1966 Apostolus
1944 1900 1996 1952 in
2041 1914 2128 1953 se-

2246 1921 2490 1977 Nationes
2537 1921 2714 1991 quibus
2769 1920 2995 1973 nondum
3049 1919 3220 1989 gratia
3274 1917 3568 1991 Saluatoris
3623 1919 3815 1984 illuxit,

547 1992 720 2046 cunila
761 1991 824 2044 ad
856 1992 1164 2044 Corinthios
1193 1994 1260 2044 ait
1281 2033 1296 2056 ,
1327 1990 1566 2045 Charitas
1600 1993 1734 2044 enim
1769 1990 1961 2045 Christi
1989 2002 2132 2062 urget

548 2098 661 2147 nos,
699 2085 997 2154 judicautcs
1037 2081 1154 2143 hoc.
1204 2084 1445 2150 quoniaut
1488 2085 1532 2136 si
1579 2101 1711 2137 unus
1752 2101 1846 2154 pro
1900 2086 2133 2138 omnibus

548 2187 780 2226 mortuus
811 2183 904 2240 est,
932 2191 1054 2247 ergo
1079 2191 1108 2228 ο
1129 2192 1252 2229 nues
1293 2177 1481 2228 mortui
1508 2189 1624 2229 sunt
1651 2191 1668 2228 :
1698 2187 1744 2228 et
1770 2193 1863 2246 pro
1901 2177 2134 2230 omnibus

549 2279 778 2319 mortuus
804 2275 899 2327 est.
933 2276 982 2318 ut
1023 2277 1070 2319 ct
1098 2269 1186 2336 qui
1216 2268 1404 2330 t'irunt,
1425 2270 1542 2338 jam
1573 2284 1672 2320 non
1701 2271 1796 2320 sibi
1827 2270 2012 2332 vivant,
2045 2269 2134 2322 sed

549 2357 595 2411 ei
615 2358 699 2426 qui
721 2374 813 2427 pro
838 2359 963 2428 ipsis
995 2372 1224 2412 mortuus
1263 2372 1332 2413 est
1355 2369 1402 2412 et
1433 2363 1708 2414 resurrexit
1731 2361 1798 2426 (ll
1838 2360 1957 2415 Cor.
1995 2380 2042 2428 ν,
2069 2362 2136 2416 14

549 2459 598 2504 et
629 2452 812 2520 seqq.).
834 2450 911 2506 De
931 2467 990 2505 se
1022 2452 1138 2521 ipso
1163 2468 1291 2506 vero
1310 2452 1438 2522 qu-d
1461 2457 1787 2520 pronuntiet,
1814 2455 2094 2508 audiamus
2117 2470 2129 2507 :

551 2543 770 2608 Fidelis.
800 2547 990 2613 inquit,
1013 2563 1198 2611 sermo,
1223 2558 1268 2600 et
1300 2550 1440 2600 omni
1461 2549 1751 2618 acceptione
1777 2549 1989 2620 dignus,
2012 2549 2135 2618 quia

550 2637 782 2693 Christus
809 2640 972 2711 905
1009 2653 1141 2693 venit
1174 2642 1225 2694 in
1257 2643 1392 2694 hunc
1429 2644 1676 2694 mundum
1707 2655 1998 2713 peccatores
2029 2643 2134 2696 salo

548 2748 632 2785 ros
661 2734 844 2802 facere,
877 2751 1092 2801 quorum
1121 2737 1315 2806 primus
1346 2753 1440 2805 ego
1465 2753 1612 2801 sum;
1641 2741 1728 2790 sed
1770 2738 1885 2790 ideo
1931 2737 2133 2790 mistri-

550 2827 777 2877 cordiuru
820 2838 1123 2880 consecutus
1163 2844 1296 2890 sum,
1340 2837 1391 2880 ut
1433 2829 1485 2881 in
1526 2845 1604 2882 me
1652 2831 1814 2893 primo
1857 2830 2136 2882 ostenderet

552 2916 788 2972 Christus
825 2917 976 2972 Iesus
1008 2936 1206 2974 omnem
1248 2924 1570 2988 patientiam,
1618 2923 1685 2974 ad
1725 2923 2134 2991 informationem

552 3027 672 3063 coru
694 3029 721 3061 u
747 3011 836 3080 qui
855 3011 1100 3064 credituri
1121 3024 1238 3065 sunt
1265 3015 1343 3066 illi
1369 3014 1421 3066 in
1445 3015 1852 3067 vitumwternam
1885 3015 2077 3085 (lT.'m.
2096 3031 2133 3082 ι,

554 3105 621 3158 15
650 3116 695 3157 et
718 3111 871 3173 δρψ).

627 3197 752 3251 Sive
777 3212 906 3266 ergo
949 3199 1310 3266 circumcisio,
1355 3201 1469 3256 sive
1514 3201 1857 3271 prtuplllium,
1909 3213 2134 3271 peccato

2311 1988 2560 2059 disposito
2601 2004 2827 2058 tempore
2855 1988 3110 2045 vocandas
3137 2006 3245 2045 esse
3285 1991 3355 2043 ad
3393 1988 3758 2061 Erangelium.

2310 2087 2459 2154 Quod
2478 2087 2522 2140 si
2544 2086 2702 2144 forte.
2721 2084 3173 2155 quemadmodmn
3191 2085 3448 2151 quasdam
3469 2099 3662 2154 gemes
3682 2086 3698 2136 i
3728 2101 3816 2140 non

2238 2181 2364 2237 olim
2396 2182 2448 2235 in
2477 2182 2806 2236 consortium
2837 2181 3066 2234 liliormn
3103 2178 3198 2235 Dei
3243 2179 3497 2234 novimus
3521 2179 3816 2246 adaptatzs.

2240 2275 2308 2329 ita
2339 2278 2500 2329 etiam
2533 2290 2674 2329 nunc
2701 2275 2754 2327 in
2793 2273 3054 2328 extremis
3084 2273 3270 2328 mundi
3303 2273 3544 2341 partilms
3569 2283 3701 2327 sunt
3737 2275 3818 2326 alio

2239 2383 2360 2437 qua:
2386 2368 2629 2420 natiooes
2649 2366 2844 2434 quibus
2874 2365 3110 2420 nondum
3141 2367 3306 2434 gratia
3339 2365 3644 2421 Salvatoris
3672 2363 3820 2437 Μ

2241 2458 2431 2522 illuxit,
2487 2472 2593 2511 non
2646 2457 2989 2525 auihiglmus.
3037 2458 3200 2511 etiam
3250 2455 3393 2512 circa
3442 2456 3565 2510 illas
3617 2459 3817 2511 occulto

2235 2549 2438 2620 judicio
2483 2549 2576 2603 Dei
2627 2560 2838 2616 tempus
2867 2549 3165 2604 vocationis
3194 2563 3314 2603 esse
3343 2548 3692 2616 diSpositum.
3725 2564 3816 2618 quo

2241 2641 2610 2710 Evangelium,
2640 2639 2664 2678 ¹ί
2694 2641 2835 2708 quod
2881 2657 2985 2694 non
3042 2639 3351 2704 audierunt,
3401 2639 3625 2695 audient
3673 2654 3818 2708 atque

2238 2735 2552 2801 suscipieut.
2607 2732 2813 2801 Quibus
2873 2744 3053 2789 tamen
3116 2733 3202 2788 illa
3261 2747 3514 2788 mensura
3561 2732 3816 2804 generalis

2240 2827 2457 2891 auxilii,
2489 2843 2608 2895 qua:
2649 2826 2718 2880 de
2747 2841 2911 2894 super
2958 2826 3213 2881 omnibus
3262 2842 3477 2896 semper
3521 2825 3815 2881 hominibus

2239 2929 2324 2976 est
2346 2919 2589 2988 praebita.
2614 2935 2719 2973 non
2742 2930 2999 2987 negatur:
3025 2919 3271 2990 quamvis
3292 2930 3399 2974 tam
3420 2920 3616 2974 acerbo
3638 2930 3815 2974 natura

2243 3011 2476 3066 Itumana
2511 3012 2733 3065 vulnere
2763 3013 2997 3065 sauciata
3028 3013 3128 3077 sit,
3161 3022 3220 3066 ut
3247 3012 3312 3065 ad
3345 3011 3696 3081 cognitioiu-m
3722 3011 3810 3066 Dei

2243 3108 2510 3162 neminem
2543 3106 2929 3173 contemplatio
2955 3114 3249 3173 spontaneo
3294 3105 3455 3173 plene
3492 3105 3657 3158 valeat
3689 3118 3811 3159 eru-

2241 3197 2387 3263 dire;
2418 3199 2518 3252 nisi
2543 3198 3011 3253 ohmnhrationem
3038 3196 3216 3251 cordis
3237 3212 3360 3252 vera
3381 3197 3466 3250 lus
3491 3197 3814 3260 discusserit.

553 3289 932 3344 universaliter
960 3293 1406 3360 cancludebatur,
1440 3310 1685 3360 ultusque
1723 3310 1913 3350 omnes
1957 3306 2136 3349 reatus
2163 3286 2208 3348 C
2240 3307 2401 3363 quam
2434 3290 2768 3346 inscrutahili
2790 3290 3000 3359 judicio
3045 3289 3185 3345 Deus
3207 3290 3388 3358 justus
3420 3298 3477 3343 et
3503 3291 3694 3348 liuuus.
3719 3305 3818 3344 non

551 3380 936 3447 obstrinxerat,
967 3396 1018 3437 ct
1051 3383 1188 3438 inter
1222 3387 1389 3453 magis
1437 3388 1720 3454 minusque
1751 3386 1947 3454 impios
1979 3404 2137 3443 llt‘lIIO

550 3485 666 3529 erat
695 3477 785 3546 qui
821 3485 1002 3545 posset
1038 3479 1241 3548 absque
1279 3479 1474 3532 Christi
1518 3480 1889 3546 redemptione
1917 3481 2136 3534 salv.u-i.

549 3565 678 3634 Quae
702 3566 811 3621 red.
835 3575 1002 3638 ntptio
1027 3585 1280 3623 universo
1304 3587 1425 3625 sese
1447 3571 1624 3626 intulit
1648 3575 1865 3634 tuundo,
1885 3584 1938 3626 et
1963 3573 2140 3627 omni-

548 3659 647 3715 bus
681 3661 983 3715 hominibus
1031 3661 1401 3719 indill'ereitter
1447 3666 1696 3720 innotuit.
1733 3675 1755 3701 °
1787 3665 2137 3735 Quandoqui-

546 3753 667 3808 dem
703 3755 752 3809 iti
783 3756 871 3809 die
898 3755 1189 3827 quinquagi
1211 3760 1350 3813 sinio
1380 3758 1448 3811 ab
1476 3759 1568 3813 illo
1600 3757 1829 3823 Pascha,
1859 3759 1910 3812 iit
1942 3775 2046 3829 quo
2076 3773 2135 3814 se

547 3845 774 3900 hostium
815 3848 941 3902 Deo
966 3864 1130 3903 \erus
1158 3851 1338 3918 Agnus
1366 3849 1633 3904 obtulerat
1660 3866 1782 3902 cum
1829 3849 2054 3918 apostoli
2081 3859 2137 3904 et

547 3939 636 4005 qui
670 3955 791 3990 cum
837 3940 916 3992 eis
948 3941 1227 3993 unanimes
1258 3951 1408 3994 erant
1435 3985 1448 4006 ,
1480 3942 1668 4009 repleti
1699 3940 1899 4008 Spiritu
1947 3952 2135 3994 sancto

545 4029 740 4098 linguis
771 4031 1011 4086 Omnium
1061 4035 1300 4102 gentium
1354 4034 1723 4104 loquerentur.
1776 4035 2134 4089 conveniebat

551 4121 764 4179 'excita
788 4126 1047 4180 miraculo
1069 4127 1265 4180 diversi
1287 4134 1499 4196 generis
1521 4127 1796 4181 hominum
1822 4129 2128 4196 multitudo,

549 4226 607 4271 ut
639 4217 983 4287 Evangelinm
1007 4216 1204 4273 CliriSIi
1234 4220 1284 4271 in
1311 4218 1389 4272 eis
1417 4222 1506 4288 qui
1539 4219 1782 4284 aderant,
1814 4228 1956 4273 totus
1983 4237 2134 4276 mun-

548 4309 650 4362 dus
680 4311 909 4366 παῖε-(ιι.
933 4310 1319 4367 Conﬂuxerunt
1349 4325 1550 4376 autem,
1583 4315 1716 4368 sicut
1747 4317 2004 4382 scriptum
2029 4322 2133 4381 est,

549 4399 755 4462 Parthi.
788 4413 835 4455 et
869 4403 1031 4469 Medi,
1069 4402 1328 4465 Elamittc.
1360 4415 1405 4459 et
1446 4406 1532 4474 qui
1574 4406 1859 4458 inhabitant
1897 4405 2132 4476 Mesopo-

549 4496 776 4557 tamiam,
805 4492 1045 4549 Iudicum
1086 4507 1132 4549 et
1178 4497 1580 4564 Cappadociam,
1615 4497 1838 4552 Pontum
1865 4509 1910 4551 et
1936 4499 2134 4564 Asiam,

549 4583 829 4656 I’hrygimn
870 4599 914 4641 ct
949 4587 1342 4660 Pamphyliam,
1382 4588 1644 4660 Egyptum
1683 4602 1726 4644 et
1769 4601 1938 4658 partes
1968 4589 2144 4661 Libya:

619 4710 643 4738 “
675 4702 801 4757 M-s.
841 4701 1026 4758 Camb.
1057 4713 1110 4757 et
1144 4704 1249 4760 Jul.
1293 4720 1354 4758 ac
1390 4705 1556 4758 editio
1586 4703 1781 4758 Leonis
1825 4703 2049 4765 addunt.
2093 4705 2135 4757 si
2166 4707 2217 4767 D

547 4773 756 4838 aliquis,
801 4791 1028 4843 quorum
1080 4777 1296 4830 defectu
1348 4783 1539 4841 lii-tidet
1592 4774 1860 4829 sententia
1913 4777 1964 4827 in
2017 4775 2137 4828 aliis

548 4845 718 4900 libris}.
762 4845 1127 4900 laivanieuses
1174 4849 1430 4917 suspicati
1474 4857 1630 4900 erant
1685 4847 1964 4915 legendum
2012 4862 2134 4900 cum

547 4931 707 4968 sensit
749 4933 909 4982 novo,
947 4917 1134 4970 Nonne
1169 4935 1259 4986 pro
1288 4917 1543 4981 omnibus,
1575 4933 1709 4981 εις..
1756 4929 1810 4971 ιιι
1841 4917 1942 4971 loci
1980 4917 2135 4972 intel-

552 4987 722 5038 lectus
750 4994 1131 5044 contulere-tur.

619 5055 643 5093 δ
679 5058 830 5111 Deest
863 5061 894 5112 lt
919 5076 970 5120 c.
1002 5059 1256 5120 Christus.
1291 5059 1342 5113 in
1373 5075 1502 5112 mss.
1536 5057 1723 5113 Camb.
1755 5067 1810 5112 et
1835 5058 2056 5114 Joliensi
2079 5067 2136 5115 et

546 5128 784 5182 editione
813 5131 1006 5184 Leonis
1034 5149 1045 5183 :
1078 5147 1199 5199 qua:
1227 5145 1326 5184 vox
1360 5134 1410 5184 in
1438 5133 1556 5185 aliis
1589 5133 1834 5184 habetur.

622 5211 643 5236 ο
676 5200 811 5255 Male
849 5205 901 5254 in
941 5200 1100 5255 editis
1129 5203 1281 5268 alias,
1326 5219 1429 5256 non
1468 5212 1658 5256 autem.
1692 5201 2040 5256 Coi'rcximus
2067 5217 2134 5258 ex

549 5286 677 5323 mss.
713 5273 900 5324 tiamlt.
931 5284 983 5327 et
1011 5271 1260 5330 Joliensi.
1289 5289 1350 5327 ac
1377 5273 1574 5328 Leone.

603 5340 641 5417 ff
675 5340 745 5394 l-a
777 5341 975 5417 Leonis
999 5345 1165 5398 editio
1192 5348 1374 5417 :justa
1401 5343 1642 5398 ᾹίυοςιοΙί
1673 5353 1902 5409 textum.
1927 5359 2049 5399 cum
2078 5343 2134 5402 in

548 5408 666 5463 aliis
687 5411 991 5481 cndu-ilius,
1014 5408 1301 5481 sentiatur,
1326 5414 1386 5471 Si
1417 5417 1570 5469 enim.

625 5490 647 5549 *ἑ
681 5480 776 5534 Ms.
807 5482 1083 5547 Jttllelhis.
1118 5480 1340 5549 Quando
1370 5488 1421 5540 in
1451 5487 1553 5538 die.

629 5548 646 5588 τ
683 5551 781 5606 Ms.
810 5553 1086 5620 .Iolieusis.
1111 5548 1353 5611 excitata.

626 5623 829 5695 5.\|i:ts
873 5627 1025 5692 editi,
1069 5629 1366 5695 impieuuis.
1423 5627 1607 5684 Melius
1654 5641 1785 5684 mss.
1836 5627 2027 5683 Camb.
2077 5636 2134 5684 et

553 5691 657 5766 Jul.
692 5712 751 5748 ιιι·
788 5695 979 5750 ιοσιιιι-
1012 5691 1193 5755 editio.
1230 5701 1447 5766 iu'p'rii.

627 5762 652 5844 ξι
811 5768 1083 5844 lolii-usis,
1117 5773 1281 5838 gratio
1307 5762 1619 5844 'tlhristijam
1651 5789 1749 5825 non
1774 5781 2016 5826 contenta
2042 5773 2130 5826 sit.

635 5831 821 5888 ‘Olim
869 5841 1017 5905 editi,
1071 5831 1396 5910 populorum.
1450 5831 1576 5898 Μὲδ.
1627 5843 1812 5900 Cuntb.
1858 5853 1912 5900 et
1943 5845 2048 5898 Jol.
2080 5854 2135 5900 et

560 5895 693 5969 Leo,
720 5912 958 5973 papulas.

2244 3385 2312 3439 ita
2339 3385 2389 3436 iu
2413 3383 2698 3453 prmteriti-
2719 3384 2952 3446 sa-culis.
2975 3382 3424 3450 quemadmodum
3449 3383 3500 3436 in
3524 3383 3818 3436 novissimis

2245 3476 2436 3531 diclms
2466 3474 2671 3530 i-ll‘ndit.
2702 3474 2854 3530 Unde
2877 3487 2928 3530 et
2967 3479 3152 3528 beatus
3181 3475 3458 3538 apostolus
3483 3473 3679 3529 Paulus
3698 3474 3818 3530 scri-

2243 3566 2378 3622 bens
2397 3565 2832 3628 Colossensibus.
2856 3567 2953 3631 ait,
2981 3565 3284 3637 Mysterinm
3311 3567 3448 3634 quod
3476 3567 3818 3620 absconditum

2243 3661 2338 3730 fuit
2366 3677 2398 3713 a
2418 3661 2617 3714 seculis
2645 3669 2691 3714 et
2719 3662 3149 3731 generationibus.
3175 3675 3310 3712 nunc
3338 3674 3516 3712 autem
3541 3660 3822 3730 manifesta-

2244 3765 2350 3808 tum
2379 3765 2452 3807 est
2489 3755 2676 3808 sanetis
2704 3757 2816 3825 ejus
2838 3795 2852 3815 .
2899 3753 3078 3822 quibus
3127 3752 3284 3807 uoluit
3317 3753 3454 3807 Deus
3488 3765 3636 3807 notas
3667 3756 3822 3822 facere

2239 3849 2440 3902 divizias
2485 3847 2664 3918 gloria
2706 3848 3014 3900 sacramenti
3057 3846 3214 3918 hujus
3261 3843 3278 3882 ι
3326 3848 3378 3899 in
3408 3849 3667 3917 gentibus,
3693 3848 3820 3918 quod

2235 3951 2310 3995 est
2333 3941 2562 3995 Christus
2593 3943 2646 3995 in
2669 3941 2806 3995 vobis
2833 3938 3054 4010 (Coloss.
3085 3956 3122 4002 ι.
3151 3938 3223 3994 26
3247 3949 3295 3994 et
3325 3939 3442 4008 27).

2805 4051 3034 4110 CAPUT
3064 4053 3250 4109 XVIII.
3460 4087 3476 4119 τ

2239 4145 2505 4200 Prioribus
2533 4147 2736 4221 seculis
2763 4147 3114 4221 absconditam
3143 4148 3303 4217 fuisse
3328 4147 3572 4221 gentibus
3599 4148 3812 4221 gratiam

2596 4218 2784 4271 Christi
2801 4258 2816 4277 .
2845 4235 2948 4270 non
2977 4227 3148 4272 tamen
3186 4220 3466 4290 prophetis.

2309 4310 2578 4380 Numquid
2611 4309 2712 4364 hoc
2743 4312 3054 4382 mysterium
3085 4313 3247 4366 etiam
3275 4312 3559 4380 pmphetis
3592 4312 3826 4384 incognio

2241 4411 2352 4456 ttttn
2377 4403 2507 4456 luit?
2529 4412 2582 4457 et
2610 4403 2684 4456 illi
2709 4418 2804 4472 per
2825 4418 2962 4473 quos
2982 4404 3216 4473 Spiritus
3243 4417 3463 4458 sanctus
3485 4407 3823 4474 loquehatur,

2241 4509 2301 4549 ea
2335 4510 2562 4564 quorum
2591 4494 2657 4547 ab
2685 4494 2816 4556 ipsis
2846 4503 2885 4532 ω
2913 4496 3068 4548 lii-hat
3099 4477 3457 4558 denuntiaiio,
3483 4495 3824 4551 nescii-bant?

2253 4589 2369 4644 Non
2400 4589 2470 4643 ita
2497 4589 2652 4658 plene
2678 4589 3087 4660 intelligendam
3121 4603 3270 4660 puto.
3300 4589 3396 4644 sed
3428 4589 3558 4660 ipsis
3580 4591 3826 4661 gentilms

2318 4704 2332 4754 i
2375 4702 2448 4756 Ita
2480 4703 2676 4766 legitur
2703 4704 2754 4757 in
2786 4721 2916 4760 mss.
2947 4704 3271 4762 Cainberon.
3309 4718 3364 4763 ct
3403 4710 3512 4764 Jol.
3541 4725 3604 4766 ac
3633 4709 3825 4765 Leni-is

2244 4773 2506 4848 editione.
2542 4777 2596 4830 In
2629 4776 3001 4848 Prosperiauis
3043 4779 3224 4844 editis,
3249 4779 3390 4848 quod
3435 4792 3557 4834 ante
3605 4799 3708 4836 non
3738 4796 3828 4834 no-

2243 4858 2400 4911 runt,
2453 4847 2507 4898 iu
2557 4849 2899 4904 consortium.
2940 4847 3171 4916 Lovan.,
3223 4852 3385 4905 lluac.
3435 4865 3490 4907 et
3535 4849 3728 4908 Colon.
3776 4854 3829 4908 in

2249 4919 2488 4991 margine
2515 4918 2916 4991 exconjectura
2954 4920 3282 4978 indicarunt.
3313 4922 3450 4991 quod
3483 4941 3586 4977 non
3627 4923 3824 4976 colunt.

2245 4987 2517 5062 Iidemque
2568 4989 2762 5062 ibdem
2807 5000 3025 5045 mooent
3068 4993 3210 5060 quod
3239 4987 3468 5062 tempore
3501 4994 3607 5050 SS.
3640 4993 3830 5047 Leonis

2243 5070 2289 5133 et
2323 5058 2568 5129 Prosperi
2609 5065 2624 5124 l
2654 5059 2888 5114 Leonem
2931 5058 3096 5133 addit—
3121 5064 3296 5116 editor
3337 5058 3570 5133 (lpo-runi
3605 5063 3828 5130 Leonis,

2245 5130 2568 5204 I’t'osneruut
2596 5133 2876 5186 dutntaxat
2901 5132 3022 5186 aliis
3053 5130 3439 5204 indicantibus)
3467 5139 3537 5189 ad
3557 5135 3820 5190 Christum

2241 5217 2417 5274 v_enere
2460 5201 2602 5274 Scoti
2647 5219 2802 5268 opera
2847 5204 3137 5270 leestini;
3183 5217 3234 5260 ut
3266 5207 3316 5260 in
3347 5201 3451 5274 ﬁne
3497 5208 3611 5262 libri
3636 5217 3828 5260 contra

2244 5270 2555 5344 CollatOrein
2587 5272 2793 5344 legitur.

2315 5342 2337 5381 ι
2372 5344 2444 5398 Ita
2491 5342 2714 5417 leginins
2747 5346 2796 5417 in
2829 5361 2930 5400 ms.
2960 5346 3180 5401 Joliensi
3213 5357 3268 5404 et
3306 5347 3547 5406 editione
3587 5349 3832 5417 Operam

2238 5413 2457 5469 Leonis.
2494 5416 2547 5488 In
2594 5415 2715 5469 aliis
2755 5416 2908 5472 liliris
2937 5418 3211 5488 Prosperi,
3243 5421 3378 5488 quod
3415 5413 3644 5475 nonduin
3676 5420 3832 5474 ride-

2238 5497 2380 5559 runt.
2412 5486 2658 5559 audiant,
2675 5498 2822 5556 atque
2848 5486 3151 5559 suscipiant.

2314 5553 2563 5632 lejan.
2596 5553 2762 5632 editio
2809 5553 2994 5632 Italii-t,
3038 5563 3088 5632 in
3133 5561 3386 5632 gentibus.
3421 5562 3524 5618 Alii
3572 5561 3838 5617 amittunt

2240 5629 2675 5704 praepositioocin
2705 5630 2780 5695 in,
2813 5647 2934 5690 «tua:
2961 5629 3155 5699 legitur
3187 5637 3236 5686 in
3269 5642 3418 5686 testu
3464 5634 3732 5704 Apostnli.
3769 5634 3838 5687 Et

2242 5698 2377 5752 inira
2412 5713 2514 5751 ltlS.
2547 5699 2822 5758 JOliensis.
2853 5712 2911 5756 ttt
2938 5705 2988 5755 in
3013 5698 3205 5758 eodem
3239 5715 3407 5769 testu,
3440 5707 3490 5757 in
3515 5698 3676 5762 rubis,
3709 5704 3838 5758 loco

2244 5775 2432 5824 horum
2464 5772 2514 5822 in
2546 5771 2641 5824 nob
2664 5789 2708 5834 s.
2739 5777 3007 5839 quomodo
3035 5776 3122 5826 alii
3151 5775 3367 5831 Codices
3398 5780 3673 5829 exhibent.

2314 5850 2353 5878 ω
2383 5843 2519 5894 Editi
2548 5845 2701 5905 alias,
2724 5848 2906 5904 fiebant
2930 5846 3361 5900 cleuuntiatioues.
3394 5847 3520 5903 Mss.
3547 5844 3746 5905 Catttb.
3777 5852 3840 5904 et

2244 5913 2348 5972 Jol.
2381 5922 2433 5968 et
2462 5913 2656 5968 Leonis
2687 5916 2870 5983 editio,
2898 5926 2954 5971 ut
2985 5934 3035 5971 in
3067 5929 3212 5972 testu
3240 5927 3443 5973 nostro.
