4014 6348
246 370 352 435 τοι

1132 365 1221 431 DE
1260 368 1652 431 VOCATIUNE
1691 368 1958 427 OMNIUM
1995 373 2303 433 GENTIUM
2343 375 2547 434 LIBER
2585 378 2646 435 ll.

3406 370 3518 446 706

245 491 617 548 absconditum
637 490 805 548 fuisse
821 490 1160 564 mysterium,
1180 490 1322 560 quod
1343 490 1601 544 Dominus
1618 485 1831 558 quando
1860 490 1903 547 Α
1934 501 2145 544 sanctus
2171 509 2326 565 super
2347 511 2453 562 eos,
2484 496 2611 549 sicut
2640 503 2687 548 et
2710 495 2764 548 in
2792 510 2886 549 nos
2917 495 2968 549 in
2996 495 3164 551 initio.
3198 496 3516 556 Recordatus

244 590 434 652 νηΙιιη,
457 597 510 638 et
539 585 735 654 quibus
765 586 954 646 volunt.
985 581 1263 639 revela\'it.
1294 581 1426 638 Nam
1455 582 1520 636 de
1552 581 1832 634 vocatione

241 691 504 749 gentium,
529 695 649 748 qua:
672 692 776 732 n0u
800 690 954 733 erant
983 677 1210 746 ιηινιιιυε
1236 676 1349 739 Dei,
1378 689 1429 729 et
1459 675 1655 744 quibus
1687 672 1834 742 pains

243 791 347 824 non
373 783 634 826 lltlaL'l'lttS
653 782 757 836 est,
785 786 927 824 nunc
953 783 1128 823 nutent
1158 777 1464 833 miseretur,
1495 772 1545 822 in
1579 769 1832 822 lieutero-

243 866 426 920 υυιιιίη
458 865 529 920 ita
554 865 754 920 dicitur
780 882 794 917 :
829 863 896 917 Et
919 866 1043 918 vidit
1075 863 1345 925 Dominus,
1371 874 1416 918 et
1437 863 1639 923 zelavit,
1664 870 1709 915 et
1732 861 1836 914 ira-

242 973 320 1011 tus
365 972 439 1013 est
485 970 694 1031 prapter
728 961 862 1012 iram
903 960 1126 1028 filiorum
1170 967 1459 1012 suorumet
1497 957 1746 1026 ﬁliarum,
1788 966 1834 1010 et

239 1054 398 1118 dixit,
433 1054 669 1107 Avertam
700 1053 884 1121 faciem
926 1068 1091 1105 nteant
1117 1051 1179 1105 ab
1207 1055 1310 1110 eis.
1342 1061 1390 1106 et
1420 1056 1683 1104 ostendam
1710 1049 1834 1118 quid

239 1154 335 1194 erit
360 1144 416 1196 in
446 1145 743 1207 novissimo,
774 1145 894 1214 quia
924 1146 1186 1214 generatio
1212 1154 1236 1179 κ
1264 1160 1496 1215 perverso
1517 1152 1612 1206 est,
1646 1141 1742 1210 ﬁlii
1781 1142 1834 1194 in

239 1236 429 1301 quibus
457 1251 558 1289 non
582 1246 653 1290 est
682 1237 812 1304 fides
840 1237 891 1290 itt
922 1237 1044 1290 illis.
1078 1235 1187 1308 Ipsi
1213 1237 1266 1289 in
1291 1238 1454 1289 selum
1483 1236 1836 1298 compulerunt

242 1345 323 1381 me
351 1326 378 1366 δ
409 1329 461 1382 in
492 1328 591 1384 hoc
635 1331 776 1400 quod
829 1345 929 1382 non
969 1340 1042 1382 est
1089 1328 1255 1393 Deus,
1297 1331 1624 1382 irritavcrunt
1667 1345 1746 1381 me
1782 1329 1836 1382 in

241 1423 396 1476 idolis
418 1422 562 1485 suis;
588 1435 636 1476 et
666 1439 757 1491 ego
783 1423 835 1476 in
877 1423 1044 1474 zelum
1074 1423 1294 1475 incitabo
1322 1438 1406 1474 eos
1441 1422 1495 1474 in
1524 1421 1596 1474 eis
1625 1420 1709 1490 qui
1735 1435 1836 1473 non

240 1525 386 1570 eram
427 1532 574 1588 gens,
611 1532 765 1587 super
796 1525 945 1584 gente
970 1515 1241 1585 ittsipimte
1277 1514 1489 1568 irritaba
1529 1529 1616 1567 eos
1648 1511 1832 1584 (Deut.

240 1623 412 1670 xuii,
447 1607 512 1664 i9
541 1619 588 1663 et
610 1608 764 1678 seq.).
807 1606 866 1660 Et
912 1606 1080 1660 David
1110 1608 1223 1660 tunc
1247 1608 1313 1660 de
1338 1607 1642 1660 adoraturts
1671 1605 1833 1658 Deum

237 1703 499 1754 omnibus
520 1701 768 1770 gentibus
797 1701 1058 1768 praecutit,
1093 1699 1280 1752 Omnes
1300 1709 1474 1769 gentes
1497 1713 1838 1767 quascumque

236 1798 431 1867 fecisti,
464 1798 661 1852 venient
693 1807 740 1852 et
763 1798 1050 1850 adorabunt
1088 1813 1259 1850 coram
1285 1808 1352 1862 te,
1381 1795 1622 1864 Domine,
1651 1807 1699 1848 et
1724 1795 1836 1867 glo-

1936 596 2046 633 sum
2073 594 2240 636 autent
2280 585 2415 639 verbi
2450 597 2484 637 ι.
2499 588 2676 644 omini.
2725 589 2855 640 s’cut
2885 587 3112 654 dicebat,
3145 586 3371 645 Joannes
3398 592 3516 660 qui-

1937 674 2050 728 dem
2083 678 2354 744 baptizavit
2386 697 2542 751 aqua,
2574 697 2661 735 vos
2688 693 2858 735 autem
2902 683 3283 748 bapt;sainimiui
3312 685 3519 756 Spiritu

1935 779 2128 819 sancto.
2158 766 2218 822 Si
2248 786 2366 840 ergo
2391 771 2619 824 eamdem
2654 773 2875 842 gratiam
2905 773 3043 826 dedit
3066 775 3170 828 illis
3197 773 3356 840 Deus.
3385 779 3520 835 sicut

1936 869 1984 914 et
2014 863 2156 916 nobis
2185 864 2273 931 qui
2301 867 2609 922 credidimus
2637 869 2690 922 in
2716 865 2994 923 Dominum
3024 869 3202 926 Iesum
3229 873 3518 941 Christum;

1937 969 2029 1025 ego
2057 957 2170 1026 quis
2196 972 2336 1011 erum
2369 960 2457 1024 qui
2499 978 2694 1027 possem
2719 963 2986 1029 prohibere
3013 965 3211 1020 Deum?
3243 966 3294 1021 II
3299 970 3341 1022 is
3368 971 3521 1024 audi-

1937 1047 2022 1110 tis,
2055 1058 2318 1102 tacuerunt
2348 1061 2394 1102 et
2420 1054 2829 1122 gloriﬁcaverunt
2877 1056 3040 1112 Deum
3088 1059 3332 1123 dicentes.
3380 1061 3521 1135 Ergo

1937 1151 1984 1194 et
2009 1140 2240 1212 gentibus
2273 1140 2411 1196 Deus
2441 1148 2790 1215 penitentiam
2827 1149 2896 1201 ad
2924 1151 3080 1203 vitam
3105 1153 3246 1206 dedit
3272 1155 3410 1222 (Act.
3445 1170 3518 1221 st,

1941 1232 2008 1286 15
2033 1241 2080 1285 et
2109 1231 2264 1302 ηιμ).
2297 1233 2532 1290 Jac-otius
2561 1254 2774 1309 quoque
2800 1245 3076 1307 apostolus
3117 1246 3184 1300 de
3228 1246 3327 1303 hac
3354 1264 3518 1304 voca-

1940 1325 2088 1379 tione
2107 1327 2343 1394 gentium
2368 1327 2496 1382 dicit
2531 1330 2668 1397 (Act.
2697 1347 2785 1394 xv,
2815 1334 2878 1388 i3
2898 1344 2946 1388 et
2967 1336 3096 1405 seq.)
3125 1354 3136 1389 :
3169 1336 3284 1392 Viri
3311 1341 3516 1410 fratres,

1938 1416 2112 1469 audite
2163 1433 2263 1479 me,
2324 1417 2506 1472 Simon
2555 1425 2782 1475 narravit
2829 1428 3258 1493 quemadmodum
3296 1433 3521 1500 primum

1940 1509 2078 1565 Deus
2108 1513 2324 1568 t'isitavit
2353 1533 2553 1572 sumere
2578 1536 2642 1573 ex
2665 1521 2899 1589 gentibus
2919 1527 3165 1592 papulum
3187 1531 3381 1584 nomini
3403 1548 3518 1588 suo.

1939 1601 2007 1658 Et
2034 1605 2154 1659 huic
2175 1613 2488 1664 concordant
2519 1613 2669 1665 verba
2694 1616 3081 1682 map/telarum,
3122 1621 3253 1674 sicut
3276 1624 3521 1690 scriptum

1937 1709 2011 1751 est
2043 1701 2222 1766 (Amos
2262 1717 2344 1762 ιι.
2380 1706 2508 1770 ll):
2547 1704 2668 1760 Post
2695 1707 2804 1762 harc
2846 1722 3082 1777 revertar,
3114 1722 3161 1765 et
3207 1717 3524 1785 rea'difivabo

1940 1791 2324 1846 tabernaculum
2356 1794 2521 1849 Dat-id
2543 1799 2681 1867 quod
2707 1803 2911 1868 cecidit,
2950 1815 2997 1856 et
3018 1804 3192 1858 diruta
3224 1810 3336 1878 ejus
3355 1809 3528 1878 a’diﬁ.

235 1891 516 1956 riﬁcabunt
554 1907 736 1946 nomen
781 1901 926 1946 tuum
973 1890 1156 1960 (Psol.
1190 1907 1381 1945 Lxuv.
1417 1892 1493 1947 9t.
1529 1891 1594 1944 Et
1639 1892 1830 1944 iterum
1866 1870 1908 1930 Β
1937 1884 2063 1936 tabo
2109 1896 2156 1940 et
2203 1889 2398 1958 crigam
2444 1891 2576 1943 illud
2618 1909 2635 1944 :
2675 1904 2727 1945 ttt
2757 1897 3018 1962 requirant
3065 1870 3526 1957 ctrterivltomiusim

235 1982 404 2045 idern.
439 1983 508 2037 Et
536 1983 827 2038 adorabunt
869 2000 983 2036 eum
1027 2000 1203 2038 omnes
1249 1999 1392 2054 reges
1440 1993 1610 2046 terrea,
1663 1998 1834 2036 omnes

231 2088 412 2148 gentes
445 2087 467 2116 ε
492 2079 709 2131 servient
735 2078 780 2130 ei
808 2074 978 2147 (Psal.
1007 2091 1151 2140 uxr,
1177 2075 1288 2144 ll).
1326 2075 1392 2130 Et
1420 2077 1632 2138 iterum,
1666 2073 1834 2128 Bene-

233 2169 476 2224 dicentur
507 2170 559 2222 in
582 2170 693 2241 ipso
714 2186 886 2223 omnes
914 2169 1075 2223 tribus
1101 2180 1268 2229 tet-rat.
1288 2184 1460 2222 omnes
1481 2179 1652 2239 gentes
1671 2167 1833 2238 907

233 2265 644 2335 tuagniﬁcabunt
671 2259 984 2333 eum(lbid.
1028 2262 1139 2334 Η).
1188 2263 1349 2317 Isaias
1390 2276 1602 2331 quoque
1636 2261 1834 2315 similia

230 2362 522 2417 annuntiat
568 2362 792 2416 dicens:
829 2358 1087 2427 Quoniam
1130 2359 1226 2412 erit
1264 2360 1318 2410 in
1346 2357 1631 2411 norissimis
1658 2357 1834 2410 diebus

230 2455 538 2526 manifestus
568 2451 594 2490 ά
625 2469 772 2506 mons
817 2452 1044 2518 Domini,
1081 2461 1127 2504 et
1156 2452 1337 2504 domus
1373 2450 1464 2504 Dei
1491 2451 1542 2502 in
1572 2454 1836 2503 cacumine

231 2547 515 2614 montium,
553 2556 576 2584 ε
604 2557 651 2600 et
694 2544 1005 2601 exaltabitur
1045 2560 1200 2614 super
1242 2543 1420 2604 colles.
1453 2554 1499 2596 et
1527 2544 1726 2597 t'euienl
1764 2544 1833 2594 ad

230 2655 351 2694 eum
375 2654 547 2692 omnes
569 2648 739 2708 gentes
766 2635 960 2709 (Isaia:
985 2651 1047 2702 tt,
1079 2636 1167 2706 2).
1203 2636 1269 2690 Et
1310 2636 1502 2689 iterum
1551 2633 1730 2700 idem,
1767 2633 1832 2686 Et

229 2733 415 2800 faciet,
445 2730 646 2800 inquit,
691 2726 940 2782 Dominus
981 2726 1210 2784 Sabaoth
1235 2728 1466 2780 omnibus
1507 2726 1741 2796 gentibus
1777 2727 1832 2780 in

230 2833 408 2875 mante
458 2823 555 2875 isto
598 2837 616 2875 :
663 2821 830 2874 bibent
881 2821 936 2873 in
968 2821 1295 2891 jocunditate
1337 2820 1530 2884 riuum,
1583 2827 1833 2888 augentur

229 2927 495 2984 unguento
525 2915 578 2967 in
616 2924 783 2968 monte
822 2915 954 2977 isto;
1002 2913 1166 2966 tradet
1213 2911 1319 2964 hwc
1369 2913 1540 2964 omnia
1568 2912 1831 2980 gentibus;

227 3007 332 3060 ltoc
357 3009 490 3058 enim
514 3005 782 3059 consilium
804 3020 957 3073 super
979 3019 1154 3056 omnes
1185 3014 1358 3075 gentes
1404 3000 1568 3073 (lsai.
1613 3018 1737 3066 xxv,
1773 3001 1828 3066 6,

225 3113 335 3152 sec.
360 3095 557 3164 LXX).
589 3096 654 3151 Et
683 3097 873 3150 iterum
903 3096 1068 3158 idem,
1105 3092 1124 3132 ί
1181 3094 1242 3147 Et
1293 3093 1530 3148 reuelabit
1581 3094 1831 3148 Dominus

226 3192 503 3246 brach'um
529 3208 678 3244 suum
707 3201 939 3245 sanctum
967 3193 1020 3244 in
1041 3200 1310 3258 conspectu
1332 3194 1554 3244 omnium
1575 3192 1824 3261 gentium,

226 3297 273 3340 et
310 3286 410 3338 vid.
429 3285 554 3338 bunt
583 3301 757 3339 omnes
783 3295 961 3356 gentes
984 3296 1133 3338 teme
1160 3287 1374 3338 salutem
1398 3301 1514 3354 qua:
1541 3303 1572 3337 a
1605 3284 1827 3339 Domino

224 3387 304 3434 est
325 3375 484 3446 (Isai.
519 3393 612 3446 ut,
649 3380 759 3448 10).
793 3379 862 3434 Et
899 3380 1116 3446 iterum,
1157 3377 1292 3433 Ecce
1319 3379 1531 3433 advena:
1561 3380 1630 3432 ad
1659 3391 1706 3434 te
1737 3396 1828 3449 per

223 3487 309 3524 me
334 3469 604 3533 accedent,
647 3481 694 3523 et
733 3471 801 3524 ad
842 3481 889 3525 te
915 3471 1211 3541 confugient
1246 3471 1402 3540 (lsai.
1447 3487 1552 3535 Liv,
1588 3471 1674 3536 15,
1724 3489 1824 3526 sec.

225 3560 433 3633 LXX).
474 3563 535 3616 Et
564 3563 726 3628 inira,
763 3563 948 3617 Gentes
986 3579 1101 3634 qua:
1130 3574 1177 3617 te
1219 3580 1323 3616 non
1354 3573 1715 3634 cognoverunt,
1747 3565 1828 3618 in-

226 3659 481 3710 vocubunt
513 3666 591 3721 te;
620 3668 664 3710 et
690 3658 869 3728 populi
895 3657 983 3727 qui
1009 3668 1056 3710 te
1083 3659 1336 3717 nesciunt,
1367 3659 1434 3708 ad
1463 3666 1512 3710 te
1533 3659 1827 3728 confugient

223 3745 410 3820 (Isaia'
433 3764 520 3812 ιν,
554 3749 608 3817 5,
632 3766 733 3803 sec.
762 3747 957 3819 LXX).
979 3751 1115 3804 Osee
1138 3766 1351 3819 quoque
1374 3753 1519 3820 paria
1545 3754 1827 3820 prophetat

222 3843 415 3894 dit-ens
443 3859 454 3892 :
491 3840 552 3894 Et
583 3841 678 3895 erit
713 3843 764 3894 in
788 3845 902 3894 loco
932 3843 982 3894 in
1009 3859 1110 3910 quo
1141 3843 1331 3895 dictum
1361 3853 1434 3896 est
1461 3843 1556 3910 eis,
1586 3843 1704 3897 Non
1734 3860 1827 3913 po-

222 3934 379 4001 pulus
403 3948 550 3987 meus
578 3949 695 3997 vos;
728 3933 796 3986 ibi
819 3933 1133 3986 vocabuntur
1161 3935 1254 3995 [illi
1283 3932 1379 3987 Dei
1399 3935 1518 4001 viri,
1543 3944 1588 3989 et
1609 3951 1826 4006 congre-

219 4027 485 4095 gabantur
518 4025 615 4092 ﬁlii
643 4022 785 4078 Iuda
812 4036 858 4079 et
889 4025 986 4092 filii
1018 4023 1185 4079 Israel
1219 4035 1245 4074 8
1275 4028 1327 4080 in
1353 4027 1574 4094 idipsunt
1607 4028 1754 4100 (Ose.
1783 4046 1822 4094 ι,

224 4120 292 4174 10
311 4129 364 4173 et
397 4117 511 4185 il).
541 4119 606 4172 lit
635 4121 852 4179 iturum.
891 4118 1174 4173 Miserebn
1199 4137 1300 4174 non
1331 4123 1553 4188 dilecta',
1581 4133 1630 4177 et
1652 4125 1821 4178 dicam

221 4228 323 4265 non
353 4213 550 4282 populo
581 4228 711 4274 meo,
766 4211 1003 4282 Populus
1032 4229 1172 4267 meus
1222 4231 1274 4267 es
1306 4225 1393 4280 tu;
1432 4223 1479 4268 et
1510 4215 1620 4284 ipse
1664 4215 1820 4281 dicet,

223 4301 368 4356 Deus
397 4318 542 4354 meus
571 4317 625 4355 es
651 4311 703 4356 lu
736 4302 880 4370 (οδε.
917 4318 974 4370 tl,
1001 4304 1072 4358 ’23
1099 4313 1144 4356 et
1172 4301 1286 4372 2's).

292 4395 412 4449 Suli
440 4400 698 4469 apostolis
729 4409 856 4448 vero
877 4408 997 4448 cum
1025 4395 1058 4448 ii
1090 4400 1178 4464 qui
1209 4395 1260 4450 in
1302 4397 1574 4452 Christum
1605 4415 1669 4454 ex
1711 4399 1824 4455 cir-

222 4488 570 4543 cumcisione
597 4485 961 4552 crediderant,
985 4503 1078 4542 eos
1108 4490 1195 4555 qui
1218 4489 1450 4559 gentiles
1478 4503 1653 4555 erant,
1677 4492 1745 4547 dit
1763 4507 1820 4548 eo

219 4578 532 4649 banturque
558 4580 900 4649 praeputium,
921 4581 1362 4647 justillcationum
1386 4585 1571 4652 gratia:
1594 4584 1818 4641 arbitra-

220 4682 420 4730 rentur
447 4675 735 4742 nurticipes
760 4689 880 4729 esse
910 4691 1015 4728 non
1047 4690 1227 4743 posse,
1273 4677 1431 4731 docet
1468 4679 1658 4733 beatus
1690 4694 1822 4748 apo-

218 4772 400 4827 stolus
442 4767 630 4824 Petrus
662 4783 821 4840 quam
855 4769 1177 4826 indiscretus
1205 4773 1343 4842 aptul
1394 4772 1560 4828 Deum
1593 4783 1819 4846 uterque

218 4866 287 4918 sit
325 4861 582 4932 pupulas,
610 4863 656 4916 si
701 4862 752 4916 iu
793 4867 1051 4917 unitatem
1084 4862 1204 4920 ﬁdei
1251 4864 1410 4921 ambo
1437 4868 1814 4924 convenerint.

219 4953 357 5009 Cum
385 4964 580 5021 autem,
611 4954 803 5027 inquit,
833 4958 1094 5026 cepissem
1113 4955 1276 5026 loqui,
1308 4959 1500 5014 decidit
1528 4957 1552 4998 ιι
1587 4959 1817 5030 Spiritus

295 5127 324 5156 ιι
353 5120 442 5170 sic
465 5115 848 5192 nis___.loliensis
874 5125 929 5171 et
955 5115 1150 5172 Leonis
1180 5117 1364 5172 editio.
1397 5119 1532 5174 Editi
1561 5120 1675 5187 alii,
1700 5135 1818 5192 per-

221 5205 370 5242 rrrsa
399 5205 469 5239 est
501 5187 646 5256 filiis.

299 5262 325 5298 δ
354 5261 454 5315 Ms.
483 5258 756 5324 Jutiensis,
784 5260 837 5312 in
861 5273 921 5312 eo
951 5260 1119 5330 quod;
1147 5271 1199 5314 et
1225 5259 1380 5326 inira,
1425 5261 1515 5330 qui
1543 5279 1645 5317 non
1671 5272 1820 5318 erant

259 5342 424 5385 entes.

220 5351 454 5456 ge'i‘iil.
480 5400 755 5476 Julifnsis.
775 5402 1176 5474 magniﬁcabunt
1194 5420 1330 5472 eum,
1353 5405 1600 5476 idemque
1620 5405 1822 5461 omittit

221 5485 545 5542 sequentem
582 5472 984 5542 P.-altiingtuplti
1014 5477 1415 5531 auctoritatem.

297 5553 323 5582 δ
357 5547 400 5599 Μ
439 5584 455 5600 .
489 5543 516 5598 δ
542 5545 765 5607 cliensis,
796 5561 941 5597 mons
973 5545 1172 5599 Domini
1213 5549 1266 5600 itt
1296 5549 1580 5614 cacumine,
1610 5548 1818 5604 exteris

221 5619 468 5670 οιιηει-ἱς.
503 5615 747 5682 Vulgata,
780 5633 923 5669 mons
949 5618 1128 5671 demus
1154 5616 1382 5674 Domini.

304 5699 330 5726 ο
363 5688 460 5763 Ms.
497 5686 887 5763 Juliensisumn
920 5691 1421 5763 ItaichtttlﬂiIfItialtt
1458 5703 1538 5758 et;
1578 5706 1683 5747 nec
1723 5707 1820 5763 po-

221 5773 366 5819 net,
391 5760 546 5823 idem;
574 5760 694 5820 sed,
728 5757 788 5812 Et
815 5769 1022 5820 iterum,
1055 5756 1252 5816 Faciet.

308 5828 328 5870 ί
365 5831 460 5884 31».
493 5830 764 5895 ιιιιιεημὶε,
799 5829 1077 5890 ltevelarit.
1106 5833 1308 5888 «unis-0
1336 5845 1400 5890 et.

307 5909 337 5961 s
356 5902 462 5966 Its.
485 5898 758 5971 lolisasis.
788 5913 844 5964 et
869 5903 998 5966 olim
1027 5903 1224 5968 Leonis
1255 5905 1494 5982 codices,
1526 5908 1595 5966 ad
1623 5908 1815 5983 ipsum.

1942 1974 2246 2044 Dominum,
2274 1990 2320 2034 et
2353 1997 2527 2036 omnes
2554 1997 2727 2056 gentes
2757 2004 2910 2058 super
2954 2007 3080 2060 quas
3126 1993 3412 2049 invocatum
3452 2005 3525 2050 est

1940 2083 2121 2121 nomen
2152 2086 2352 2139 meum,
2402 2074 2524 2128 dicit
2557 2073 2810 2132 Dominus
2859 2081 3055 2148 faciens
3105 2085 3232 2151 ltwc,
3275 2096 3452 2142 notum
3494 2107 3527 2143 a

1938 2163 2128 2214 sceculo
2175 2174 2249 2216 cst
2294 2163 2516 2220 Domino
2561 2184 2687 2238 apus
2715 2187 2881 2225 suum.
2917 2172 3135 2230 Sitneon
3168 2194 3385 2248 quoque
3414 2179 3524 2244 ille,

1946 2249 1962 2287 ί
1997 2255 2084 2308 cui
2117 2271 2436 2326 responsum
2466 2272 2633 2316 erata
2663 2263 2865 2333 Spiritu
2891 2281 3081 2322 sancto
3105 2287 3210 2324 non
3236 2287 3358 2326 eum
3382 2274 3527 2332 visu-

1937 2361 2056 2401 rum
2116 2364 2344 2406 mortem
2389 2354 2698 2424 priusquam
2745 2358 2944 2416 videret
2985 2358 3256 2417 Christum
3291 2363 3523 2434 Domini,

1936 2442 2004 2494 de
2034 2443 2208 2498 salute
2260 2446 2502 2500 omnium
2553 2450 2792 2518 gendum
2841 2469 2963 2519 qine
3014 2455 3066 2506 in
3110 2454 3327 2510 Christo
3362 2457 3530 2529 908

1937 2536 2301 2601 revelabatut’,
2331 2539 2444 2592 ltu'c
2469 2538 2602 2594 dixit
2630 2558 2644 2593 :
2673 2540 2827 2595 Nunc
2854 2543 2867 2593 i
2895 2544 3110 2598 dimittis
3133 2563 3330 2599 servum
3357 2557 3521 2614 tuum,

1937 2628 2174 2701 Domine,
2199 2631 2478 2686 secundum
2501 2636 2703 2688 uerbum
2726 2646 2869 2690 tuum
2890 2638 2940 2690 in
2962 2655 3087 2708 pace
3111 2655 3131 2693 :
3151 2641 3268 2709 quia
3293 2640 3524 2694 viderunt

1936 2725 2074 2778 oculi
2111 2726 2211 2779 mei
2237 2727 2467 2780 salutare
2499 2739 2667 2794 tuum,
2700 2729 2840 2799 quod
2877 2731 3073 2800 parasti
3117 2729 3142 2767 ιι
3181 2741 3301 2786 ante
3341 2732 3525 2802 faciem

1936 2816 2165 2870 omnium
2208 2819 2540 2889 papulorum,
2573 2819 2768 2874 Lumen
2800 2825 2869 2875 ad
2894 2824 3250 2878 reuelationem
3277 2825 3522 2894 gentium,

1936 2919 1982 2961 et
2016 2909 2235 2979 glariam
2271 2911 2431 2980 plebis
2475 2923 2577 2966 tua:
2620 2912 2784 2966 Israel
2811 2913 2964 2980 (Luc.
2995 2930 3053 2982 ll,
3086 2915 3156 2968 ἓξ)
3186 2926 3232 2969 et
3254 2933 3338 2981 seq
3369 2917 3525 2988 )._His

1937 3012 1992 3059 ct
2021 3005 2141 3058 aliis
2167 3007 2488 3060 testimoniis
2536 3006 2934 3076 Scriptum-rum
2965 3023 3071 3062 non
3113 3009 3274 3063 dubie
3300 3011 3526 3065 demon-

1936 3109 2138 3155 stratur
2169 3100 2327 3154 istam
2359 3100 2702 3161 ditissimum.
2730 3101 3180 3168 potentissimum,
3207 3102 3526 3172 benignissi-

1939 3205 2079 3244 mam
2126 3191 2375 3261 gratiam,
2425 3206 2530 3260 qua
2584 3192 2638 3246 in
2694 3192 2989 3247 ιιοςίεςίιιιο
3056 3193 3238 3248 nutndi
3283 3205 3525 3262 tempore

1932 3299 2123 3339 omnes
2144 3293 2330 3354 gentes
2361 3285 2413 3341 in
2444 3301 2667 3354 regnum
2698 3286 2894 3340 (ibriin
2927 3301 3206 3346 vui-antur.
3256 3286 3524 3356 prioribus

1936 3380 2150 3434 saeculis
2178 3380 2232 3434 in
2263 3381 2478 3436 occulto
2501 3381 2594 3435 Dei
2615 3380 2984 3435 absconditam
3013 3383 3176 3437 luisse
3200 3381 3451 3438 consilio.

2521 3532 2750 3592 CAPUT
2792 3533 2936 3590 XIX.

1933 3649 2072 3704 Deus
2120 3666 2213 3721 pro
2257 3649 2397 3702 omni
2448 3658 2671 3719 tempore
2715 3649 2822 3700 vult
2866 3663 3040 3721 attines
3072 3646 3306 3701 homines
3349 3645 3519 3702 salvos

1967 3723 2080 3790 ﬁeri
2152 3736 2238 3773 aut
2268 3720 2590 3792 generalibus
2625 3721 2795 3778 donis.
2828 3729 2916 3772 aut
2948 3719 3098 3773 etiam
3126 3720 3492 3788 peculiaribus.

2005 3838 2072 3892 Et
2116 3852 2212 3890 cur
2256 3836 2353 3890 hac
2397 3835 2853 3897 manifestatione,
2907 3847 3010 3904 qua
3061 3848 3204 3887 nunc
3253 3832 3521 3887 universis

1929 3931 2238 3988 nationibus
2263 3930 2573 3992 iunotesvit,
2612 3940 2767 3983 antea
2792 3929 3024 3982 revelata
3057 3942 3161 3980 non
3195 3924 3375 3990 luerit,
3406 3925 3520 3980 nul-

1929 4027 2032 4082 lam
2081 4023 2289 4096 pos~e1
2324 4023 2606 4080 scientiam
2653 4021 3141 4092 (‘Otttpl'cit-ltdet‘s',
3186 4018 3383 4073 nullam
3429 4019 3514 4072 io-

1929 4119 2274 4189 tetligentiam
2320 4127 2628 4185 penetrare,
2662 4123 2701 4152 ω
2724 4130 2845 4170 cum
2891 4125 3073 4168 tamen
3104 4111 3236 4166 illud
3261 4109 3403 4177 quod
3449 4110 3518 4166 de

1927 4212 2165 4266 bonitate
2197 4209 2292 4266 Dei
2336 4208 2576 4278 pii~sitne
2607 4207 2867 4270 creditur,
2909 4207 3034 4276 quia
3079 4220 3254 4258 omnes
3288 4205 3516 4257 homines

1925 4307 2043 4362 uelit
2083 4305 2250 4358 salvos
2305 4303 2437 4370 fieri,
2493 4312 2537 4356 et
2590 4302 2643 4354 itt
2705 4299 3016 4369 agnitionem
3076 4297 3301 4351 recitatis
3346 4295 3515 4350 venire

1925 4402 1978 4472 (I
2011 4399 2142 4455 Tim.
2191 4414 2252 4461 ll,
2288 4397 2387 4465 4),
2433 4410 2537 4449 non
2561 4401 2811 4462 ltpﬂl'leal
2851 4391 2953 4445 nisi
3002 4401 3318 4458 |Itr||eltttltll
3349 4400 3512 4444 teter-

1926 4509 2161 4564 numqne
2208 4501 2436 4554 setitiri,
2486 4487 2782 4542 secundum
2835 4501 2930 4540 cas
2981 4500 3265 4540 mensuras
3315 4482 3514 4551 quibus

1925 4587 2070 4643 Dens
2118 4585 2255 4639 di-na
2314 4581 2589 4651 generalia
2650 4577 2978 4649 specialibus
3037 4580 3185 4632 novit
3237 4577 3514 4630 cumulare

1926 4679 2240 4734 muneribus
2287 4692 2300 4728 :
2347 4684 2398 4725 ut
2447 4681 2501 4725 et
2547 4670 2635 4741 qui
2683 4680 2938 4724 exsortes
2975 4671 3163 4740 gratio:
3196 4668 3413 4726 iuerint.
3446 4664 3515 4719 de

1929 4790 2023 4829 sua
2054 4769 2289 4842 nequitia
2323 4765 2746 4830 redarpuautur;
2801 4771 2855 4818 et
2879 4765 2967 4834 qui
3001 4763 3117 4828 θ’]ιις
3163 4760 3366 4813 lumine
3395 4756 3512 4812 eni-

1929 4866 2157 4930 tuerint,
2203 4877 2310 4917 non
2361 4859 2417 4914 in
2461 4871 2561 4914 suo
2607 4856 2824 4924 merito,
2874 4855 2971 4910 sed
3019 4855 3073 4908 in
3122 4851 3352 4906 Domino
3396 4850 3511 4920 glo-

1926 4959 2152 5016 rientur.

1993 5117 2020 5155 ιι
2066 5115 2243 5173 ΕιΙίιίο
2297 5113 2534 5178 Leonis,
2585 5111 2639 5166 in
2699 5109 2895 5181 Spiritu
2943 5114 3154 5168 sancto;
3209 5111 3266 5156 ut
3319 5097 3509 5158 Graeca

1921 5193 1981 5248 A‘
2000 5200 2444 5317 i'i'ii'.".lt.liensiz.
2470 5257 2558 5324 qui
2579 5266 2874 5324 γε’κροηδωη
2897 5264 3000 5302 ac“
3016 5255 3191 5318 PM“
3212 5255 3420 5315 Ρ⁰³¹³³⁸
3448 5243 3513 5300 de

1920 5334 2086 5389 salute
2114 5347 2231 5385 vero
2265 5370 2275 5380 .
2314 5369 2328 5383 .
2367 5372 2381 5386 .
2403 5329 2514 5381 Ittec
2546 5329 2687 5378 dicit.

1997 5405 2011 5454 i
2053 5406 2143 5459 Sic
2172 5402 2367 5456 Leonis
2397 5401 2560 5454 editio
2586 5398 2736 5465 juxa
2774 5403 2978 5449 textum
3012 5387 3310 5460 Evangelii.
3360 5385 3507 5443 Editi

1925 5475 2172 5544 Prospo-ri
2189 5522 2199 5544 ,γ
2225 5475 2438 5526 dimitte.

1999 5543 2024 5584 ιι
2051 5533 2147 5599 iis.
2177 5543 2452 5602 Joliensis,
2481 5539 2756 5592 secundum
2783 5536 2997 5606 faciem;
3041 5533 3259 5600 deinde,
3292 5533 3345 5586 in
3375 5546 3508 5586 reve-

1926 5619 2166 5672 latiottent
2197 5656 2209 5668 .
2241 5657 2252 5668 .
2279 5657 2290 5668 .
2321 5657 2335 5671 .
2363 5611 2544 5682 populi
2571 5615 2643 5660 tu't
2669 5607 2852 5662 Israel.

2003 5685 2020 5728 ι
2055 5689 2180 5742 Msa.
2209 5675 2399 5742 Camb.
2433 5675 2456 5734 Vt
2479 5694 2497 5737 t
2523 5680 2548 5737 J
2575 5687 2626 5736 ιι.
2651 5697 2705 5734 ct
2733 5683 2862 5741 Leo.
2898 5680 3104 5736 addunt
3137 5687 3304 5744 recte,
3336 5675 3502 5732 scint-

1928 5771 2265 5897 "Tiberine
2313 5847 2374 5884 ex
2421 5831 2592 5896 capite
2638 5827 2984 5896 Ρτπεθιιθυιῖο
3026 5819 3325 5881 ⁸⁶³¹ίπ⁸⁰ηῆ³
3355 5815 3506 5879 8""

1926 5913 2197 5980 pturarurn
2220 5919 2323 5962 non
2347 5903 2497 5962 dub.e
2516 5903 2913 5961 demonstratur.

2274 6047 2276 6049 .
2316 6040 2419 6056 .s-v“,§
