4014 6348
206 347 309 407 ιιι

1098 339 1186 402 DE
1226 341 1613 402 VOCATIONE
1650 343 1915 404 OMNIUM
1953 345 2264 405 GENTIUM
2315 346 2522 424 ΜΒΕῇ
2561 345 2627 404 II.

3383 346 3486 408 714

207 476 334 534 ergo
355 458 603 530 veniunt,
627 472 814 516 amore
832 457 1102 516 ducuntur
1129 475 1143 514 :
1175 459 1358 515 dilecti
1386 459 1535 515 enim
1560 467 1704 523 sunt.
1739 468 1795 514 et
1823 467 1874 524 Α
1901 477 1955 528 x,
1981 459 2094 533 18).
2128 461 2185 517 1η
2215 464 2428 519 ceteris
2446 477 2576 518 vero
2597 459 2930 529 hominibus,
2955 460 3130 518 donec
3156 477 3278 516 caro
3299 477 3491 518 concu-

207 554 537 620 dllexerunt;
563 552 775 624 quaesiti
801 560 948 620 sunt,
978 563 1033 608 et
1058 553 1412 624 quasierunt,
1445 561 1500 611 et
1523 551 1668 624 quod
1699 565 1798 609 eos

209 645 375 704 voluit
401 645 547 704 Deus
573 645 735 715 velle,
762 645 1073 702 voluerunt.

753 783 980 843 CAPUT
1021 781 1264 840 XXVIII.

214 895 374 954 Posse
397 912 482 953 eos
500 898 588 968 qui
632 900 800 969 gratia
828 896 924 952 Dei
944 897 998 952 in
1023 895 1292 969 Christum
1307 895 1541 962 credunt,
1569 911 1672 950 non
1694 908 1802 950 cre-

349 970 492 1039 dere,
514 967 571 1025 et
593 967 681 1025 eos
707 970 796 1042 qui
826 977 1174 1040 perseverant,
1200 986 1232 1024 a
1259 967 1373 1024 Deo
1399 969 1655 1023 recedere.
1726 972 1733 977 '

277 1115 306 1145 ι
333 1106 439 1175 Qui
459 1104 528 1162 ad
559 1105 920 1164 obediendum
950 1105 1054 1162 sibi
1075 1105 1255 1177 ipsum
1271 1104 1408 1161 velle
1426 1105 1506 1161 sic
1528 1103 1715 1170 donat,
1749 1111 1807 1158 ut

209 1200 369 1257 etiam
401 1217 432 1256 a
467 1200 896 1272 perseveraturis
925 1199 1072 1256 Illam
1116 1200 1528 1256 mutabilitatem
1560 1215 1681 1270 quae
1711 1215 1806 1270 po-

211 1303 312 1348 test
343 1292 489 1348 nolle
516 1308 624 1348 non
653 1293 884 1348 auferat.
912 1291 1168 1362 Alioquin
1197 1307 1357 1348 nemo
1381 1305 1640 1362 umquam
1671 1289 1806 1345 fide-

211 1386 336 1440 lium
367 1386 684 1442 recessisset
707 1400 738 1440 a
771 1385 895 1450 lide,
921 1385 1194 1440 neminem
1222 1385 1660 1456 concupiscentia
1687 1382 1810 1437 vin-

211 1487 376 1541 ceret,
406 1477 677 1533 neminem
707 1477 924 1532 tristitia
950 1475 1200 1543 elideret,
1226 1477 1500 1534 neminem
1531 1475 1809 1531 iracundia

210 1570 532 1637 debellaret,
562 1570 760 1625 nullius
789 1570 1027 1624 cltaritas
1055 1570 1456 1640 refrigesceret,
1490 1569 1688 1625 nullius
1719 1582 1812 1638 pa-

211 1665 400 1720 tientia
446 1667 805 1736 frangeretur,
849 1674 906 1721 et
941 1664 1194 1720 collatam
1225 1667 1330 1721 sibi
1373 1666 1606 1737 gratiam
1651 1679 1812 1720 nemo

214 1757 515 1828 negligeret
544 1777 555 1812 :
587 1759 681 1814 sed
713 1757 837 1829 quia
867 1760 982 1814 haec
1009 1769 1236 1829 possunt
1257 1758 1395 1825 ﬁeri,
1427 1760 1559 1814 etin
1583 1771 1814 1813 consen-

1901 555 2310 625 piscitadoerstts
2357 557 2626 627 spiritum,
2660 565 2704 609 et
2734 556 2944 624 spiritus
2992 556 3234 611 adversus
3281 571 3489 612 carnem

1903 643 2046 718 (Gal.
2072 662 2126 714 ν,
2161 648 2274 719 17),
2303 658 2356 704 et
2397 648 2572 704 donec
2602 648 2816 715 spiritus
2855 647 3064 718 quidem
3091 658 3357 717 promptus
3387 655 3484 715 est,

1904 755 2026 793 caro
2051 748 2223 793 autem
2244 740 2452 810 inﬁrma
2473 739 2690 810 (Matth.
2717 757 2870 808 xxvi,
2897 738 3013 812 4|),
3034 739 3492 796 incommutabilis

1905 834 2070 890 animi
2092 835 2346 891 fortitudo
2371 851 2476 891 non
2500 845 2678 906 potest
2701 836 2948 906 reperiri.
2981 835 3244 904 Quoniam
3269 852 3377 891 non
3401 836 3495 891 ltu-

1902 926 2012 997 jus,
2037 927 2132 982 sed
2154 927 2374 983 alterius
2405 930 2526 984 vita:
2551 939 2634 984 est
2657 939 2680 977 ε
2713 943 2854 983 veras
2877 929 3024 1000 pacis
3071 927 3307 998 perlecta
3330 937 3386 984 et
3403 942 3498 984 ee-

1907 1034 2039 1075 cura
2069 1020 2298 1076 felicitas
2332 1039 2345 1074 :
2385 1023 2438 1076 in
2487 1024 2769 1091 praesentis
2810 1031 2990 1077 autem
3033 1023 3219 1092 agonis
3266 1022 3496 1086 incerto,

1907 1110 2000 1166 ubi
2026 1119 2135 1166 tota
2157 1113 2265 1166 vita
2290 1113 2516 1168 tentatio
2542 1123 2627 1168 est
2653 1113 2795 1185 (Job.
2821 1113 2941 1184 vn),
2967 1123 3021 1169 et
3040 1111 3068 1149 ιι
3099 1113 3170 1167 ab
3190 1112 3503 1168 insidiantis

1910 1203 2162 1274 superbia
2194 1219 2292 1260 nec
2315 1203 2431 1274 ipsa
2459 1214 2540 1259 est
2564 1213 2673 1258 tuta
2715 1205 2965 1270 victoria,
2997 1205 3372 1260 mutabilitatis
3409 1219 3503 1276 pe-

1912 1296 2084 1350 riculo
2107 1311 2212 1350 non
2237 1305 2473 1351 caretur.
2508 1295 2577 1350 Et
2605 1297 2730 1350 licet
2769 1297 3064 1353 innumeris
3100 1297 3114 1334 ί
3150 1298 3351 1353 sanctis
3390 1296 3504 1350 suis

1914 1387 2082 1442 donet
2112 1388 2364 1443 virtutem
2411 1388 2800 1457 perseverandi
2837 1403 3006 1459 usque
3034 1391 3086 1444 in
3120 1391 3279 1445 finem
3323 1388 3507 1444 divina

1917 1477 2204 1546 pr0tectio,
2236 1494 2265 1531 a
2296 1479 2460 1534 nullis
2493 1487 2676 1533 tamen
2707 1477 2722 1527 i
2770 1477 2947 1533 aufert
2991 1479 3132 1548 quod
3186 1481 3316 1548 ipsis
3346 1495 3508 1549 repu-

1917 1581 2046 1644 gnat
2067 1588 2132 1628 ex
2163 1572 2294 1643 ipsis
2321 1591 2332 1625 :
2356 1582 2413 1627 ut
2436 1572 2491 1627 in
2522 1572 2776 1627 omnibus
2803 1571 2995 1626 studiis
3024 1587 3212 1626 eorum
3236 1583 3396 1641 atque
3417 1587 3510 1627 co-

1920 1665 2134 1720 natibus
2161 1679 2376 1736 semper
2397 1665 2536 1720 inter
2565 1679 2626 1719 se
2662 1663 2804 1719 velle
2833 1673 2888 1718 et
2919 1661 3066 1717 nolle
3088 1659 3114 1699 κ
3138 1663 3436 1718 decertent.

1992 1756 2164 1822 Quam
2221 1757 2695 1828 compugnantiam
2741 1755 2883 1811 idem
2929 1755 3275 1811 beatissimus
3322 1753 3513 1808 I’etrus

212 1864 328 1903 sum
366 1849 551 1905 talium
587 1849 940 1905 tentationum
977 1848 1154 1905 facilis
1186 1849 1415 1904 nimium
1449 1848 1814 1919 proclivisque
1844 1861 1892 1921 Β
1919 1849 2082 1905 etiam
2112 1850 2162 1904 in
2185 1849 2301 1919 ipsa
2325 1849 2625 1918 palmarum
2652 1848 2893 1903 omnium
2915 1851 3385 1927 consummatimte
3402 1859 3516 1914 per-

211 1940 500 1998 descensio
528 1951 633 2012 est,
683 1957 976 2013 numquam
1009 1943 1172 1998 debet
1211 1942 1264 1997 in
1311 1942 1536 1997 auribus
1577 1941 1813 1996 fidelium

213 2047 316 2089 vox
359 2034 450 2090 illa
494 2033 709 2088 Domini
739 2050 846 2090 non
891 2049 1110 2101 sonare,
1143 2051 1248 2106 qua
1301 2035 1571 2104 apostolis
1601 2034 1815 2100 dicitur,

219 2125 447 2199 Vigilate
468 2137 514 2182 et
536 2140 698 2197 orate,
714 2143 776 2182 ne
799 2129 995 2183 intretis
1014 2129 1067 2182 in
1089 2130 1418 2182 tentationem
1433 2126 1646 2198 (Matth.
1662 2143 1818 2194 xxvr,

215 2220 332 2294 ιι).
363 2220 464 2278 Ubi
485 2221 533 2275 si
553 2221 622 2276 de
644 2219 914 2289 vigilando
941 2230 1172 2286 tantum,
1195 2235 1303 2276 non
1329 2220 1490 2275 etiam
1517 2219 1586 2275 de
1615 2221 1820 2276 orando

214 2314 516 2384 discipulos
553 2313 902 2380 admoneret,
941 2313 1088 2369 solas
1116 2313 1273 2368 liberi
1305 2312 1514 2368 arbitrii
1561 2312 1706 2368 vires
1739 2314 1821 2368 vi-

215 2408 439 2464 deretur
469 2407 737 2464 hortatus.
767 2406 875 2463 Sed
899 2422 1021 2462 cum
1045 2407 1277 2473 addidit,
1300 2417 1346 2460 et
1378 2417 1545 2472 orate,
1569 2407 1702 2462 satis
1726 2407 1824 2462 do-

216 2502 328 2558 cuit
353 2501 574 2574 superni
597 2501 832 2556 futurum
865 2502 1106 2556 muneris
1135 2509 1195 2556 ut
1221 2514 1316 2557 eos
1344 2500 1507 2556 etiam
1538 2499 1824 2570 vigilantes

219 2595 535 2650 teutationis
579 2592 820 2664 procella
861 2607 970 2648 non
1014 2592 1278 2648 vinceret.
1318 2590 1452 2647 Tale
1481 2600 1565 2646 est
1597 2599 1653 2646 et
1689 2590 1823 2645 illud

217 2685 366 2757 quod
401 2685 500 2751 ait,
533 2685 740 2754 Simon,
770 2685 978 2753 Simon,
1023 2701 1137 2740 ecce
1182 2685 1412 2740 Satanas
1457 2684 1733 2755 postulavit
1769 2696 1825 2740 ut

219 2799 305 2836 ros
334 2780 364 2819 δ
390 2790 616 2837 censeret
643 2781 780 2836 velut
806 2781 1054 2834 triticum.
1093 2776 1204 2850 Ego
1229 2787 1397 2832 autem
1425 2779 1602 2848 rogavi
1630 2793 1724 2849 pro
1753 2787 1824 2845 te,

221 2889 284 2926 ne
311 2873 522 2943 deﬁciat
549 2873 678 2942 ﬁdes
709 2882 833 2939 tua;
857 2880 905 2926 et
932 2882 986 2926 tu
1012 2872 1220 2926 tandem
1249 2887 1543 2937 conversus,
1577 2872 1826 2941 conﬁrma

221 2971 410 3038 fratres
440 2975 578 3032 tuos,
608 2975 654 3020 et
680 2974 858 3038 rogate
885 2981 946 3021 ne
982 2966 1182 3020 intretis
1211 2967 1265 3020 in
1298 2967 1630 3020 tentationem
1667 2964 1823 3036 (Luc.

223 3071 336 3127 xxi,
379 3057 497 3129 3i).
534 3055 592 3114 Si
621 3072 752 3128 ergo
782 3057 1063 3113 defectura
1091 3067 1208 3113 erat
1235 3056 1372 3113 fides
1403 3059 1538 3113 tanti
1576 3057 1825 3128 apostoli,

228 3159 250 3188 ⁸
283 3149 393 3205 nisi
426 3164 525 3220 pro
550 3163 618 3204 eo
645 3148 895 3205 Christus
925 3160 1108 3205 oraret
1131 3190 1145 3216 ,
1181 3150 1358 3205 inerat
1385 3150 1436 3206 ei
1469 3147 1829 3220 proculdubio

1924 1959 2118 2016 pessus
2143 1955 2246 1999 est.
2281 1945 2339 2000 Si
2367 1944 2585 2014 quidem
2622 1944 2725 1998 hoc
2761 1940 2777 1979 ι
2823 1943 2924 2013 ipsi
2957 1943 3218 1996 Dominus
3251 1952 3519 2011 prateste-

1926 2048 2011 2092 tur
2036 2037 2280 2102 etdicat,
2304 2037 2487 2103 Amen,
2513 2051 2687 2103 amen,
2721 2035 2836 2089 dico
2875 2035 3009 2088 tibi:
3058 2035 3267 2104 quando
3312 2032 3520 2104 juvenis

1925 2149 2063 2195 eras,
2095 2130 2442 2203 praecingebas
2471 2138 2538 2194 te,
2580 2138 2627 2182 et
2677 2126 2979 2181 ambulabas
3019 2125 3105 2178 ubi
3135 2124 3336 2180 volebas
3360 2141 3378 2189 ;
3404 2139 3523 2176 cum

1925 2236 2099 2280 autem
2124 2225 2367 2289 senueris,
2397 2221 2638 2278 extendes
2667 2238 2850 2275 manus
2882 2230 3030 2285 tuas,
3062 2229 3110 2274 et
3141 2220 3276 2272 alius
3307 2227 3354 2271 te
3383 2232 3523 2288 pra:-

1926 2323 2119 2392 cinget,
2153 2328 2199 2372 et
2227 2318 2379 2371 ducet
2407 2333 2506 2386 quo
2539 2325 2593 2369 tu
2622 2331 2722 2369 non
2751 2316 2846 2368 vis.
2878 2312 2994 2366 Hoc
3015 2321 3185 2366 autem
3212 2321 3251 2347 ω
3275 2311 3429 2375 dixit,
3454 2310 3525 2362 si-

1928 2417 2183 2487 gniﬁcans
2205 2429 2306 2484 qua
2328 2419 2489 2465 morte
2534 2409 2922 2480 gloriﬁcaturus
2964 2417 3092 2460 esset
3126 2405 3293 2458 Deum
3339 2401 3524 2472 (Joan.

1931 2523 2044 2574 xxi,
2074 2507 2143 2562 18
2171 2514 2216 2560 et
2263 2504 2374 2574 I9).
2407 2503 2539 2571 Quis
2564 2517 2692 2570 ergo
2715 2500 2971 2569 ambigat,
3004 2499 3124 2568 quis
3151 2498 3360 2565 ignoret
3389 2495 3528 2547 hanc

1930 2603 2280 2658 fortissimam
2335 2609 2574 2670 petram,
2632 2612 2754 2667 quae
2799 2597 2867 2650 ab
2906 2595 3000 2648 illa
3051 2592 3331 2664 principali
3375 2600 3528 2659 petra

1931 2697 2370 2750 communionem
2398 2700 2453 2746 et
2502 2689 2718 2744 virtutis
2754 2688 2989 2757 sumpsit
3037 2696 3092 2741 et
3141 2682 3395 2747 nominis,
3428 2680 3530 2735 hoc

1932 2786 2263 2843 desiderium
2308 2797 2527 2854 semper
2566 2781 2853 2843 habuisse,
2908 2789 2969 2834 ut
3010 2778 3060 2832 ei
3119 2773 3382 2830 moriendi
3432 2786 3532 2842 pro

1933 2878 2154 2936 Christo
2168 2877 2470 2934 constantia
2486 2875 2780 2929 donaretur
2796 2871 3013 2944 (Matth.
3030 2886 3139 2938 xw,
3157 2867 3282 2939 I8)?
3301 2866 3534 2921 Verum-

1936 2983 2120 3030 tamen
2172 2973 2243 3028 ita
2294 2970 2620 3027 inevitabilis
2660 2979 2777 3024 erat
2806 2966 3103 3021 obluctatio
3137 2959 3534 3032 trepidationis,

1936 3074 1966 3103 ιι
1980 3067 2130 3122 utvir
2143 3064 2386 3135 martyrii
2401 3061 2769 3125 avidissimus,
2783 3059 3077 3128 adepturus
3099 3053 3312 3126 quidem
3327 3051 3538 3107 denun-

1938 3159 2169 3213 tiaretur
2192 3157 2475 3212 victoriam
2501 3153 2792 3225 passionis,
2823 3151 2917 3206 sed
2966 3165 3075 3205 non
3102 3148 3220 3203 sine
3242 3144 3542 3202 tentatione

223 3241 579 3308 mutabilius.
624 3257 744 3313 quae
788 3252 972 3313 posset
1010 3244 1064 3297 in
1106 3240 1460 3300 ιεηιειίοηοδ
1493 3252 1722 3310 nutare;
1771 3252 1823 3298 et
1855 3248 1904 3313 c
1938 3252 2273 3309 formidinis.
2300 3251 2490 3306 Merito
2517 3250 2679 3320 igitur
2707 3263 2811 3302 non
2831 3246 3004 3301 solum
3035 3244 3103 3299 ab
3133 3239 3538 3313 incipientibus,

225 3351 338 3392 non
367 3336 443 3391 ita
468 3335 582 3406 jam
602 3336 1018 3406 perseverantiae
1038 3335 1216 3392 fuerat
1233 3337 1432 3393 virtute
1454 3338 1738 3405 solidatus,
1771 3347 1831 3392 ut

228 3430 396 3486 nullis
421 3427 676 3500 periculis
697 3437 842 3484 esset
866 3429 1153 3484 obnoxius.
1178 3429 1236 3486 Si
1265 3429 1480 3501 quidem
1515 3440 1622 3486 tam
1649 3431 1830 3501 gravis

225 3535 351 3575 eum
382 3517 722 3590 perturbatio
749 3517 912 3574 etiam
956 3528 1080 3589 post
1115 3519 1218 3574 ista
1267 3522 1626 3589 concusserit,
1676 3531 1735 3575 ut
1776 3521 1830 3576 in

227 3612 454 3684 Caiphae
482 3611 647 3668 domo
685 3612 842 3667 unius
883 3611 1096 3666 ancillae
1139 3612 1562 3684 interrogatione
1600 3613 1834 3684 pavefa-

231 3718 380 3773 ctus,
399 3721 571 3778 usque
595 3707 664 3761 ad
687 3707 884 3762 trinam
917 3706 1259 3777 negationem
1281 3718 1304 3744 °
1323 3708 1547 3776 Christi,
1571 3708 1657 3764 cui
1685 3724 1836 3764 coru-

231 3800 559 3859 moriturum
584 3816 644 3858 se
665 3801 1055 3872 spOponderat,
1081 3803 1381 3858 constantia
1403 3802 1695 3859 deficiente
1717 3819 1839 3874 per-

231 3897 435 3952 ductus
463 3896 555 3950 sit.
589 3894 694 3964 Qui
717 3876 866 3966 ‘ergo
894 3905 1025 3951 tunc
1061 3897 1440 3952 conturbatum
1476 3913 1572 3954 cor
1607 3899 1838 3969 apostoli

233 4005 344 4046 non
365 3990 636 4060 humanis,
657 3988 754 4045 sed
773 3989 970 4045 divinis
992 3991 1246 4048 convenit
1266 3992 1460 4060 oculis,
1487 4003 1542 4048 et
1563 3991 1630 4048 ad
1654 3992 1837 4064 largos

235 4081 593 4152 paenitudinis
640 4079 802 4137 ﬂetus
850 4084 1056 4152 potenti
1092 4083 1336 4140 incitavit
1363 4095 1621 4154 aspectu,
1667 4088 1843 4156 potuit

235 4177 380 4230 hanc
409 4173 720 4230 firmitatem
745 4174 909 4230 animi
953 4177 1224 4248 praecipuo
1263 4179 1511 4233 conferre
1545 4178 1838 4249 discipulo,

235 4280 295 4324 ut
335 4269 480 4324 sicut
520 4270 694 4340 ipsum
738 4269 1024 4325 Dominum
1068 4270 1202 4326 nihil
1245 4271 1314 4326 ab
1355 4271 1636 4341 explenda:
1675 4272 1844 4345 916

239 4359 515 4430 passionis
558 4360 832 4431 proposito
865 4360 1177 4418 deterrebat
1199 4405 1214 4429 ,
1257 4365 1328 4418 ita
1359 4378 1460 4420 nec
1491 4365 1705 4419 beatum
1745 4366 1845 4421 Pe-

241 4461 388 4506 trum
417 4451 528 4507 ulla
559 4461 685 4508 tunc
712 4452 944 4510 formido
969 4466 1272 4527 superaret.
1297 4457 1403 4513 Sed
1431 4458 1548 4513 haec
1576 4459 1844 4515 stabilitas

240 4546 391 4600 illius
412 4545 782 4600 tantummodo
830 4549 1046 4618 propria
1088 4547 1208 4615 fuit,
1250 4550 1340 4620 qui
1383 4549 1532 4605 solus
1578 4565 1707 4606 vere
1751 4568 1846 4621 po-

1943 3362 2131 3403 verum
2161 3347 2325 3401 etiam
2351 3359 2381 3398 a
2406 3353 2430 3380 ο
2457 3343 2728 3414 provectis
2755 3339 2956 3394 sanctis
2975 3336 3315 3392 uniformiter
3357 3331 3545 3390 Domi-

1943 3458 2018 3497 no
2044 3440 2396 3510 supplicatur,
2429 3445 2484 3492 et
2504 3436 2722 3500 dicitur,
2753 3434 2835 3488 Ne
2871 3451 2960 3488 nos
2986 3444 3012 3483 Ρ
3036 3431 3254 3486 inducas
3295 3431 3347 3484 in
3377 3437 3544 3483 tenta-

1945 3536 2158 3600 tionem,
2183 3532 2271 3586 sed
2297 3531 2458 3584 libera
2486 3547 2580 3584 nos
2611 3549 2642 3584 a
2663 3529 2800 3582 malo
2827 3525 3048 3596 (Matth.
3074 3541 3148 3590 vt,
3172 3523 3288 3593 2i).
3318 3523 3546 3578 Univer-

1943 3627 2024 3684 sis
2051 3625 2197 3681 enim
2226 3623 2316 3693 qni
2341 3625 2392 3677 in
2420 3622 2526 3676 ﬁde
2551 3629 2605 3676 et
2631 3621 2923 3675 dilectione
2953 3624 3296 3685 permanent,
3327 3613 3399 3669 ab
3430 3615 3547 3684 ipso

1948 3718 2186 3772 donatur
2209 3730 2279 3770 ne
2297 3714 2350 3769 in
2376 3714 2673 3770 tentatione
2699 3718 3049 3781 superentur,
3080 3716 3138 3761 ut
3159 3708 3246 3779 qui
3267 3705 3545 3778 gloriatur,

1949 3812 2006 3864 in
2034 3809 2258 3864 Domino
2279 3807 2526 3880 glorietur
2559 3806 2603 3877 (I
2633 3804 2751 3860 Cor.
2789 3819 2829 3868 ι,
2882 3803 2998 3873 5i).
3055 3801 3340 3870 lpsamque
3370 3811 3397 3849 ιι
3427 3800 3549 3870 glo-

1953 3903 2090 3959 riam
2120 3901 2310 3956 iisdem
2335 3901 2530 3972 quibus
2556 3915 2674 3954 eam
2703 3898 2966 3968 impertit,
2995 3894 3216 3950 ascribit
3245 3910 3260 3959 ;
3288 3902 3344 3948 ut
3367 3909 3551 3960 quam~

1957 3995 2037 4050 vis
2063 3993 2266 4048 auxilio
2298 3993 2388 4047 Dei
2418 3992 2685 4056 steterint,
2717 3998 2918 4056 tamen,
2955 3986 3080 4057 quia
3106 3987 3156 4040 in
3194 3999 3254 4041 se
3282 3984 3554 4040 habebant

1955 4085 2103 4140 unde
2132 4084 2408 4150 caderent,
2445 4083 2685 4154 ipsorum
2713 4082 2786 4137 sit
2815 4079 3069 4136 meritum
3093 4077 3237 4149 quod
3258 4085 3550 4133 steterunt.

1958 4178 2124 4249 Igitur
2140 4178 2281 4231 sicut
2307 4177 2399 4247 qui
2429 4175 2799 4242 crediderunt,
2851 4174 3106 4243 juvantur
3136 4182 3192 4227 ut
3225 4173 3279 4227 in
3302 4171 3405 4226 ﬁde
3433 4187 3554 4226 ma-

1960 4279 2164 4335 neant;
2198 4270 2278 4324 sic
2299 4278 2353 4324 et
2372 4269 2462 4339 qui
2488 4268 2724 4322 nondum
2755 4265 3138 4330 crediderunt,
3183 4265 3441 4334 juvantur
3492 4273 3552 4319 ut

1959 4365 2206 4421 credant.
2239 4363 2485 4434 Et917
2509 4359 2963 4432 quemadmodum
2997 4359 3072 4413 illi
3121 4358 3173 4412 in
3230 4373 3324 4412 sua
3356 4357 3557 4414 habent

1960 4466 2232 4528 potestate
2255 4464 2311 4510 ut
2337 4466 2552 4520 exeant,
2582 4455 2652 4508 ita
2671 4462 2727 4508 et
2751 4451 2838 4506 isti
2861 4452 2913 4506 in
2943 4467 3036 4507 sua
3064 4450 3266 4507 habent
3291 4460 3558 4522 potestate

1962 4565 2035 4606 ne
2061 4548 2296 4605 Veniant.
2329 4546 2523 4616 Fitque
2566 4544 2909 4601 manifestum
2939 4543 3081 4614 quod
3127 4545 3356 4600 diversis
3396 4556 3557 4613 atque

243 4647 534 4708 tenterque
554 4637 790 4706 dicebat,
819 4636 1136 4695 Potestatem
1179 4640 1338 4696 habeo
1388 4657 1578 4712 ponere
1617 4645 1846 4698 animam
1874 4646 1934 4708 Β
1958 4642 2264 4700 innumeris
2285 4639 2461 4696 modis
2491 4655 2663 4694 omnes
2686 4638 2918 4693 homines
2936 4637 3040 4691 vult
3062 4637 3202 4692 Deus
3215 4635 3382 4691 salvos
3415 4636 3549 4704 ﬁeri,

241 4745 435 4796 meam,
468 4737 516 4784 et
545 4739 843 4801 potestatem
870 4729 1030 4788 habeo
1050 4735 1233 4788 iterum
1260 4732 1278 4770 τ
1303 4751 1503 4790 sumere
1526 4751 1638 4789 eam
1659 4735 1840 4809 (Joan.

323 4877 350 4938 ει
382 4865 481 4922 ιιι.
509 4864 863 4937 Camberon.,
890 4869 1046 4938 Quia.

321 4937 352 4978 ι
383 4939 484 5013 Ms.
532 4939 824 5013 Jolieusis,
861 4944 1200 5013 expostulavit
1239 4953 1292 4997 ut
1332 4961 1418 5001 vos
1437 4946 1703 5002 cribraret.
1737 4948 1836 5003 Ms.
1889 4953 1894 4957 ’

243 5009 477 5084 Calain,
505 5012 780 5084 postulauit
801 5022 859 5066 ut
893 5009 980 5067 vos
1019 5017 1282 5070 cribraret.
1327 5016 1404 5070 De
1436 5032 1566 5072 voce
1589 5030 1840 5084 cerneret,

242 5082 793 5160 quamdtabentediti
821 5085 991 5160 n0stri
1023 5095 1078 5160 et
1103 5086 1318 5160 Leonis,
1353 5089 1471 5160 vide
1502 5101 1664 5160 supra
1715 5082 1840 5160 pag.

245 5155 388 5219 885,
420 5153 475 5208 in
500 5163 624 5230 nota
645 5153 713 5230 C_.
740 5154 886 5210 Idem
926 5153 1116 5212 Camb.
1150 5165 1206 5212 et
1230 5156 1425 5212 Leonis
1449 5153 1616 5214 editio
1638 5153 1841 5230 roqat'e,

243 5239 358 5296 pro
377 5240 528 5296 roga,
553 5225 605 5279 in
627 5224 766 5280 aliis.

329 5306 359 5369 ξ
393 5295 523 5369 Mss.
551 5296 876 5369 Cantheron.
898 5309 954 5354 et
981 5298 1116 5369 Jo_l.,
1142 5300 1240 5354 nisi
1262 5316 1355 5369 pro
1407 5318 1486 5355 ea.

327 5362 359 5405 ⁸
381 5367 531 5422 Alias
552 5367 607 5422 in
627 5364 832 5436 Leone,
863 5378 918 5425 et
943 5370 1001 5426 in
1023 5362 1214 5428 Colon.
1252 5362 1388 5427 edit.
1425 5372 1706 5444 Prosperi,
1735 5390 1849 5428 mu-

245 5449 491 5594 niﬁco“!
513 5507 646 5575 ³⁰¹οο
666 5513 780 5583 ei“
792 5512 901 5594 fili.
925 5513 1130 5571 Deinde
1157 5515 1315 5585 alias,
1355 5517 1682 5572 moriturum.
1714 5516 1850 5575 Leo-

239 5581 346 5639 nia
371 5580 530 5646 edin.
555 5580 994 5639 commariturum.

330 5651 354 5691 ί
390 5651 492 5708 lis.
520 5651 797 5718 Joliensis,
820 5658 1058 5712 sumendi
1078 5674 1216 5714 eam.

328 5735 361 5774 ι
383 5723 630 5798 Sicmss.
651 5724 978 5798 Camberon.
1004 5739 1060 5785 et
1084 5732 1214 5798 Jol.,
1239 5740 1294 5788 et
1314 5731 1509 5788 Leonis
1533 5731 1717 5790 editio.
1741 5733 1845 5790 No-

235 5799 362 5874 uri
386 5795 604 5874 codices
622 5797 831 5874 excusi,
859 5815 973 5874 vere
1008 5795 1252 5874 perfecta.

337 5864 530 5926 ’Editi
565 5865 934 5938 Presperiaui,
983 5864 1046 5928 a'b
1090 5864 1357 5934 insidianti
1402 5879 1656 5948 superbia.
1717 5878 1845 5936 Mss.

606 5971 882 6034 Peritos"
927 5967 1030 6034 LI.

2028 5872 2070 5925 λι
2103 5874 2279 5934 Editio
2302 5872 2496 5934 Leonis
2525 5874 2788 5945 Operum,
2813 5878 3100 5931 victoriam.

1963 4751 2013 4796 et
2052 4741 2106 4794 in
2143 4738 2456 4810 agnitionem
2491 4735 2711 4791 veritatis
2747 4736 2914 4790 venire
2961 4733 3013 4806 (I
3062 4731 3194 4788 Tim.
3232 4748 3290 4802 ιι,
3327 4731 3377 4801 ι)
3407 4745 3423 4798 ;
3457 4731 3552 4786 sed

1955 4877 2148 4932 Camb.
2178 4883 2232 4932 et
2257 4875 2363 4934 Jol.
2392 4884 2445 4930 et
2471 4875 2582 4930 Leo
2616 4882 2677 4930 ut
2705 4888 2890 4944 supra.

2038 4948 2055 4986 ί
2085 4948 2184 5003 Ms.
2210 4946 2315 5012 Jol.
2338 4956 2488 5006 caret
2511 4960 2663 5012 voce,
2697 4949 2912 5000 sanctis.

2035 5021 2050 5070 i
2092 5018 2222 5074 les.
2242 5010 2432 5074 Camb.
2458 5027 2514 5073 et
2541 5010 2674 5082 Jul.’,
2707 5018 2962 5087 aufertur.

2035 5092 2061 5128 κ
2089 5089 2233 5144 Editi
2278 5089 2547 5160 Prosperi,
2582 5080 2822 5143 decertet.
2869 5086 2996 5140 Mss.
3041 5080 3230 5138 Camb.
3264 5091 3318 5137 et
3345 5080 3451 5138 Jol.
3495 5097 3554 5140 ac

1959 5160 2094 5226 Leo,
2121 5162 2403 5218 decertent.

2043 5223 2236 5288 l'Alias
2259 5232 2464 5290 excusi.
2485 5232 2594 5300 ipse
2619 5229 2884 5283 Dominus.
2914 5227 3046 5283 Mss.
3066 5223 3254 5281 Camb.
3277 5231 3334 5282 et
3359 5224 3472 5282 Jol.
3504 5237 3560 5284 ct

1967 5304 2102 5361 edit.
2131 5304 2349 5372 Leonis,
2384 5303 2484 5374 ipsi
2508 5301 2784 5374 Dominus.

2041 5385 2082 5413 ω
2109 5375 2206 5430 Ms.
2235 5372 2512 5439 Julietisis,
2547 5372 2768 5425 dicebat.

2041 5455 2070 5483 υ
2091 5447 2193 5502 Ms.
2224 5444 2499 5508 Joliensis,
2529 5453 2585 5496 ut
2609 5442 2716 5495 viro
2747 5441 2985 5514 martyrii
3009 5439 3304 5514 avidissimo
3343 5442 3560 5514 adeptu-

1966 5535 2028 5574 το
2054 5518 2257 5588 quidem
2285 5516 2671 5588 denuntiaretur
2710 5513 2924 5588 victoria
2944 5512 3231 5588 passionis.

2046 5582 2077 5625 ό
2098 5588 2171 5644 ita
2193 5601 2322 5644 mss.
2346 5585 2534 5640 Camb.
2563 5595 2617 5640 et
2643 5582 2750 5639 Jol.
2793 5597 2914 5639 cum
2941 5582 3074 5641 Leo.
3115 5583 3245 5651 Alii,
3277 5584 3559 5652 provectis-

1970 5677 2140 5715 31m“.

2043 5743 2070 5781 ι»
2099 5731 2228 5787 Mss.
2248 5725 2433 5784 Camb.
2469 5736 2522 5784 et
2546 5726 2652 5784 Jol.
2683 5736 2736 5784 et
2767 5726 3000 5802 antiqua:
3031 5728 3226 5786 Leonis
3269 5724 3556 5789 editiones,

1962 5806 2180 5874 inferas.

3044 5966 3121 6024 2'3
