4014 6348
468 285 574 342 715

1100 283 1157 339 S.
1202 281 1540 338 PROSPERI
1582 278 1911 348 AQUITANI
1949 277 2177 333 OPEBA
2216 274 2547 331 INCERI‘IE
2587 274 3117 341 AUGTORITATIS.

3656 277 3769 339 Ὶίβ

469 396 561 466 qui
617 394 860 462 veniunt,
914 394 1008 449 Dei
1065 394 1269 449 auxilio
1312 394 1655 464 diriguntur;
1714 390 1805 463 qui
1836 407 1943 447 non
1972 393 2143 454 ve-A
2169 407 2291 447 nem
2320 390 2413 462 qui
2454 392 2636 447 salvus
2672 390 2769 458 tit,
2811 378 3009 463 quique
3053 393 3106 453 in
3147 391 3474 463 agnitionem
3514 392 3767 463 veritatis

467 487 646 556 nium,
674 500 770 543 sua
800 486 1092 557 pertinacia
1120 487 1477 542 reluctantur.

1035 597 1267 653 CAPUT
1308 596 1500 654 XXIX.

470 690 754 755 Promissio
782 690 1162 765 benedictionis
1201 690 1428 765 omnium
1460 690 1693 765 gentium
1734 704 1807 747 tta
1828 692 2066 765 comple-

540 774 625 817 tur
652 763 909 832 quotidie,
951 772 1005 815 ut
1033 778 1124 817 nec
1152 762 1482 833 pereuntibus
1511 762 1575 815 sit
1609 763 1869 817 excusatio
1886 762 2062 832 justo,

541 851 632 890 nec
650 836 859 891 saluati:
888 834 953 889 de
973 850 1069 888 sua
1087 835 1295 904 justitio
1312 834 1578 903 gloriatio.

528 955 799 1023 'Quamvis
844 963 870 993 ι
919 954 1063 1008 enim
1113 952 1266 1007 multi
1316 963 1563 1009 amantes
1610 954 1863 1009 tenebras
1908 969 2061 1023 suas,

468 1046 815 1117 splendorem
845 1060 953 1101 non
979 1046 1246 1115 recipiant
1272 1046 1536 1114 veritatis,
1570 1057 1621 1100 et
1654 1046 1807 1101 multi
1831 1048 1921 1117 qui
1947 1047 2067 1101 illu-

473 1138 661 1192 minati
689 1139 921 1204 fuerant,
952 1137 1356 1203 tenebrescant,
1389 1136 1599 1191 verbum
1621 1146 1797 1194 tamen
1831 1139 1927 1192 Dei
1958 1155 2069 1193 ma-

472 1242 556 1284 net
586 1232 639 1285 in
664 1240 914 1287 atemum
942 1230 1078 1299 (lsa.
1104 1246 1193 1295 XL,
1224 1230 1301 1300 8),
1327 1238 1381 1284 et
1408 1230 1475 1286 de
1514 1231 1887 1297 promissionis
1927 1231 2069 1287 veri-

470 1334 579 1379 tate
606 1324 745 1379 nihil
775 1324 998 1379 excidit.
1024 1323 1196 1378 lntrat
1219 1324 1458 1394 quotidie
1484 1325 1727 1393 praescita
1754 1335 1805 1379 et
1837 1324 2066 1394 promis-

470 1430 527 1471 sa
561 1418 800 1487 gentium
842 1415 1160 1484 plenitudo,
1195 1424 1248 1471 et
1291 1415 1343 1471 in
1388 1414 1619 1471 Abrahae
1660 1417 1865 1470 semine
1891 1415 2066 1471 omnis

471 1525 634 1581 gens,
666 1512 842 1565 omnis
879 1511 1076 1579 tribus,
1104 1509 1283 1564 omnis
1314 1508 1493 1580 lingua
1522 1509 1878 1565 benedicitur.
1912 1510 2063 1578 Quod

470 1604 615 1657 enim
656 1601 821 1657 Pater
864 1602 1002 1657 Filio
1044 1600 1215 1667 dedit,
1261 1600 1429 1657 Filius
1459 1616 1565 1656 non
1614 1602 1842 1665 amittit,
1893 1618 2065 1674 neque

471 1693 755 1764 quisquam
782 1703 961 1762 potest
985 1693 1054 1747 de
1083 1707 1248 1747 manu
1277 1692 1395 1762 ejus
1418 1690 1447 1730 δ
1474 1706 1666 1762 rapere
1694 1693 1835 1760 quod
1858 1695 2066 1765 accepit

2166 486 2337 549 venit,
2370 484 2462 541 Dei
2510 485 2706 541 auxilio
2736 485 2910 555 iuvari
2940 494 2994 540 et
3036 486 3178 555 regi,
3210 494 3378 559 utque
3412 485 3469 557 in
3506 483 3616 541 ﬁde
3643 500 3768 556 qua:

2166 593 2257 650 per
2287 579 2611 633 dilectionem
2642 588 2883 651 operatur
2911 574 3061 652 (Gai.
3091 593 3147 641 v,
3181 574 3259 647 6),
3294 586 3631 652 permaneat,
3662 592 3766 632 cu—

2167 670 2382 726 stodiri.
2418 671 2602 727 Tertia
2634 686 2763 726 vero
2802 678 3167 741 temperanter
3192 681 3245 726 et
3270 668 3451 725 sobrie
3491 679 3766 740 protesta-

2169 771 2276 831 tur,
2324 778 2428 818 non
2459 779 2675 819 omnem
2706 763 3005 821 voluntatis
3038 763 3137 821 Dei
3175 761 3569 833 comprehendi
3602 778 3768 831 posse

2166 857 2457 924 rationem,
2484 869 2537 912 et
2555 857 2749 917 multas
2767 856 3071 913 divinorum
3096 871 3323 925 operum
3345 870 3541 919 causas
3565 856 3637 910 ab
3656 854 3767 925 hq-

2168 962 2327 1003 mana
2381 948 2740 1019 intelligentia
2767 963 2889 1005 esse
2918 947 3256 1005 subductas»:
3290 956 3350 1005 ut
3381 963 3506 1005 etim
3536 947 3594 1003 in
3626 958 3771 1005 tem-

2158 1030 2424 1112 poribus,
2467 1043 2519 1095 in
2551 1041 2893 1105 nationibus,
2928 1041 2980 1097 in
3023 1040 3275 1109 familiis,
3310 1043 3361 1097 in
3392 1045 3639 1112 parvulis
3662 1084 3677 1106 ,
3711 1044 3766 1097 in

2168 1135 2406 1191 nomium
2440 1136 2579 1190 natis
2608 1133 2632 1172 ί
2659 1143 2714 1192 et
2742 1134 2970 1204 geminis
2997 1133 3248 1207 quaedam
3275 1142 3365 1189 aut
3391 1136 3541 1192 varie
3560 1146 3653 1191 aut
3675 1136 3767 1191 in-

2169 1227 2394 1299 signiter
2423 1238 2573 1299 gesta
2603 1235 2920 1293 noscuntur,
2962 1244 3068 1282 non
3099 1227 3432 1298 ambiganius
3463 1244 3529 1285 ea
3559 1245 3627 1285 ex
3659 1224 3769 1284 illis

2168 1334 2290 1376 esse
2328 1336 2447 1391 quae
2484 1320 2664 1389 justus
2711 1328 2764 1375 et
2801 1320 3113 1375 misericors
3155 1318 3301 1375 Deus
3343 1318 3396 1375 in
3437 1320 3541 1376 hoc
3589 1331 3772 1377 trans.

2169 1412 2315 1467 ituro
2345 1412 2550 1467 saeculo
2580 1412 2755 1467 noluit
2774 1410 2925 1466 sciri.
2953 1411 3106 1479 Quod
3134 1411 3351 1482 quidem
3386 1412 3453 1468 ad
3475 1413 3769 1469 utilitatem

2171 1515 2412 1560 nostram
2452 1505 2775 1575 dispositum
2819 1506 3161 1562 sentiendum
3216 1517 3337 1562 est:
3369 1516 3426 1561 ut
3468 1508 3767 1578 quoniam.

2170 1605 2196 1644 ι
2216 1614 2307 1668 spe
2335 1598 2465 1651 salui
2491 1599 2614 1669 {acti
2633 1613 2807 1652 sumus
2832 1597 3008 1668 (Rom.
3035 1614 3151 1664 vm,
3175 1596 3293 1668 24),
3328 1598 3415 1653 cui
3436 1602 3773 1671 praeparavit

2167 1688 2313 1745 Deus
2336 1691 2475 1759 quod
2506 1695 2684 1745 oculus
2715 1707 2817 1745 non
2840 1691 2965 1745 vidit
2985 1733 2997 1757 ,
3034 1708 3125 1748 nec
3156 1693 3299 1749 auris
3337 1692 3557 1759 audiuit,
3587 1711 3678 1748 nec
3714 1694 3771 1749 in

475 1784 656 1855 (Joan.
695 1800 771 1850 vt,
801 1786 893 1852 39,
935 1795 983 1840 et
1008 1802 1076 1852 ι,
1107 1785 1223 1858 29).
1265 1784 1503 1839 Firmum
1551 1786 1943 1859 fundamentum
1972 1787 2066 1841 Dei
2095 1789 2144 1849 B
2170 1797 2258 1836 cor
2281 1782 2500 1837 hominis
2540 1784 2767 1839 ascendit
2808 1782 2865 1853 (l
2895 1782 3014 1838 Cor.
3044 1800 3103 1851 tt,
3134 1783 3228 1855 9);
3270 1784 3409 1840 sicut
3451 1796 3774 1843 constanter

472 1888 572 1933 stat
596 1880 672 1951 (ll
707 1878 842 1936 Tim.
865 1895 934 1948 ιι,
967 1880 1091 1952 i8),
1124 1890 1178 1936 et
1225 1881 1465 1936 mansuri
1498 1879 1552 1935 in
1583 1890 1846 1935 aeternum
1880 1880 2062 1950 templi

473 1973 759 2030 aedificatio
787 1991 893 2031 non
925 1976 1171 2041 vacillat,
1207 1986 1468 2046 praetenta
1506 1992 1669 2046 super
1712 1990 1900 2031 omnes
1929 1976 2067 2030 veri-

471 2076 583 2123 tate
612 2078 665 2122 et
699 2069 1069 2124 misericordia
1104 2068 1233 2135 Dei;
1276 2085 1304 2123 a
1347 2086 1456 2140 quo
1484 2070 1629 2139 quod
1660 2080 1713 2123 et
1742 2069 1941 2124 nemini
1974 2083 2067 2123 ne-

470 2170 645 2229 gatur,
679 2171 733 2214 et
760 2161 891 2215 nulli
931 2160 1182 2227 debetur,
1221 2162 1277 2217 in
1319 2162 1385 2217 iis
1422 2177 1559 2233 quos
1596 2162 1844 2231 promisit
1896 2159 2068 2214 emci-

475 2263 581 2306 tur.
628 2250 749 2321 Ipse
797 2254 939 2306 enim
983 2266 1226 2325 cperatur
1272 2256 1446 2309 omnia
1486 2256 1542 2309 in
1580 2255 1814 2307 omnibus
1854 2251 1911 2325 (ι
1943 2250 2063 2307 Cor.

477 2361 567 2411 xu,
600 2347 693 2415 6),
719 2348 814 2402 sed
851 2348 1030 2402 omnia
1080 2348 1435 2419 proculdubio
1472 2350 1617 2418 justa
1647 2359 1701 2404 et
1732 2349 1891 2404 bona.
1934 2346 2067 2402 Uni-

472 2457 628 2495 versae
657 2442 799 2496 enim
828 2442 923 2497 vita
951 2440 1165 2507 Domini
1208 2443 1561 2497 misericordia
1592 2452 1637 2496 et
1672 2442 1861 2495 ueritas
1892 2438 2065 2510 (Psal.

475 2551 618 2601 xxiv,
646 2536 756 2607 10).
788 2536 889 2605 Qui
916 2536 1055 2592 sicut
1078 2538 1349 2607 prtescivit
1369 2546 1494 2593 ante
1519 2539 1737 2601 saecula,
1767 2547 1964 2606 quanta
1989 2547 2069 2592 to-

474 2631 579 2686 tius
626 2631 813 2686 mundi
872 2632 1153 2687 hominum
1209 2632 1499 2687 multitudo
1556 2634 1642 2687 vel
1691 2630 2069 2686 communibus

480 2731 500 2761 ¢
518 2736 609 2777 usa
632 2723 809 2791 donis,
829 2724 912 2779 vel
936 2724 1260 2795 specialibus
1278 2723 1462 2794 adjuta
1486 2722 1773 2793 praesidiis,
1790 2723 2071 2778 declinans

476 2831 654 2874 tamen
683 2821 750 2875 ab
788 2821 985 2875 itinere
1020 2821 1268 2876 veritatis
1304 2830 1359 2875 et
1388 2820 1540 2885 vitae,
1584 2820 1891 2891 ingressura
1927 2827 2072 2873 esset

473 2912 811 2967 latitudinem
836 2914 1039 2968 erroris
1074 2923 1130 2968 et
1159 2914 1351 2968 mortis
1380 2931 1394 2965 :
1428 2912 1503 2967 ita
1526 2927 1741 2982 semper
1775 2910 2073 2982 prtecogni-

475 3014 584 3059 tum
635 3003 820 3060 habuit
873 3014 1109 3076 quantus
1162 3006 1372 3075 piorum
1425 3020 1690 3060 numerus
1758 3020 1856 3076 per
1908 3018 2068 3074 opem

474 3096 657 3165 gratiae
712 3107 766 3152 et
820 3113 913 3167 per
955 3098 1271 3153 servitutem
1308 3098 1632 3153 obedientiae
1682 3097 1748 3151 ad
1808 3105 2067 3151 mternam

474 3186 866 3243 beatitudinem
928 3189 1279 3259 pertineret:
1336 3198 1394 3244 ut
1452 3189 1603 3245 nullo
1654 3187 1939 3244 excidente
2003 3186 2072 3243 de

474 3280 809 3347 plenitudine
846 3280 1272 3349 promissorum,
1314 3282 1404 3351 qui
1454 3296 1554 3336 nec
1591 3278 1617 3316 ἀ
1655 3290 1914 3350 provectu
1955 3289 2071 3335 erat

475 3370 766 3443 fallendus,
801 3388 901 3429 nec
921 3374 1124 3430 auxilio
1145 3374 1450 3439 defuturus,
1486 3388 1582 3429 eos
1607 3374 1937 3443 gloriﬁcaret
1962 3388 2070 3443 prae

472 3465 722 3519 omnibus
747 3480 881 3536 quos
903 3465 1069 3538 elegit
1096 3482 1163 3522 ex
1192 3467 1463 3521 omnibus.
1496 3464 1851 3521 Universitati
1872 3466 2070 3535 quippe

470 3555 785 3619 hominum.
828 3558 968 3626 quod
1008 3558 1221 3615 abunde
1262 3558 1642 3628 probavimus,
1690 3558 1759 3613 ita
1789 3558 2068 3628 multiplex

473 3657 633 3721 atque
651 3649 936 3708 ineti‘abilis
970 3652 1181 3707 bonitas
1204 3652 1297 3707 Dei
1325 3652 1595 3708 consuluit
1623 3667 1836 3724 semper
1858 3660 1912 3706 et
1940 3667 2066 3707 con-

472 3744 636 3810 sulit,
670 3755 725 3799 ut
757 3760 934 3816 neque
977 3745 1069 3801 ulli
1103 3746 1447 3815 pereuntium
1498 3746 1779 3801 excusatio
1820 3754 2070 3815 suppetat

471 3835 538 3892 de
579 3837 848 3908 abnegato
891 3839 992 3893 sibi
1043 3839 1247 3894 lumine
1283 3839 1528 3894 veritatis
1552 3880 1564 3903 ,
1602 3853 1780 3907 neque
1819 3838 2066 3908 cuiquam

469 3931 544 3985 sit
572 3929 801 3986 liberum
824 3930 891 3986 de
916 3949 1012 3987 sua
1039 3934 1249 4002 justitia
1276 3934 1492 4004 gloriari
1516 3950 1530 4000 ;
1558 3942 1755 3989 cumet
1786 3931 1904 3987 illos
1944 3946 2070 4002 pro-

474 4025 588 4092 pria
620 4026 859 4095 nequitia
890 4028 1166 4098 demergat
1193 4027 1259 4082 ad
1290 4042 1537 4097 poenam,
1572 4037 1628 4084 et
1659 4026 1793 4083 istos
1821 4025 1917 4082 Dei
1946 4041 2068 4098 gra-

456 4114 542 4168 uia
578 4117 839 4184 perducat
865 4118 930 4173 ad
955 4120 1201 4187 gloriam.

954 4208 1120 4279 913
1147 4207 1374 4263 CAPUT
1402 4208 1573 4266 xxx.

748 4300 1001 4371 Repetitio
1023 4301 1176 4373 primi
1201 4302 1389 4372 capitis
1416 4303 1534 4357 libri
1552 4305 1785 4359 secundi.

544 4392 698 4461 Quod
721 4394 903 4463 itaque
936 4394 989 4449 in
1027 4395 1290 4464 principio
1321 4395 1548 4451 secundi
1585 4395 1744 4465 hujus
1777 4397 2067 4453 voluminis

474 4486 897 4555 insinuavimus,
932 4490 1036 4544 hoc
1077 4506 1218 4544 nunc
1252 4491 1446 4545 iterum
1489 4490 1935 4546 commendamus
1958 4533 1973 4558 ,
2006 4502 2066 4547 ut

2172 1875 2446 1931 credimus
2477 1876 2768 1932 videndum
2797 1877 2939 1947 quod
2985 1878 3223 1933 nondum
3254 1878 3504 1935 videmus
3524 1925 3538 1948 ,
3575 1883 3647 1936 ita
3676 1897 3773 1953 pa-

2170 1968 2370 2024 tienter
2401 1967 2426 2004 ¹ι
2468 1977 2848 2038 exspectemus
2886 1970 3297 2041 intelligendum
3330 1973 3476 2042 quod
3524 1976 3772 2031 nondum

2170 2057 2542 2129 intelligimus.
2572 2058 2628 2114 Si
2657 2075 2788 2130 ergo
2827 2069 3006 2118 cesset
3043 2061 3303 2119 insidiosa
3342 2064 3693 2135 malignitas,
3728 2069 3775 2124 si

2171 2151 2417 2205 insolens
2449 2153 2801 2222 praesumptio
2845 2154 3236 2225 conquiescat,
3266 2157 3350 2211 his
3381 2169 3554 2228 recte,
3592 2170 3649 2213 ut
3678 2175 3773 2216 ar-

2171 2240 2369 2307 bitror,
2396 2241 2413 2278 ί
2444 2245 2815 2314 pertractatis,
2835 2246 3038 2303 nullius
3067 2257 3314 2318 superest
3336 2264 3495 2304 causa
3516 2251 3775 2306 certami-

2171 2333 2292 2399 nis,
2324 2348 2503 2403 neque
2546 2335 2688 2389 ultra
2720 2351 2947 2394 necesse
2987 2346 3073 2394 est
3119 2354 3219 2395 nos
3262 2339 3774 2399 interminabilibus

2171 2427 2565 2499 quaestionibus
2589 2427 2867 2498 occupari.

2749 2584 2977 2641 CAPUT
3006 2586 3178 2643 XXXI

2174 2699 2425 2775 t)m_ni_ltus
2452 2700 2654 2775 steculis
2680 2700 2892 2775 afuisse
2917 2701 3149 2757 omnibus
3169 2701 3462 2775 hominibus
3484 2706 3775 2775 generalem

2242 2770 2702 2899 Dzirbonitatem;
2762 2772 2855 2828 sed
2900 2781 3097 2827 uatum
3144 2774 3411 2830 solvendis
3460 2770 3777 2845 peculiarem

2241 2860 2301 2915 gr
2361 2860 2483 2899 tam.

2246 2975 2604 3031 Elaboratum
2628 2986 2709 3031 est
2741 2975 2910 3040 enim,
2955 2983 3221 3047 quantum
3246 2974 3510 3032 Dominus
3529 2976 3771 3046 adjuvit,

2172 3076 2235 3123 ut
2264 3082 2373 3123 non
2415 3068 2595 3123 solum
2643 3069 2697 3123 in
2741 3067 3054 3123 novissimis
3088 3066 3323 3133 diebus,
3363 3068 3453 3124 sed
3496 3068 3660 3123 etiam
3711 3069 3769 3124 in

2098 3169 2143 3231 C
2174 3164 2389 3220 cunctis
2422 3172 2575 3218 retro
2603 3161 2821 3217 saeculis
2861 3161 3183 3233 probaretur
3212 3160 3439 3232 gratiam
3467 3160 3565 3216 Dei
3588 3161 3777 3218 omni~

2175 3257 2277 3311 bus
2315 3254 2621 3310 hominibus
2651 3253 2871 3309 atl‘uisse
2892 3295 2908 3321 ,
2940 3253 3277 3324 providentia
3313 3254 3534 3325 quidem
3573 3253 3694 3324 pari
3721 3262 3779 3309 et

2174 3349 2419 3405 bonitate
2444 3349 2717 3420 generali;
2750 3348 2764 3398 i
2800 3348 2895 3403 sed
2937 3347 3260 3404 multimodo
3288 3363 3487 3420 opere,
3522 3346 3774 3403 diversa-

2174 3458 2281 3512 que
2310 3438 2568 3499 mensuh
2592 3459 2604 3494 :
2630 3442 2890 3513 quoniam
2917 3442 3032 3499 sive
3054 3441 3289 3508 occulte,
3318 3442 3433 3497 sive
3462 3441 3775 3511 manifeste,

2174 3538 2292 3610 ipse
2322 3548 2439 3604 est,
2478 3547 2537 3593 ut
2576 3538 2872 3609 Apostolus
2912 3539 3018 3606 ait,
3068 3538 3311 3596 Salvator
3348 3539 3578 3595 omnium
3607 3539 3779 3594 Itami-

2174 3647 2328 3695 num,
2358 3630 2583 3685 maxime
2610 3629 2841 3700 ﬁdelium
2870 3630 2912 3703 (l
2938 3630 3074 3685 Tim.
3130 3646 3204 3699 tv,
3242 3632 3355 3703 10).
3388 3632 3519 3701 Quae
3555 3641 3778 3686 senten-

2172 3725 2245 3778 tia
2276 3724 2650 3779 subtilissimte
2691 3723 2975 3779 brevitatis
3002 3732 3058 3780 et
3094 3724 3411 3780 validissimi
3457 3723 3675 3780 roboris
3728 3724 3779 3777 si

2174 3818 2470 3887 tranquillo
2518 3818 2899 3875 consideretur
2956 3819 3183 3895 intuitu,
3233 3828 3399 3875 totam
3442 3818 3585 3874 banc
3629 3815 3659 3855 ι
3708 3818 3780 3872 de

2172 3926 2277 3980 qua
2322 3910 2533 3982 agimus
2574 3911 3005 3966 controversiam
3044 3912 3211 3985 919
3256 3910 3485 3965 dirimit.
3531 3907 3780 3965 Dicenda

2172 4004 2345 4069 enim,
2381 4004 2483 4070 Qui
2512 4013 2587 4058 est
2616 4003 2860 4060 Salvator
2888 4006 3117 4058 omnium
3149 4004 3413 4057 hominum
3435 4044 3448 4067 ,
3478 4000 3776 4057 conﬁrma~

2170 4096 2251 4151 vit
2271 4096 2571 4152 bonitatem
2605 4096 2699 4152 Dei
2732 4111 2894 4166 super
2934 4096 3218 4151 universos
3249 4093 3500 4149 homines
3521 4106 3648 4147 esse
3680 4106 3779 4162 ge—

2171 4190 2436 4246 neralem.
2467 4187 2791 4260 Adjiciendo
2824 4196 3029 4253 autem,
3056 4188 3279 4241 maxime
3302 4186 3558 4255 ﬁdelium,
3586 4192 3781 4238 osten-

2171 4284 2401 4339 ditesse
2439 4293 2646 4354 partem
2676 4284 2892 4353 generis
2933 4281 3150 4336 humani
3199 4296 3317 4351 quae
3344 4323 3359 4348 ,
3403 4280 3597 4334 merito
3646 4278 3778 4333 tidei

2172 4378 2435 4433 divinitus
2464 4378 2774 4447 inspiratus,
2811 4377 2876 4432 ad
2911 4390 3179 4431 summam
3201 4383 3362 4445 atque
3394 4383 3654 4429 sternam
3685 4387 3748 4428 sa

2172 4470 2339 4525 lutem
2368 4471 2695 4541 specialibus
2712 4468 2996 4525 beneﬂciis
3023 4467 3355 4539 provehatur
3402 4464 3555 4533 Quod
3584 4465 3779 4531 utique

472 4595 593 4635 cum
622 4580 689 4636 de
712 4581 896 4652 gratiae
936 4580 1300 4652 profunditate
1331 4590 1385 4636 et
1417 4582 1697 4638 altitudine
1738 4556 2063 4654 diSputatur,

2178 4564 2321 4617 nulla
2356 4562 2643 4631 iniquitate
2666 4562 2846 4634 agitur
2873 4560 3158 4631 iustissimi
3185 4567 3242 4615 et
3270 4556 3778 4615 misericordissimi

476 4682 499 4710 ο
522 4674 691 4729 tribus
717 4675 823 4730 illis
863 4675 1231 4731 saluberrimis
1260 4688 1314 4731 et
1343 4676 1706 4733 veraeissimis
1730 4676 2061 4733 deﬁnitioni-

470 4765 570 4822 bus
591 4768 759 4822 simus
788 4769 976 4823 innixi.
1004 4770 1242 4835 Quarum
1274 4784 1377 4824 una
1407 4770 1694 4840 proﬁtetur
1718 4778 1981 4827 aeternum
2010 4781 2066 4825 et

470 4860 745 4929 proprium
774 4860 971 4916 divinae
1014 4876 1135 4919 esse
1174 4862 1465 4927 bonitatis,
1508 4871 1565 4918 ut
1594 4879 1784 4919 emes
1813 4864 2063 4921 homines

470 4951 650 5005 salvos
679 4951 794 5007 ﬁeri
828 4953 989 5018 velit,
1023 4962 1079 5007 et
1116 4954 1169 5007 in
1212 4954 1540 5023 agnitionem
1594 4955 1834 5010 veritatis
1873 4957 2060 5010 venire

469 5042 509 5109 (Ι
547 5040 681 5099 Tim.
728 5059 796 5110 ιι,
824 5042 928 5116 4);
976 5046 1077 5102 alia
1108 5048 1269 5101 simul
1308 5047 1598 5117 praedicat.
1641 5063 1854 5104 omnem
1886 5050 2061 5103 homi-

538 5202 731 5273 f'Editi
756 5204 916 5273 alias,
933 5213 1125 5257 autem.
1142 5204 1265 5259 Mss.
1284 5205 1472 5259 Camb.
1489 5216 1538 5259 et
1557 5204 1731 5260 Jol.et
1750 5204 1877 5273 Leo,
1898 5206 2054 5261 enim.

534 5270 561 5309 δ
590 5272 924 5346 biss._Camb.
955 5285 1005 5329 et
1024 5275 1157 5336 Jol.,
1180 5293 1379 5343 rapere.
1403 5276 1530 5341 Alii,
1552 5278 1772 5346 eripere.

537 5352 559 5415 εξ
719 5343 993 5415 ,[οιὶεηεῆε,
1028 5348 1208 5415 adjula
1240 5342 1411 5403 donis.

532 5410 557 5446 ά
588 5412 689 5489 iis”.
716 5412 994 5489 _Jo|_iensis,
1024 5410 1298 5489 proventu.

534 5492 558 5563 ξ
582 5482 766 5563 Εάὶιίο
795 5482 1224 5563 ιθρηὶξ,’ρνὶιῃὶξ
1249 5488 1374 5563 illis.

536 5550 667 5625 (Sic
692 5569 820 5609 mss.
850 5550 1113 5613 Cambfet
1138 5560 1243 5615 Jol.
1274 5575 1337 5613 ac
1369 5558 1499 5615 Leo.
1529 5559 1660 5625 Alii,
1692 5570 1747 5615 et
1767 5559 1895 5616 olim
1911 5559 2053 5616 Leo-

460 5623 542 5677 nis
567 5624 692 5701 libri
718 5634 810 5701 ,_ct
840 5630 1038 5701 genitis.
1084 5628 1224 5683 lnl'ra
1248 5628 1409 5695 editi,
1449 5648 1551 5685 non
1583 5623 1924 5701 ambigimus;
1954 5631 2047 5686 ubi

460 5694 748 5775 nunxfitati
777 5694 1009 5775 codices,
1042 5716 1140 5775 non
1166 5694 1506 5775 ambiganws.
1538 5701 1603 5758 Et
1623 5694 1797 5760 adhuc
1822 5694 2047 5758 interius

458 5766 559 5821 ihs.
581 5763 792 5831 Curtii»,
827 5769 1141 5839 transitoria,
1175 5786 1273 5840 pro
1302 5763 1604 5831 Transituro.

2177 4655 2293 4723 Dei,
2321 4654 2477 4724 cuius
2497 4652 2761 4724 judicium
2793 4654 2847 4709 in
2880 4654 2964 4710 his
2994 4650 3490 4726 dispensationibus
3515 4663 3621 4705 non
3647 4664 3776 4704 cum

2174 4747 2486 4817 arrogantia
2512 4744 2946 4813 discutiendum,
2989 4745 3085 4803 sed
3125 4759 3247 4801 cum
3276 4752 3514 4800 tremore
3550 4741 3779 4798 laudano

2173 4839 2301 4896 dum
2333 4848 2437 4897 est.

2734 4931 2965 4990 CAPUT
2996 4928 3215 4988 XXXII.

2173 5048 2322 5106 Inter
2360 5047 2538 5121 ﬁdeles
2568 5050 2736 5112 uarios
2764 5067 2873 5108 esse
2911 5049 3109 5124 gradus
3134 5065 3409 5111 munerum
3436 5046 3571 5115 Dei;
3616 5048 3725 5117 5qu
3747 5064 3777 5101 ε

2246 5216 2271 5253 ε
2302 5206 2431 5261 Mss.
2463 5204 2652 5280 Camb.
2692 5205 2893 5280 etgiol.
2914 5220 3037 5280 cum
3061 5206 3259 5280 Leone
3284 5206 3540 5280 supplent
3577 5221 3773 5263 vocem

2170 5279 2330 5338 hanc.
2356 5294 2465 5361 spe,
2482 5292 2616 5361 qlia:
2639 5276 2704 5361 in
2716 5277 2843 5361 aliis
2863 5277 3169 5335 deﬁciebat.
3194 5276 3533 5344 Leonidam,
3558 5280 3774 5350 quibus,

2167 5364 2267 5419 pro
2285 5346 2404 5405 cui:
2432 5346 2548 5420 spei
2577 5346 2840 5417 intelligo.

2239 5416 2268 5455 ³³
2301 5421 2397 5474 Ms.
2424 5420 2697 5485 Joliensis,
2732 5428 3103 5489 exspectamus.

2246 5490 2263 5533 ί
2298 5490 2398 5549 Ms.
2426 5491 2704 5555 Joliensis,
2736 5494 3050 5546 retractatis.

2238 5561 2254 5611 i
2287 5561 2389 5633 Ms.
2422 5563 2746 5633 (lamberon.
2768 5603 2783 5627 ,
2825 5558 3133 5620 multimoda
3168 5560 3773 5633 Μίκωνα.

2160 5628 2255 5687 Sic
2280 5631 2415 5685 alias
2438 5643 2491 5685 et
2520 5632 2573 5686 in
2610 5632 2811 5691 Leone.

2233 5696 2262 5739 κ
2287 5700 2452 5775 Editt,
2474 5701 2538 5763 de
2561 5686 2903 5775 quantum.
2938 5697 3039 5765 lit.
3067 5695 3331 5761 tolutim
3352 5710 3407 5760 at
3430 5686 3635 5760 Leonis
3658 5698 3781 5760 edi-

2155 5768 2262 5833 tio.
2279 5773 2504 5832 animus.

1852 5912 1879 5925 ,Α
1916 5899 2135 5928 ’κ’-’ω
2155 5915 2163 5927 .
2196 5904 2292 5935 res
