4014 6348
248 269 346 330 71⁵1

1134 269 1222 326 DE
1262 268 1650 326 VOCATIONE
1691 268 1954 325 OMNIUM
1996 267 2300 324 GENTIUM
2344 267 2542 324 LIBER
2589 271 2648 325 li.

3429 268 3532 327 718

315 403 420 460 non
443 403 510 443 ea:
547 385 740 443 meritis
769 402 943 443 eorum
966 429 981 455 ,
1014 386 1105 443 sed
1131 388 1275 460 justo
1309 398 1356 443 et
1402 387 1580 443 latenti
1631 383 1720 440 Dei
1748 391 1838 460 ju-
1867 390 1916 447 Α
1949 387 2295 456 praefuerunt.
2353 386 2420 440 At
2460 386 2550 439 alii
2597 382 2811 440 barbari
2832 383 2956 438 dum
2990 382 3249 439 Romanis
3275 367 3536 439 auxilian;

313 459 475 518 dicio.

317 573 601 646 Siquidem
647 575 699 630 in
731 575 864 646 ipsis
887 590 1098 645 quoque
1129 575 1367 632 fidelium
1412 573 1627 645 populis
1647 612 1662 637 ,
1692 572 1838 644 quod

242 667 349 740 jam
395 667 652 736 superius
700 677 978 722 ostensum
1007 676 1131 733 est,
1181 683 1286 721 non
1331 668 1520 722 eadem
1551 666 1836 730 omnibus,

237 774 342 815 nec
375 759 524 828 paria
547 757 920 826 conferantur,
946 767 1001 813 et
1027 770 1156 814 ante
1180 757 1290 813 ulla
1317 758 1676 814 humanorum
1705 771 1839 828 pon-

241 849 372 905 dera
397 851 743 920 meritorum,
774 851 1136 907 dissimillima
1156 851 1465 910 divinorum
1490 865 1742 906 mensura
1766 849 1840 906 sit

244 957 553 1000 mortem.
588 943 645 1000 Si
688 943 834 1000 enim
867 944 938 1000 de
977 954 1261 1016 parentum
1292 943 1590 1000 carnalium
1617 942 1836 1012 judiciis

241 1036 506 1108 conqueri
536 1053 646 1092 non
673 1036 958 1104 audemus,
991 1051 1120 1097 cum
1145 1036 1359 1106 aliquos
1389 1037 1528 1091 ﬁlios
1557 1051 1684 1091 suos
1711 1044 1835 1092 ante

241 1129 352 1186 ulla
385 1144 599 1188 merum
627 1131 902 1196 examina,
931 1142 1060 1186 ante
1084 1130 1266 1200 aliqua
1292 1130 1509 1200 pietatis
1539 1128 1831 1198 obsequia,

225 1221 640 1292 indulgentiore
665 1223 1072 1294 amplectuntur
1090 1223 1290 1280 alecto
1315 1240 1330 1291 ;
1365 1233 1392 1264 ι
1421 1230 1468 1280 si
1496 1224 1550 1280 in
1591 1224 1831 1280 dominis

235 1330 459 1388 quoque
484 1331 610 1387 erga
640 1317 873 1372 lamuios
901 1317 1074 1374 libera
1103 1328 1188 1373 est
1211 1315 1528 1387 dispositio,
1560 1331 1662 1373 nec
1683 1317 1832 1386 iuste

233 1421 264 1464 a
293 1423 576 1480 quoquam
600 1409 1050 1478 reprehenditur,
1076 1409 1171 1481 qui
1211 1410 1280 1464 de
1313 1410 1475 1464 unius
1503 1409 1832 1466 conditionis

233 1503 444 1561 familia
473 1505 740 1574 quosdam
767 1503 874 1558 sibi
912 1518 1049 1574 quos
1090 1503 1378 1573 benignius
1401 1502 1738 1568 honestaret,
1778 1512 1832 1559 et

218 1614 369 1668 equos
399 1597 428 1639 ³
453 1599 736 1655 liberalius
754 1597 1016 1664 erudiret,
1051 1597 1219 1670 elegit
1243 1615 1257 1651 :
1291 1597 1557 1668 numquid
1582 1597 1649 1654 de
1676 1612 1826 1652 sum-

234 1693 310 1748 mi
338 1692 523 1748 Patris
552 1702 605 1748 et
631 1692 748 1750 veri
779 1692 994 1748 Domini
1023 1693 1544 1749 benevolentissima
1572 1691 1829 1762 aequitate

1947 488 2049 545 tur,
2081 481 2223 551 quod
2263 480 2317 536 in
2361 480 2475 535 suis
2516 479 2652 534 locis
2691 493 2851 534 nosse
2881 493 2986 534 non
3017 486 3299 548 poterant,
3342 477 3396 532 in
3437 494 3536 532 no-

1944 573 2073 629 stris
2111 586 2134 612 ι’
2159 574 2406 630 didicere
2437 573 2776 645 regionibus,
2825 582 2884 628 et
2929 571 2996 626 ad
3041 573 3198 628 sedes
3239 586 3364 625 snas
3410 585 3533 626 cum

1941 665 2265 720 Christianae
2293 667 2576 737 religionis
2624 665 2642 704 ι
2693 664 3042 721 institutione
3083 674 3419 726 remearunt.
3459 662 3533 718 ita

1944 759 2078 814 nihil
2130 760 2398 817 obsistere
2445 760 2642 815 divinm
2682 759 2872 828 gratia:
2926 767 3105 828 potest
3144 758 3431 826 quominus
3480 755 3532 810 id

1940 853 2084 922 quod
2127 853 2365 906 voluerit
2410 853 2727 922 impleatur,
2761 850 2889 906 dum
2929 852 3096 907 etiam
3139 848 3430 906 discordiae
3466 849 3534 903 ad

1941 944 2200 1000 unitatem
2240 943 2495 1008 trahunt,
2525 953 2584 1001 et
2627 943 2800 1014 plaga:
2839 944 2894 1000 in
2937 941 3180 998 remedia
3219 948 3530 1008 vertuntur,

1938 1045 2000 1098 ut
2030 1036 2267 1095 Ecclesia
2296 1035 2439 1094 unde
2463 1035 2656 1096 metuit
2680 1035 3010 1107 periculum,
3040 1034 3169 1092 inde
3193 1042 3376 1090 sumat
3405 1047 3537 1104 aug-

1939 1138 2205 1185 mentum.

2009 1221 2089 1276 Ad
2119 1219 2386 1290 quoslibet
2407 1219 2572 1288 igitur
2613 1233 2796 1274 rerum
2841 1230 3200 1274 humanarum
3246 1215 3432 1271 exitus
3474 1229 3535 1268 se

1937 1325 2122 1366 nostra
2162 1319 2448 1367 convertat
2477 1311 2774 1380 inspectio,
2811 1311 2957 1366 nulla
2996 1309 3193 1366 saecula
3215 1353 3229 1374 ,
3259 1308 3405 1364 nulla
3436 1323 3532 1362 ne-

1935 1407 2078 1477 gotia
2102 1447 2117 1469 .
2152 1406 2331 1461 nullos
2351 1405 2763 1475 generatiouum
2795 1414 2952 1460 ortus
2984 1413 3146 1472 atque
3174 1403 3435 1460 decessus
3463 1400 3532 1455 ab

1935 1500 2156 1554 sternis
2205 1511 2259 1558 et
2289 1497 2735 1556 inscrutabiiibus
2761 1497 2980 1568 iudieiis
3017 1497 3113 1553 Dei
3145 1511 3338 1556 vacare
3372 1510 3529 1566 repe.

1943 1593 2066 1647 riot.
2091 1591 2296 1647 Omnes
2327 1592 2650 1646 varietatum
2677 1590 3145 1662 compugnantim,
3179 1599 3235 1644 et
3259 1588 3530 1644 universa:

1931 1689 2278 1745 dissimilium
2305 1698 2330 1736 ι
2357 1693 2716 1759 proventuum
2747 1701 2950 1749 causai,
2973 1699 3108 1756 quas
3131 1683 3456 1753 investigare
3475 1689 3530 1736 et

228 1784 572 1840 censendum
603 1794 688 1840 est
709 1827 722 1852 ,
755 1784 897 1854 quod
930 1785 984 1840 in
1013 1799 1206 1855 magna
1233 1785 1396 1840 domo
1423 1784 1542 1854 ejus
1574 1785 1828 1839 innome-
1864 1785 1911 1846 B
1937 1784 2247 1839 discernere
2270 1797 2377 1838 non
2403 1783 2670 1846 valemus,
2695 1780 2748 1834 in
2771 1779 2864 1834 illa
2889 1787 3092 1833 reterns
3119 1775 3346 1832 scientia
3366 1772 3529 1828 simul

229 1878 312 1932 ris
358 1877 686 1932 diiierentiis
727 1878 982 1935 universa
1023 1877 1343 1932 variantur?
1378 1875 1626 1946 Cumque
1671 1891 1832 1930 nemo

231 1968 443 2040 aliquid
487 1969 618 2024 boni
653 1969 850 2026 habeat
878 1971 1022 2039 quod
1081 1985 1188 2024 non
1233 1969 1327 2025 ille
1371 1970 1685 2035 donaverit,
1724 1985 1829 2023 non

225 2074 420 2116 omnes
461 2070 642 2117 tamen
683 2061 876 2117 iisdem
932 2062 1218 2117 virtutibus
1257 2063 1480 2126 micant,
1515 2070 1606 2116 aut
1637 2060 1829 2116 eadem

221 2153 612 2208 eherismatum
639 2153 770 2209 dote
807 2153 1065 2208 ditantur.
1098 2153 1211 2210 Neo
1255 2167 1548 2224 possumus
1577 2153 1718 2208 hanc
1744 2154 1830 2207 dl-

223 2244 540 2299 versitatem
569 2245 840 2315 graduum
870 2246 1054 2300 causis
1077 2255 1268 2316 aptare
1297 2247 1621 2301 meritorum
1644 2286 1658 2311 ,
1704 2259 1825 2300 eum

225 2339 396 2393 totius
419 2337 545 2393 boni
577 2340 754 2395 meriti
785 2339 1102 2410 principalis
1128 2355 1288 2394 causa
1312 2341 1382 2394 sit
1410 2340 1607 2410 gratia,
1636 2340 1706 2394 de
1733 2355 1825 2394 cu-

217 2429 306 2502 ius
355 2431 550 2501 opibus
588 2433 819 2486 sumitur
866 2433 1128 2503 quidquid
1162 2433 1216 2488 in
1254 2433 1488 2502 singulis
1536 2432 1824 2502 probabile

220 2526 520 2596 reperitur.

767 2618 994 2675 CAPUT
1025 2618 1268 2674 XXXIII.

218 2709 391 2765 Nemo
418 2712 572 2782 perit,
603 2714 692 2784 qui
721 2714 894 2784 perire
909 2729 1012 2767 non
1043 2715 1224 2778 debet;
1250 2714 1340 2767 sed
1371 2730 1548 2768 omnes
1580 2713 1645 2770 ab
1670 2725 1819 2770 cter-

730 2801 797 2839 no
827 2785 971 2839 electi
999 2785 1128 2840 solui
1165 2786 1316 2855 fiunt.

287 2898 446 2956 Sicut
475 2914 603 2971 ergo
630 2900 698 2956 de
725 2902 790 2955 iis
817 2916 936 2972 quin
967 2903 1106 2956 intra
1132 2902 1436 2958 Ecclesiam
1472 2901 1820 2958 multiformi-

219 2999 300 3047 ter
316 2992 560 3064 Spiritus
589 3003 807 3048 sanctus
833 3005 1108 3063 operatur,
1140 2995 1363 3066 impium
1383 3006 1467 3051 est
1494 2997 1660 3050 ullam
1687 3013 1821 3066 que-

217 3083 386 3138 reiam
414 3085 579 3140 corde
609 3086 929 3155 concipere;
965 3089 1035 3141 ita
1064 3086 1229 3142 etlam
1263 3089 1331 3142 de
1357 3089 1444 3142 illa
1475 3087 1813 3158 providentia

1936 1885 2097 1944 notae,
2132 1875 2399 1945 simulque
2419 1874 2606 1930 divisae
2634 1879 2779 1928 sunt.
2815 1870 2886 1926 Et
2905 1870 3037 1925 nihil
3061 1869 3136 1924 ibi
3162 1866 3528 1924 inordinatum

1933 1978 2036 2032 est,
2065 1969 2228 2024 etiam
2259 1968 2328 2022 de
2353 1967 2583 2022 necdum
2611 1965 2956 2022 cxistentium
2987 1960 3340 2033 qualitatibus
3363 1957 3532 2014 actio-

1934 2078 2082 2118 num.
2116 2063 2382 2132 Quoniam
2421 2076 2533 2118 nen
2558 2069 2644 2117 est
2679 2062 2733 2114 in
2763 2060 2876 2114 Deo
2905 2058 3156 2114 accidens
3189 2064 3368 2110 motus
3388 2097 3403 2120 ,
3437 2061 3531 2109 aut

1935 2172 2070 2212 nova
2102 2157 2352 2212 voluntas
2374 2197 2387 2221 ,
2438 2163 2531 2210 aut
2571 2153 2873 2224 temporale
2903 2151 3213 2218 consilium,
3254 2163 3356 2203 nec
3382 2147 3530 2216 cogi-

1932 2251 2068 2305 tatio
2094 2250 2214 2319 ejus
2242 2264 2364 2304 cum
2388 2263 2568 2304 rerum
2591 2245 2932 2302 mutabilium
2957 2242 3327 2314 inteqoalitate
3354 2241 3528 2295 varia-

1930 2349 2038 2407 tur,
2067 2341 2166 2396 sed
2191 2351 2384 2397 cuncta
2415 2341 2620 2410 pariter
2652 2350 2893 2409 tempora
2915 2348 2972 2394 et
2991 2336 3310 2404 temporalia
3329 2375 3344 2400 ,
3381 2347 3526 2388 sem-
3624 2378 3629 2383 .

1932 2434 2146 2502 piterno
2174 2448 2237 2488 ac
2264 2434 2441 2488 stabzli
2473 2429 2891 2501 comprehendit
2920 2430 3147 2497 intuitu,
3180 2437 3237 2483 et
3272 2426 3525 2482 omnibus

1927 2530 2111 2584 omnia
2133 2529 2245 2597 jam
2278 2527 2557 2590 retribuit,
2591 2524 2620 2564 δ
2649 2526 2741 2595 qui
2775 2539 2894 2594 qua
2922 2523 3273 2585 suntlutura,
3299 2520 3413 2589 jam
3448 2520 3524 2574 le-

1925 2623 2018 2678 cit.
2055 2623 2192 2677 iiinc
2228 2622 2360 2676 illud
2400 2629 2485 2674 est
2514 2619 2658 2673 beati
2690 2617 2839 2673 Pauli
2870 2615 3102 2684 apostoli
3136 2611 3430 2668 scribentis
3455 2610 3521 2665 ad

1925 2713 2212 2783 Ephesios,
2238 2710 2544 2766 Benedictus
2563 2707 2704 2763 Deus
2727 2719 2772 2762 et
2795 2706 2954 2761 Pater
2980 2707 3187 2759 Domini
3209 2705 3370 2764 nostri
3393 2703 3522 2758 Iesu

1924 2806 2138 2870 Christi,
2171 2811 2257 2876 qui
2285 2804 2541 2860 benedixit
2573 2818 2667 2856 nos
2695 2803 2747 2855 in
2774 2800 2914 2854 omni
2942 2797 3288 2852 benedictione
3308 2795 3521 2864 spirita-

1923 2900 1961 2953 li
1981 2900 2034 2954 its
2063 2898 2346 2953 caelestibus
2375 2898 2430 2950 in
2459 2894 2689 2959 Christo,
2716 2893 2848 2948 sicut
2879 2891 3031 2960 elegit
3058 2905 3152 2943 stos
3183 2888 3240 2941 iit
3263 2888 3374 2957 ipso
3403 2896 3520 2938 ante

1921 2991 2103 3046 mundi
2127 2988 2539 3044 constitutionem
2556 3027 2572 3053 ,
2601 2996 2656 3040 ut
2684 2999 2905 3038 essemus
2933 2980 3101 3035 sancti
3131 2989 3178 3034 et
3205 2977 3515 3032 immacula-

1921 3087 1959 3138 ti
1979 3085 2033 3137 in
2069 3090 2343 3154 conspectu
2365 3081 2472 3150 ejus
2502 3079 2555 3131 iu
2581 3075 2851 3130 charitate.
2886 3073 2988 3140 Qui
3018 3070 3396 3141 prcedestiuavit
3425 3083 3518 3122 nos

217 3191 335 3248 qua:
365 3177 680 3235 inﬁdelibus
712 3180 964 3249 prasidet
984 3223 998 3246 ,
1031 3181 1338 3237 nullatenus
1365 3184 1812 3238 murmurandum
1842 3174 1884 3235 C
1919 3179 1973 3232 its
2004 3176 2336 3244 adoptiuum
2363 3172 2593 3242 ﬁliorum
2631 3186 2722 3236 per
2743 3167 2924 3222 Iesum
2944 3164 3206 3220 Christum
3246 3161 3299 3227 ί,
3337 3177 3517 3216 secun-

216 3283 318 3329 est.
344 3273 614 3341 Quoniam
638 3279 878 3344 etjustus
901 3287 951 3330 et
977 3277 1152 3333 bonus
1175 3277 1381 3332 arbiter
1405 3292 1502 3331 nec
1523 3277 1815 3334 voluntatis

213 3364 418 3436 iniqua:
441 3377 545 3430 est,
577 3382 676 3422 nec
705 3367 1049 3424 discretionis
1069 3368 1491 3440 incertae,920
1517 3377 1574 3422 ut
1595 3372 1697 3424 sub
1717 3370 1815 3424 im-

213 3469 406 3512 mensa
432 3466 456 3497 ο
487 3458 876 3529 omnipotentis
908 3461 999 3514 Del
1024 3459 1395 3514 misericordia
1423 3469 1585 3530 atque
1608 3461 1815 3530 iustitia

214 3557 473 3618 putemus
498 3549 641 3620 quod
670 3550 953 3620 quisquam
981 3560 1206 3619 pereat,
1251 3551 1340 3619 qui
1369 3551 1551 3619 perire
1581 3567 1686 3606 non
1711 3552 1809 3606 dc-

211 3636 363 3698 beas.
396 3639 557 3696 Nuila
585 3657 710 3712 pars
742 3643 929 3698 mundi
961 3643 1030 3698 ab
1075 3643 1371 3714 Evangelio
1397 3653 1550 3699 vacat
1587 3643 1808 3700 Christi.

213 3731 282 3791 Et
307 3735 440 3793 licet
483 3735 576 3792 illa
616 3737 890 3807 generalis
920 3739 1138 3793 voeatio
1177 3752 1283 3792 non
1321 3738 1597 3808 quiescat,
1631 3749 1809 3794 tamen

212 3827 379 3883 etiam
416 3829 520 3884 ista
553 3830 802 3899 specialis
827 3829 938 3900 jam
971 3830 1239 3886 universis
1280 3842 1362 3885 est
1396 3829 1532 3885 facta
1570 3846 1812 3885 commu-

211 3922 316 3978 nis.
341 3922 427 3977 Ex
460 3923 607 3978 omni
641 3934 832 3994 gente,
862 3934 916 3979 et
936 3939 1002 3980 ex
1030 3923 1180 3979 omni
1204 3923 1517 3978 conditione
1547 3923 1808 3993 adoptan-

213 4018 300 4070 tur
344 4013 592 4084 quotidie
635 4015 804 4070 millia
849 4029 1077 4082 senum,
1113 4014 1284 4069 millia
1306 4013 1599 4084 iuvenum,
1642 4013 1808 4068 millia

211 4109 600 4178 parvulorum;
624 4117 679 4164 et
698 4105 725 4146 δ
755 4108 1040 4165 effectibus
1059 4108 1245 4180 gratiae
1272 4107 1616 4171 Christianae,
1647 4111 1808 4160 etiam

210 4199 327 4270 ipsa
378 4200 578 4270 quibus
630 4199 860 4255 mundus
916 4200 1198 4267 atteritur,
1259 4214 1410 4253 arma
1460 4199 1805 4252 iatuulantur.

207 4293 383 4359 Quam
417 4291 618 4347 multos
645 4293 790 4347 enim
814 4291 906 4362 qui
936 4293 989 4346 in
1017 4291 1410 4362 tranquillitate
1446 4288 1596 4360 pacis
1622 4304 1805 4344 sacra-

208 4393 456 4439 mentum
488 4383 830 4451 baptismatls
857 4385 1137 4454 suscipere
1153 4382 1498 4450 dilicrebant,
1523 4382 1588 4436 ad
1613 4397 1804 4452 aquam

1920 3269 2041 3323 dum
2062 3267 2383 3339 propositum
2408 3261 2685 3316 roluntatis
2705 3274 2814 3315 sum
2830 3300 2844 3321 ,
2877 3259 2931 3312 iu
2959 3256 3164 3312 ludent
3185 3253 3367 3326 gloria:
3395 3268 3514 3322 gra-

1919 3362 2003 3417 tia
2029 3375 2138 3415 sua!
2167 3358 2391 3427 (Ephes.
2425 3371 2472 3420 i,
2501 3355 2535 3408 5
2561 3351 2934 3423 seqq.),921
2968 3356 3028 3403 et
3062 3359 3260 3408 cetera
3295 3343 3308 3396 ἱ
3339 3387 3353 3410 ,
3397 3357 3516 3416 quin

1919 3453 2021 3508 sub
2041 3451 2286 3521 ejusdem
2321 3462 2516 3502 sensus
2555 3442 2941 3514 praedicatione
2975 3437 3280 3502 cuneotit,
3312 3435 3516 3494 docens

1918 3547 2116 3600 donum
2140 3553 2304 3612 atque
2328 3553 2464 3609 Opus
2483 3538 2674 3608 gratia:
2703 3537 2754 3590 in
2781 3545 2990 3589 :eterno
3009 3545 3227 3599 semper
3251 3528 3344 3584 Dei
3364 3541 3514 3584 man-

1917 3641 2056 3694 sisse
2078 3635 2331 3701 consilio,
2357 3645 2657 3697 omnesque
2686 3623 2994 3694 adoptionis
3022 3621 3164 3680 ﬁlios
3187 3636 3294 3675 non
3335 3617 3512 3674 solum

1919 3731 1944 3770 κ
1974 3733 2026 3785 in
2059 3745 2125 3784 eo
2157 3736 2402 3796 tempore
2430 3740 2538 3793 quo
2572 3721 2686 3789 jam
2712 3719 3012 3775 existentes
3037 3714 3211 3772 vocati
3234 3721 3389 3777 sunt,
3415 3710 3511 3768 sed

1915 3828 2076 3882 etiam
2111 3821 2424 3892 priusquam
2461 3813 2691 3870 mundus
2726 3809 2742 3850 ¹
2787 3809 3232 3869 constitueretur,
3280 3806 3509 3863 eiectos.

1915 3922 1972 3977 in
1998 3934 2100 3990 qua
2133 3914 2399 3972 electione
2428 3905 2692 3979 quidquid
2729 3899 3011 3960 hominum
3042 3901 3096 3957 in
3125 3897 3344 3956 Christe
3371 3911 3508 3965 pra:-

1915 4011 2188 4081 Cognitum
2217 4020 2326 4060 non
2373 4011 2486 4067 est,
2535 3999 2682 4055 nulla
2725 3995 2902 4052 eidem
2935 3992 3146 4049 ratione
3187 3989 3506 4050 sociabitur.

1913 4103 2114 4157 Omnes
2136 4097 2280 4154 enim
2308 4093 2401 4163 qui
2431 4093 2484 4147 in
2510 4103 2736 4161 regnum
2762 4085 2862 4144 Dei
2888 4083 2956 4140 de
2987 4081 3276 4152 cujuslibet
3299 4087 3508 4148 tempo-

1912 4197 1988 4254 ris
2017 4191 2298 4248 vocatione
2327 4184 2541 4242 venturi
2559 4189 2713 4246 sunt.
2733 4180 2788 4237 in
2808 4178 2936 4244 ista,
2956 4191 3076 4248 quin
3095 4172 3291 4232 saecula
3313 4181 3506 4228 cuncta

1914 4282 2211 4356 praecessit,
2246 4278 2540 4347 adoptione
2569 4272 2765 4345 signati
2788 4279 2934 4326 sunt.
2960 4267 3029 4325 Et
3053 4267 3196 4322 sicut
3224 4264 3404 4322 nullus
3425 4263 3507 4317 in-

1914 4380 2150 4435 ﬁdelium
2173 4376 2226 4431 in
2269 4373 2370 4428 hac
2393 4380 2542 4426 sorte
2587 4374 2924 4431 numeratur,
2954 4363 3032 4418 ita
3060 4360 3245 4417 nullus
3291 4359 3502 4427 piorum

203 4473 645 4545 regenerationis
695 4451 1021 4546 confugerei
1043 4475 1295 4530 instantis
1342 4473 1567 4543 periculi
1629 4451 1806 4528 metus
1910 4483 1950 4511 ιι
1973 4473 2044 4528 ab
2064 4472 2162 4528 hac
2190 4465 2570 4524 benedictione
2599 4461 2870 4516 discretus
2902 4463 3010 4512 est.
3160 4451 3503 4546 plenitudine

203 4543 460 4638 impulit,
491 4574 548 4622 et
573 4567 734 4624 lentis
760 4543 1068 4640 tepidisque
1101 4567 1299 4621 animis
1326 4566 1466 4636 quod
1489 4566 1582 4620 diu
1607 4565 1801 4620 cohor-
1827 4554 1880 4613 D
1907 4564 2106 4636 quippe
2159 4559 2525 4615 membrorum
2573 4551 2819 4620 corporis
2865 4545 3097 4612 Christi,
3158 4543 3500 4640 praes-cientis

199 4662 339 4716 tetio
366 4662 553 4728 quieta
583 4676 691 4717 non
713 4662 908 4727 suasit,
930 4662 1114 4716 minax
1141 4658 1318 4716 subite
1349 4668 1524 4714 terror
1539 4658 1800 4715 extorsit?

199 4754 439 4826 Quidam
484 4754 744 4814 Ecclesiae
792 4755 886 4818 lilii
929 4755 998 4812 ab
1041 4753 1288 4810 hostibus
1331 4753 1507 4823 capti,
1552 4753 1801 4808 dominos

197 4859 336 4904 suos
366 4847 568 4904 Christi
599 4847 895 4920 Evangelia
926 4847 1329 4916 manciparunt,
1362 4852 1414 4904 et
1444 4844 1640 4916 quibus
1671 4860 1801 4900 con-

191 4941 414 5000 ditione
450 4943 644 5000 bellica
677 4944 1027 5008 serviebant,
1069 4942 1275 4999 eisdem
1316 4940 1442 4997 lidei
1489 4941 1800 5010 Inagisterio

195 5148 208 5160 .
268 5086 298 5160 ξ
323 5077 426 5134 Ms.
450 5078 706 5136 Joliensis
733 5079 948 5148 supplet
973 5075 1286 5148 particulam
1303 5076 1371 5139 si.
1393 5089 1512 5149 quae
1530 5081 1614 5128 est
1635 5073 1798 5128 etiam

193 5149 508 5289 “ﬁmi,
542 5220 783 5288 liberius,
821 5218 1179 5280 emendentur
1205 5231 1273 5276 ex
1318 5230 1416 5272 ms.
1467 5213 1693 5271 .ioliensi
1745 5223 1798 5274 et

189 5289 429 5419 “flii;
459 5362 717 5420 Joliensis
759 5362 978 5418 omissis
1011 5363 1121 5429 his,
1150 5356 1513 5428 omnipotentis
1546 5355 1663 5423 Dei,
1698 5359 1791 5415 ita-

186 5433 311 5502 bet,
342 5435 696 5489 misericordia
721 5435 851 5503 ejus.

262 5499 488 5560 d'Duac.
516 5515 572 5560 et
599 5499 815 5571 Colon.,
851 5504 1137 5573 aﬂ'ectibus.
1172 5501 1298 5568 Alii,
1331 5499 1613 5568 c/Trctibus.

225 5647 239 5660 ο
265 5583 304 5660 ξ.
326 5575 428 5632 Ms.
460 5577 720 5634 Joliensis
759 5570 816 5632 et
847 5570 1045 5635 Leonis
1089 5573 1290 5639 editio,
1330 5588 1628 5643 cognovere.
1663 5570 1785 5634 Alii,

177 5645 441 5704 didicere.

263 5715 291 5794 ξ
319 5717 426 5794 με.
455 5715 731 5794 .ioliensis,
755 5714 1150 5794 justiﬁcutione.

188 5825 194 5828 -
255 5790 291 5848 σ
317 5781 520 5853 Leonis
545 5781 734 5860 editio,
755 5781 1121 5861 'prov'utuum.
1141 5783 1361 5856 Ceteri,
1387 5792 1749 5858 protrutuum.

1911 4661 2037 4722 Dei.
2067 4672 2189 4730 quin
2218 4653 2328 4709 lalli
2360 4666 2468 4706 non
2498 4655 2706 4714 potest.
2737 4643 2872 4701 nihil
2903 4640 3109 4711 perdit,
3142 4650 3195 4694 et
3227 4637 3374 4694 nullo
3401 4636 3498 4730 de-

1906 4725 2159 4807 trimento
2191 4743 2358 4800 minui
2381 4748 2567 4812 potest
2598 4750 2807 4792 summa
2840 4731 3168 4805 prmeognita
3189 4772 3205 4796 ,
3246 4738 3411 4796 atque
3443 4725 3493 4784 in

1903 4841 2118 4902 Christo
2140 4846 2263 4892 ante
2285 4832 2481 4890 saecula
2507 4837 2708 4884 :eterna
2730 4825 3036 4896 praelecta.
3063 4822 3202 4875 sicut
3222 4817 3288 4872 ad
3311 4815 3488 4871 Timo-

1909 4937 2090 4992 tbeum
2123 4931 2364 4988 scribens
2393 4923 2684 4996 Apostolus
2722 4921 2886 4986 dicit,
2915 4914 3188 4972 Coliabora
3219 4909 3499 4980 Evangelia

1979 5066 2009 5105 ¹¹
2037 5067 2139 5126 Ms.
2170 5063 2519 5132 Camberon.,
2549 5072 2760 5132 quisque
2790 5051 3137 5132 suiitjutiira.

1984 5136 2000 5176 ί
2037 5123 2151 5194 HOC
2176 5137 2295 5190 loco
2342 5131 2477 5190 editi
2507 5123 2846 5186 addiderant
2876 5123 3188 5194 ,Doutinunt
3218 5124 3454 5194 itast-rum
3479 5155 3496 5180 ,

1905 5185 2318 5280 quibus—carent
2348 5185 2746 5280 Joliensis
2777 5191 3064 5280 ct'L‘eonis
3092 5185 3496 5280 ﬁdi-tioLimm-o

1902 5257 2316 5363 Eddius
2355 5257 2595 5345 lpostoli
2648 5285 2771 5328 cum
2816 5263 3042 5334 Vulgata
3086 5257 3330 5332 ejusdem
3369 5271 3494 5312 ver-

1901 5367 2079 5410 stone.

1973 5425 1988 5474 i
2030 5421 2205 5480 Editio
2236 5416 2453 5490 Leonis,
2485 5427 2598 5490 qua;
2626 5411 2710 5490 ibi.
2801 5479 2812 5490 .
2940 5488 2955 5490 Α
3019 5468 3237 5490 ,μ’-Α,

1969 5471 1994 5533 ἰ
2369 5488 2421 5541 in
2441 5471 2554 5561 non
2584 5481 2782 5561 legitur
2801 5479 2851 5531 in
2882 5488 2978 5561 ins.
3013 5471 3260 5561 ξοὶξεῖηὲξξ

1974 5564 1992 5603 1
2373 5538 2704 5612 conderetur.
2735 5549 2861 5604 Mss.
2892 5546 3076 5604 Camb.
3101 5551 3158 5599 et
3178 5543 3284 5600 Io].
3304 5548 3362 5596 et
3380 5538 3491 5595 Leo

1900 5637 2238 5698 utiutexut.
2585 5692 2616 5698 -
2948 5685 3023 5698 ..
3119 5684 3182 5698 ,.
3254 5677 3467 5698 ,,.__s=

1973 5677 2550 5770 :i‘idi‘t‘ij'uumeratus.
2585 5692 2779 5750 Postea
2808 5703 2928 5770 ms._
2942 5685 3133 5770 Jol._et
3160 5677 3488 5770 ‘LEQIPP‘Eéj‘

1904 5780 2004 5852 tio.
2025 5749 2209 5836 aii};
2235 5749 2610 5834 isne-dictione;
2639 5749 2760 5826 cuiu
2787 5759 2877 5824 alii
2901 5755 3098 5827 lerant,
3122 5749 3189 5817 ei
3211 5749 3307 5814 huc
3327 5754 3485 5806 sorte.
