4014 6348
452 1224 477 1259 ἐκ

505 331 614 393 ⁸119

802 338 861 395 S.
905 338 1245 398 PROSPERI
1283 340 1507 397 OPERA
1548 338 1873 396 INCERTE
1914 338 2440 397 AUCTORITATIS.
2470 339 2652 397 —DE
2694 340 2943 398 VOCAT.
2982 340 3147 398 ΟΜΝ.
3176 339 3499 399 GENTIUM.

3701 338 3793 398 πο

504 456 789 512 secundum
810 457 1044 511 virtutem
1069 457 1187 520 Dei,
1220 460 1307 529 qui
1338 474 1427 513 nos
1459 457 1685 512 liberavit
1709 466 1755 511 et
1785 458 1978 511 vocavit
2004 472 2091 511 υο-
2118 458 2174 518 Α
2196 457 2497 523 solvuntur,
2527 456 2662 513 utin
2694 458 3060 514 destructione
3091 473 3277 533 eorum
3309 460 3471 517 etiam
3504 458 3577 514 ab
3603 454 3670 513 iis
3690 458 3799 528 qui-

508 547 710 601 eatione
726 557 925 615 sancta,
947 565 1049 603 non
1077 549 1361 604 secundum
1392 566 1548 619 opera
1572 558 1771 614 nostra,
1797 549 1888 605 sed
1919 564 2098 604 secun-

508 640 633 695 dum
660 658 812 697 suum
841 645 1163 716 propositum
1193 654 1240 700 et
1276 646 1526 715 gratiam,
1554 661 1670 716 qua:
1696 645 1817 698 data
1858 653 1931 698 est
1957 642 2104 698 nobis

506 732 562 785 in
606 730 809 790 Christo
846 734 981 811 Jesu
1021 746 1140 791 ante
1190 747 1422 807 tempora
1469 746 1665 792 (eterna
1698 735 1782 807 (ιι
1820 734 1958 789 Tim.
1994 750 2043 802 ι,
2072 736 2104 789 8

507 824 676 897 us).

1044 921 1270 980 CAPUT
1309 922 1555 980 XXXIV.

448 1070 451 1075 η
511 1029 637 1087 Non
688 1036 883 1107 frustra
939 1034 1164 1089 laborari
1220 1036 1286 1089 ad
1340 1034 1654 1107 acquirendo
1695 1033 2110 1107 bonorumAOpe-

581 1120 697 1157 rum
752 1106 970 1172 merita,
1026 1108 1103 1160 vel
1162 1104 1480 1161 orationibus
1526 1108 1733 1169 insisti;
1771 1104 2001 1173 quamvis
2031 1106 2111 1156 in-

580 1176 941 1231 commutabile
968 1178 1033 1231 sit
1067 1176 1162 1231 Dei
1192 1180 1515 1249 propositum
1546 1194 1702 1249 super
1730 1175 1895 1230 salute
1926 1174 2112 1229 electo-

582 1262 719 1300 rum.

583 1382 783 1439 Contra
814 1384 953 1441 hanc
978 1385 1193 1441 invictae
1219 1386 1465 1441 veritatis
1497 1383 1997 1456 splendidissimam
2030 1381 2115 1436 lu-

512 1490 631 1531 cem
663 1477 841 1533 solent
864 1478 1082 1549 quidam
1114 1494 1221 1534 non
1252 1480 1435 1535 sobrie
1458 1479 1649 1547 dicere
1669 1519 1684 1544 ,
1732 1474 2003 1546 superﬂuo
2047 1472 2115 1527 ad

517 1567 849 1638 acquirenda
878 1570 1147 1625 bonorum
1167 1585 1392 1641 operum
1416 1571 1608 1625 merita
1632 1566 1891 1629 laborari,
1916 1563 2116 1619 frustra

514 1659 681 1712 etiam
715 1662 1073 1731 orationibus,
1108 1662 1302 1732 quibus
1332 1662 1475 1717 Deus
1502 1665 1813 1718 exorandus
1840 1666 2112 1728 speratur,

515 1748 717 1820 insisti,
743 1753 787 1806 si
808 1768 875 1808 ex
896 1753 1331 1810 incommutabili
1354 1753 1634 1824 proposito
1656 1752 1773 1821 ejus
1794 1749 2117 1805 Christianae

2208 550 2307 606 bus
2330 553 2681 618 succurritur,
2708 553 3003 623 laboretur,
3028 554 3277 623 quoniam
3300 554 3480 611 ethoc
3501 570 3533 609 a
3556 552 3798 612 salvanto

2208 646 2456 702 donatur.
2488 648 2613 703 Ideo
2640 648 2829 703 beatus
2850 647 3172 718 Apostolus,
3210 648 3335 704 Non
3380 650 3551 705 solum
3596 658 3794 718 autem,

2209 740 2414 810 inquit,
2440 740 2528 795 sed
2568 750 2618 794 et
2665 742 2952 811 gloriamur
2992 742 3046 795 in
3094 743 3508 797 tribulationibus
3541 758 3560 796 :
3599 742 3801 797 scientes

2208 832 2349 902 quod
2398 832 2652 887 tribulatio
2698 835 2997 902 patientiam
3042 844 3318 903 operatur,
3361 835 3613 905 patientia
3645 844 3803 889 autem

2212 924 2584 993 probationem,
2616 928 2850 996 probatio
2878 945 2995 983 vero
3019 945 3195 1000 spem;
3221 944 3336 999 spes
3359 937 3533 982 autem
3566 944 3674 983 non
3696 944 3803 982 con-

2213 1018 2405 1087 fundit,
2431 1018 2551 1088 quia
2576 1017 2803 1074 charitas
2828 1018 2927 1074 Dei
2953 1018 3148 1087 diffusa
3176 1029 3250 1075 est
3279 1022 3333 1074 in
3359 1020 3601 1074 cordibus
3627 1020 3805 1074 nostris

2214 1124 2305 1179 per
2336 1108 2591 1179 Spiritum
2626 1120 2883 1177 sanctum,
2924 1113 3010 1183 qui
3038 1114 3190 1169 datus
3218 1121 3293 1167 est
3320 1114 3465 1168 nobis
3494 1113 3676 1183 (Rom.
3710 1127 3758 1175 γ.
3780 1113 3808 1167 3

2214 1209 2263 1253 et
2293 1199 2447 1271 seq.).
2481 1201 2721 1273 Itemque
2762 1203 2904 1260 idem
2937 1205 3005 1260 ad
3038 1205 3329 1276 Ephesios,
3355 1204 3559 1274 Gratia,
3608 1206 3806 1276 inquit,

2216 1291 2401 1345 saluati
2441 1293 2559 1347 estis
2596 1310 2685 1362 per
2726 1295 2879 1365 [idem
2898 1338 2913 1363 ,
2960 1306 3007 1351 et
3033 1297 3129 1352 hoc
3155 1315 3258 1353 non
3282 1314 3345 1353 ea:
3374 1298 3536 1368 vobis,
3565 1295 3669 1352 Dei
3693 1299 3809 1352 enim

2219 1380 2412 1436 donum
2438 1394 2551 1449 est;
2580 1402 2683 1439 non
2708 1403 2771 1441 ea:
2800 1387 3065 1459 operibus,
3096 1406 3156 1443 ne
3178 1390 3291 1457 quis
3332 1390 3606 1460 glorietur.
3650 1386 3809 1461 Ipsius

2221 1475 2357 1528 enim
2380 1492 2557 1529 sumus
2586 1478 2919 1548 ﬁgmentum,
2950 1482 3105 1536 creati
3148 1482 3202 1536 in
3246 1481 3447 1537 Christo
3487 1482 3546 1536 in
3584 1483 3810 1552 operibus

2222 1566 2368 1621 bonis
2396 1609 2409 1634 ,
2449 1585 2565 1639 quia
2602 1573 2910 1642 praeparauit
2954 1572 3094 1627 Deus
3137 1583 3192 1628 ut
3227 1574 3283 1627 in
3326 1574 3430 1629 illis
3484 1572 3808 1630 ambulemus.

2228 1656 2444 1729 (Ephes.
2473 1675 2530 1727 ιι,
2562 1660 2594 1715 8
2624 1670 2669 1715 et
2694 1664 2827 1733 seq.)
2862 1664 3003 1720 Deus
3033 1680 3162 1736 ergo
3185 1664 3267 1720 his
3294 1678 3430 1736 quos
3452 1663 3481 1701 ‘
3512 1666 3683 1736 elegit
3712 1667 3811 1723 sine

2224 1750 2455 1819 meritis,
2488 1753 2580 1807 dat
2604 1754 2745 1811 unde
2775 1765 3037 1812 ornentur
3065 1768 3119 1811 et
3145 1758 3373 1813 meritis.
3408 1758 3475 1813 Et
3511 1756 3716 1815 frustra
3747 1759 3810 1815 di-

515 1839 706 1908 gratize
736 1844 983 1900 subsistit
1012 1845 1229 1911 electio,
1255 1860 1361 1901 nec
1402 1845 1563 1900 aliter
1598 1842 1888 1914 quidquam
1934 1854 2121 1911 proce-
2154 1855 2203 1915 Β
2231 1844 2369 1899 citur
2389 1846 2532 1915 quod
2553 1850 2692 1902 ratio
2712 1849 2968 1918 operandi
2991 1864 3099 1905 non
3120 1849 3191 1904 sit
3215 1850 3268 1905 in
3288 1848 3501 1917 electis,
3524 1864 3649 1906 cum
3666 1852 3809 1906 etiam

518 1929 650 1987 dere
681 1944 880 2005 potest,
910 1952 1071 2007 quam
1115 1936 1519 2007 Omnipotentis
1567 1935 1848 1990 voluntate
1887 1930 2125 2002 disposi-

519 2038 635 2085 tum
680 2038 784 2085 est.
838 2029 945 2087 Sed
990 2031 1084 2100 qui
1140 2040 1165 2067 α
1216 2030 1321 2085 hoc
1365 2031 1647 2101 ingeniose
1690 2044 1751 2083 se
1789 2027 2124 2082 arbitrantur

519 2137 817 2194 opponere.
845 2139 953 2179 non
982 2125 1291 2195 intelligunt
1316 2125 1601 2180 scientiam
1625 2125 1742 2190 Dei,
1766 2139 1885 2192 quae
1910 2132 1969 2178 et
1990 2137 2124 2192 prae.

523 2217 710 2285 terita,
732 2225 789 2273 et
808 2218 1124 2287 praesentia,
1150 2227 1206 2273 et
1230 2217 1406 2273 futura
1438 2217 1846 2287 complectitur,
1880 2225 2127 2285 tempore

523 2323 635 2364 non
665 2309 859 2378 teneri,
887 2318 943 2365 et
972 2318 1082 2365 tam
1112 2310 1166 2365 in
1194 2318 1492 2381 conspectu
1533 2309 1653 2379 ejus
1689 2316 1873 2366 astare
1912 2322 1976 2364 ea
2008 2322 2128 2376 quae

522 2404 764 2473 gerenda
793 2413 940 2469 sunt,
966 2419 1125 2474 quam
1157 2404 1248 2459 illa
1280 2420 1404 2475 qua:
1428 2415 1524 2459 aut
1547 2411 1831 2475 geruntur,
1860 2410 1953 2455 aut
1977 2411 2128 2470 gesta

525 2503 669 2551 sunt.
700 2496 854 2563 Quod
882 2510 1005 2552 cum
1032 2498 1381 2553 verissimum
1409 2497 1521 2568 sit,
1574 2513 1682 2553 non
1730 2495 1936 2565 indiget
1978 2510 2129 2550 mora

524 2588 850 2643 cernendiet
874 2588 1221 2644 discernendi
1245 2589 1335 2644 illa
1356 2591 1529 2644 virtus
1550 2606 1668 2660 quae
1692 2598 1951 2659 perpetuo
1974 2603 2131 2642 vero-

523 2695 630 2751 que
656 2682 819 2753 922
845 2684 1089 2738 contuitu
1117 2694 1301 2738 creata
1325 2694 1379 2739 et
1399 2685 1659 2754 creanda,
1685 2694 1802 2741 orta
1829 2698 1883 2743 et
1904 2688 2126 2749 oritura,

526 2781 645 2828 acta
673 2782 731 2828 et
756 2774 963 2843 agenda
992 2774 1153 2829 simul
1180 2776 1393 2845 aspicit,
1426 2784 1480 2830 et
1506 2775 1771 2848 quidquid
1816 2780 1871 2832 in
1918 2778 2133 2831 univer-

523 2865 683 2921 sitate
714 2880 895 2922 rerum
924 2883 1021 2938 per
1046 2870 1249 2923 Saecula
1279 2870 1547 2939 praeﬁnita
1578 2870 1871 2937 evolvitur,
1899 2887 1962 2925 ac
1994 2871 2133 2925 mul-

526 2958 744 3015 timodis
782 2960 1136 3016 varietatibus
1178 2962 1511 3031 explicatur,
1551 2962 1604 3017 id
1642 2971 1811 3018 totum
1842 2962 1896 3016 in
1927 2978 1992 3017 eo
2019 2962 2132 3031 jam

527 3053 719 3109 ordine
744 3054 1195 3124 comprehendit,
1247 3071 1405 3125 quem
1454 3072 1518 3112 ex
1566 3056 1735 3126 ipsius
1783 3071 1995 3112 summo
2039 3056 2133 3109 illo

526 3144 874 3217 perfectoque
910 3147 1118 3217 judicio
1149 3148 1335 3202 mundi
1368 3148 1525 3218 hujus
1559 3149 1683 3203 linis
1720 3151 1970 3220 accipiet.
2004 3150 2133 3202 "ch

2233 1943 2256 1970 ε
2284 1934 2352 1989 ad
2384 1936 2486 1992 hoc
2514 1948 2573 1994 ut
2600 1950 2895 2010 operentur
2923 1942 3085 1998 electi
3129 1944 3257 1997 sint.
3312 1942 3580 1998 Virtutum
3631 1946 3813 2015 quippe

2228 2043 2451 2084 munera
2480 2031 2655 2086 otiosa
2678 2048 2798 2088 esse
2828 2047 2933 2089 non
2967 2044 3213 2103 possunt.
3242 2034 3531 2102 Quoniam,
3560 2036 3706 2091 sicut
3728 2035 3812 2092 Ye-

2228 2124 2361 2179 ritas
2390 2125 2484 2191 ait,
2521 2125 2674 2180 Omni
2710 2126 2916 2182 habenti
2959 2128 3163 2183 dabitur
3186 2169 3203 2196 ,
3254 2145 3357 2183 non
3406 2127 3617 2183 habenti
3663 2139 3813 2184 autem

2228 2216 2383 2271 etiam
2407 2217 2546 2286 quod
2570 2216 2717 2271 habet
2744 2219 3009 2289 auferetur
3037 2220 3103 2273 ab
3129 2235 3187 2274 eo
3211 2218 3387 2291 (Matt.
3414 2234 3547 2287 xxv,
3569 2218 3690 2289 29).
3711 2218 3811 2274 Non

2231 2307 2391 2380 igitur
2421 2308 2489 2363 ad
2518 2308 2621 2364 hoc
2656 2309 2817 2363 datur
2855 2310 3183 2366 continentia
3205 2350 3223 2378 ,
3270 2319 3329 2365 ut
3376 2311 3812 2378 concupiscentiis

2233 2416 2343 2455 non
2374 2410 2657 2471 repugnet.
2694 2402 2858 2473 923
2884 2401 2993 2458 Nec
3022 2401 3145 2457 ideo
3173 2401 3424 2472 cuiquam
3461 2401 3713 2457 tribuitur
3738 2416 3809 2455 sa-

2234 2493 2432 2564 pientia
2465 2501 2518 2548 ct
2542 2492 2869 2560 intellectus,
2894 2504 2949 2548 ut
2975 2509 3082 2550 non
3106 2494 3193 2550 die
3221 2510 3283 2551 ac
3307 2503 3466 2551 nocte
3492 2494 3512 2533 ί
3538 2497 3592 2550 in
3619 2495 3811 2551 Domini

2236 2586 2353 2655 lege
2382 2585 2671 2641 meditetur
2696 2585 2870 2659 (Psal.
2894 2601 2934 2655 ι,
2959 2584 3039 2657 2).
3067 2585 3205 2653 Quid
3229 2587 3338 2657 agit
3363 2586 3564 2642 donum
3590 2586 3812 2643 dilectio-

2234 2680 2353 2742 nis,
2386 2680 2431 2733 si
2476 2679 2868 2735 benevolentize
2911 2678 3217 2735 sollicitudo
3264 2694 3374 2733 non
3423 2679 3659 2751 vigilat?
3701 2680 3815 2747 Quis

2236 2770 2441 2826 fructus
2489 2780 2573 2827 est
2617 2771 2891 2841 patientia:
2916 2816 2931 2841 ,
2978 2772 3027 2827 si
3068 2787 3175 2827 non
3216 2772 3379 2827 habet
3402 2771 3661 2827 fortitudo
3687 2771 3815 2842 quod

2237 2867 2471 2922 toleret?
2498 2868 2606 2922 Aut
2632 2869 2903 2938 quomodo
2930 2868 2981 2922 in
3013 2866 3227 2923 Christo
3262 2870 3349 2939 pie
3372 2869 3556 2924 vivere
3582 2868 3665 2939 (ll
3694 2867 3815 2923 Tini.

2240 2974 2320 3025 tu,
2352 2957 2405 3027 1)
2440 2968 2464 3005 8
2492 2958 2820 3027 ostenditur,
2851 2959 2942 3029 qui
2975 2959 3119 3012 nulla
3153 2959 3531 3028 persecutione
3556 2959 3819 3030 pulsatur?

2238 3048 2335 3104 Vel
2363 3064 2465 3119 pax
2497 3065 2616 3120 qua:
2642 3058 2725 3105 est
2751 3064 2780 3103 a
2811 3050 2921 3105 Deo
2946 3058 3005 3104 et
3034 3064 3157 3104 cum
3201 3049 3313 3104 Deo
3334 3091 3351 3116 ,
3395 3050 3637 3119 numquid
3686 3050 3817 3106 bene

2238 3142 2417 3210 quieta
2461 3150 2543 3197 cst
2566 3182 2581 3207 ,
2629 3143 2674 3197 si
2721 3156 2827 3196 non
2858 3139 2887 3176 ¹ι
2916 3141 3191 3196 discordat
3218 3156 3247 3194 a
3282 3141 3520 3196 mundo?
3549 3144 3644 3197 Aut
3675 3155 3819 3196 amor

529 3244 712 3291 autem
736 3245 937 3292 aeterna
959 3248 1014 3293 et
1034 3253 1250 3309 semper
1272 3240 1559 3309 tranquilla
1582 3241 1842 3312 cognitio,
1869 3241 2015 3295 nulla
2034 3256 2131 3296 nos
2158 3243 2205 3303 C
2240 3236 2337 3293 Dei
2376 3238 2388 3273 ί
2423 3246 2601 3307 potest
2630 3236 2748 3291 sine
2768 3235 2967 3290 diaboli
3007 3235 3305 3290 inimicitiis
3347 3234 3617 3290 obtineri?
3652 3234 3820 3289 Nemi-

531 3338 689 3400 urget
707 3331 1028 3387 necessitate
1051 3332 1332 3402 peccandi,
1358 3348 1459 3388 nec
1480 3332 1606 3389 inde
1635 3344 1823 3388 manat
1849 3332 2130 3404 iniquitas,

531 3422 675 3477 unde
681 3421 913 3492 justitia.
927 3423 1062 3491 Quia
1080 3440 1201 3479 cum
1220 3425 1394 3480 bonus
1410 3425 1555 3480 Deus
1571 3425 1751 3481 omnia
1766 3425 1904 3481 bona
1920 3424 2132 3492 fecerit,

527 3510 560 3550 ι’
583 3520 638 3568 et
658 3513 787 3568 mali
811 3513 959 3568 nulla
979 3514 1051 3569 sit
1071 3515 1295 3570 omnino
1326 3525 1539 3585 natura,
1565 3531 1595 3570 a
1623 3516 1811 3572 liberis
1837 3516 2131 3571 voluntati-

527 3604 650 3671 bus,
682 3619 816 3677 quas
843 3607 1029 3677 utique
1063 3607 1264 3662 bonum
1300 3607 1400 3661 luit
1426 3607 1625 3663 liberas
1656 3608 1796 3677 ﬁeri,
1834 3618 2132 3679 spontaneo

529 3706 615 3753 est
642 3708 762 3754 orta
789 3699 1179 3770 transgressio;
1212 3709 1269 3755 et
1300 3709 1491 3755 natura
1520 3700 1827 3767 mutabilis,
1860 3700 2015 3770 cujus
2045 3700 2130 3755 in-

525 3790 816 3847 columitas
861 3793 928 3847 ab
972 3793 1400 3849 incommutabili
1450 3793 1722 3864 pendebat
1777 3794 2052 3859 essentia,
2101 3807 2133 3846 a

526 3897 743 3938 summo
773 3900 833 3939 se
860 3885 1026 3954 bono,
1063 3895 1085 3924 ο
1113 3885 1240 3940 dum
1278 3887 1498 3955 proprio
1529 3901 1785 3956 perverse
1812 3886 2130 3954 delectatur,

527 3973 774 4044 abrupit;
805 3975 895 4031 cui
923 3990 1068 4032 nunc
1095 3976 1266 4032 ruinae
1298 3978 1546 4033 medetur
1572 3979 1748 4048 gratia
1778 3979 1894 4035 Dei.

1084 4088 1309 4145 CAPUT
1350 4090 1570 4147 XXXV.

530 4177 711 4231 Gratia
736 4178 891 4232 datur
918 4177 1112 4239 electis.
1144 4197 1249 4234 non
1278 4190 1331 4234 ut
1359 4183 1601 4248 otientur,
1626 4183 1701 4237 vel
1730 4201 1762 4237 a
1802 4185 1947 4239 nullo
1987 4189 2131 4241 hoste

593 4251 925 4320 impetantur,
946 4250 1034 4304 sed
1057 4261 1112 4303 ut
1131 4251 1252 4305 bene
1274 4264 1564 4322 operentur,
1588 4264 1631 4308 et
1650 4256 1843 4308 hostem
1863 4258 2089 4312 vincant.

603 4342 671 4397 Et
690 4351 973 4413 pr0pterea
992 4341 1148 4398 Jesus
1170 4343 1415 4398 Christus
1437 4346 1583 4400 venit
1603 4346 1655 4399 in
1682 4347 1823 4401 hunc
1846 4349 2128 4415 mundum,

529 4442 586 4488 ut
607 4433 769 4489 solvat
790 4450 945 4504 opera
970 4433 1164 4489 diaboli
1190 4434 1243 4507 (Ι
1271 4436 1428 4491 Joan.
1460 4452 1537 4503 ut,
1570 4436 1665 4508 8);
1695 4453 1814 4508 quae
1844 4440 2024 4510 utique
2052 4441 2131 4497 sic

2240 3344 2361 3384 nem
2392 3342 2613 3399 prorsus
2640 3327 2734 3383 Dei
2759 3329 2928 3398 gratia
2958 3327 3329 3382 intentabilem
3366 3325 3518 3382 facit.
3550 3325 3727 3397 Neque
3755 3326 3821 3380 ob

2241 3426 2345 3478 hoc
2375 3420 2677 3477 caelestium
2706 3435 2978 3475 armorum
3011 3420 3259 3490 praesidio
3284 3436 3313 3474 a
3343 3420 3553 3476 dextris
3575 3430 3671 3474 eta
3702 3418 3821 3472 sini-

2240 3517 2368 3570 stris
2392 3514 2674 3568 instruitur
2696 3513 3001 3569 Christiana
3033 3512 3248 3582 militia,
3280 3523 3341 3569 ut
3365 3513 3514 3568 nullo
3535 3528 3653 3568 cum
3676 3512 3821 3567 hoste

2240 3605 2515 3676 conﬂigat,
2549 3619 2671 3659 cum
2694 3604 3017 3659 laudabilius
3039 3605 3111 3659 sit
3136 3603 3149 3655 i
3182 3613 3343 3675 atque
3366 3604 3578 3661 felicius
3601 3618 3823 3676 pugnan-

2241 3709 2350 3754 tem
2382 3714 2486 3753 non
2522 3699 2757 3768 potuisse
2783 3697 2946 3762 vinci,
2980 3711 3140 3768 quam
3173 3696 3418 3754 desidem
3451 3713 3556 3754 non
3602 3696 3824 3768 potuisse

2240 3794 2463 3850 tentari.

2784 3886 3013 3944 CAPUT
3056 3886 3304 3944 XXXVI.

2239 4040 2243 4047 ε
2295 3979 2496 4035 Electio
2522 3996 2624 4034 non
2660 3981 2791 4054 tollit
2821 3982 3003 4054 orandi
3030 3982 3286 4046 studium,
3320 3982 3409 4035 sed
3432 3985 3548 4054 ejus
3575 3980 3773 4049 eiectus

2455 4068 2544 4123 per
2575 4053 2856 4107 orationem
2883 4063 2929 4107 et
2958 4052 3089 4107 bona
3127 4069 3281 4125 opera
3320 4052 3622 4123 completur.

2310 4168 2628 4223 Orationum
2673 4182 2803 4224 vero
2850 4167 3273 4224 sollicitudinem
3317 4167 3516 4223 divinae
3562 4164 3827 4223 electionis

2237 4260 2517 4330 proposito
2546 4275 2654 4315 non
2677 4258 2896 4325 resolvi,
2927 4273 3035 4314 uno
3061 4258 3373 4315 testimonio
3404 4258 3681 4313 evidenter
3715 4272 3777 4325 pr
3809 4284 3829 4295 -

2237 4351 2401 4418 babo,
2437 4360 2495 4407 ut
2521 4362 2715 4407 caetera
2746 4349 2927 4407 studio
2962 4350 3245 4407 brevitatis
3290 4351 3560 4406 omittam.
3601 4349 3653 4404 in
3699 4348 3830 4401 libro

2238 4442 2402 4512 igitur
2432 4443 2615 4499 'l‘obite
2646 4442 2711 4499 ad
2745 4442 2913 4498 lilium
2937 4441 3057 4513 ejus
3084 4442 3309 4498 Tobiam
3347 4440 3586 4513 Raphael
3619 4437 3830 4507 angelus

606 4649 631 4678 ιι
660 4638 856 4715 Leonis
880 4637 1070 4715 editio,
1098 4638 1206 4693 hac
1228 4654 1281 4692 se
1305 4639 1583 4715 ingeniose.
1611 4639 1771 4708 Editi,
1794 4658 1848 4697 se
1874 4643 2134 4713 ingeniose
2158 4647 2214 4709 D
2239 4642 2337 4699 hoc
2364 4653 2421 4698 ut
2454 4654 2725 4715 operentur
2753 4646 2901 4699 electi
2929 4645 3049 4699 sint.
3082 4642 3327 4715 Concinit
3354 4643 3511 4712 plane
3530 4644 3680 4700 beato
3695 4644 3828 4711 Δροε

533 4712 649 4765 hoc.
679 4709 778 4765 Ms.
811 4708 915 4765 Jol.
945 4709 1135 4765 ordine
1158 4724 1316 4778 supra
1348 4708 1571 4780 scripto.

604 4780 632 4821 δ
664 4782 761 4835 Ms.
790 4780 1064 4845 Joliensis,
1091 4790 1137 4834 et
1164 4782 1301 4834 mala
1325 4783 1471 4836 nulla
1499 4789 1565 4836 sit
1595 4784 1799 4840 omnino
1826 4794 2030 4841 natura.

608 4862 630 4890 ε
662 4852 762 4906 Ms.
804 4850 1061 4927 Joliensis
1098 4867 1204 4906 non
1245 4852 1402 4908 habet
1434 4870 1681 4925 perverse.
1714 4856 1890 4912 Editio
1914 4858 2131 4927 Leonis,

539 4924 659 4978 dum
688 4923 907 4993 propriis
933 4925 1231 4976 delectatur.

604 4993 629 5030 ιι
656 4993 795 5073 91in
824 4995 976 5073 editi,
1006 4994 1163 5066 eligit.
1197 4994 1296 5050 Ms.
1323 4995 1427 5050 Jol.
1456 5009 1511 5052 et
1530 4996 1726 5054 Leonis
1750 5001 1935 5067 editio,
1962 5002 2134 5073 elegit.

607 5076 630 5102 ο
664 5064 743 5141 ita
768 5064 1053 5141 legendum
1075 5064 1227 5132 esse,
1259 5081 1363 5121 non
1392 5084 1545 5133 vero,
1578 5080 1636 5124 ut
1663 5082 1817 5126 antea
1855 5064 2134 5141 legeba'tur

533 5138 590 5191 in
618 5135 799 5209 editis,
829 5137 896 5190 ad
924 5135 1020 5209 hoc
1041 5148 1313 5209 aperentur
1338 5149 1391 5193 ut
1411 5141 1556 5193 electi
1582 5143 1681 5195 sint
1706 5183 1721 5209 ,
1757 5154 1809 5198 ct
1848 5135 2135 5199 contextus

533 5208 704 5279 series
732 5208 1042 5279 persuadet,
1068 5219 1123 5263 et
1153 5221 1257 5261 tom
1287 5208 1442 5279 hujus
1476 5212 1597 5265 libri
1623 5214 1891 5279 doctrina,
1919 5227 1970 5268 ct
1998 5229 2129 5270 mss.

534 5276 830 5349 Thua_n.et
856 5278 1132 5335 Joliensis.
1162 5276 1408 5349 Objectio
1450 5282 1624 5348 enim,
1668 5286 1755 5338 cui
1794 5276 1977 5340 verbis
2016 5287 2133 5340 istis

534 5347 831 5421 satisfecit,
848 5364 914 5404 ex
940 5365 1005 5404 eo
1034 5364 1152 5403 nam
1184 5347 1287 5417 est,
1321 5353 1465 5421 quod
1495 5347 1620 5409 ante
1645 5355 1903 5411 docuerat
1932 5358 1984 5409 in
2019 5358 2134 5411 haec

535 5418 749 5490 verba:
796 5418 872 5490 De
914 5421 1228 5490 plenitudine
1274 5418 1616 5477 membrorum
1664 5428 1893 5490 corporis
1940 5428 2136 5482 Christi

533 5489 857 5569 prtescientia
902 5489 1034 5558 Dei,
1079 5508 1193 5569 qua;
1232 5492 1347 5563 falli
1377 5511 1478 5548 non
1502 5506 1686 5561 potest,
1712 5489 1838 5551 nihil
1867 5500 2055 5569 perdit,
2088 5509 2137 5553 et

533 5560 683 5639 nullo
706 5559 1003 5639 detrimento
1028 5559 1187 5639 minui
1219 5559 1377 5633 potest
1403 5559 1605 5639 summa
1640 5559 1952 5639 praecognita
1980 5559 2133 5639 atque
2216 5572 2245 5613 ”ι

531 5632 589 5708 in
621 5628 965 5708 Chrisloante
992 5628 1399 5708 steculait'eterna
1433 5628 1702 5707 praelecta
1726 5683 1740 5707 ,
1774 5628 1894 5708 cap.
1939 5628 2130 5696 55.'Si

533 5700 675 5766 haec,
704 5700 971 5825 inquiunt,
1004 5703 1077 5759 ita
1100 5720 1160 5761 se
1191 5707 1389 5762 habent
1410 5700 1588 5774 {ratio
1628 5700 1875 5779 θρίξ-ωιᾱὶ
1913 5728 2016 5765 ηοη
2058 5724 2132 5766 est

533 5770 725 5824 electis.
799 5789 941 5825 tumo
968 5816 983 5825 .
1036 5779 1232 5825 reaerit
1272 5777 1379 5825 ille-
1413 5782 1644 5825 maxima
1680 5781 1815 5825 rntin
1844 5784 2101 5825 nnm'nndi

533 5770 725 5824 electis.
772 5770 941 5827 lnttno
968 5816 983 5839 ,
1036 5779 1232 5851 regerit
1272 5777 1381 5842 ille,
1412 5770 1815 5851 maxima-ratio
1844 5784 2127 5851 onerandi,

535 5852 658 5897 cum
688 5854 800 5897 non
827 5851 1032 5901 tantum
1060 5846 1129 5903 ad
1158 5848 1259 5903 hoc
1284 5858 1347 5903 ut
1371 5849 1671 5919 solventur,
1699 5854 1802 5914 sed
1837 5846 2030 5923 etiam,
2060 5846 2129 5909 ad
2220 5908 2237 5923 ,
2280 5896 2290 5920 τ

1775 5940 1800 5985 1

2238 4718 2382 4771 stolo
2408 4711 2708 4786 ad'Ephes.
2736 4732 2794 4780 ιι,
2832 4717 2896 4771 l0
2922 4735 2933 4769 :
2969 4716 3218 4786 Creati‘in
3250 4711 3453 4769 Christo
3478 4715 3604 4769 Jesu
3634 4716 3679 4768 in
3706 4729 3827 4786 ope-

2238 4788 2379 4841 ribus
2407 4783 2580 4853 bonis,
2613 4804 2726 4857 qua:
2775 4789 3080 4858 prwparavit
3120 4783 3259 4839 Deus
3292 4794 3347 4837 ut
3382 4787 3436 4838 in
3477 4785 3580 4839 illis
3618 4785 3829 4839 ambule-

2239 4874 2383 4921 mus;
2414 4867 2470 4911 et
2496 4874 2613 4927 cap.
2642 4875 2680 4922 ι,
2708 4860 2766 4923 4,
2798 4857 2966 4928 Elegit
3004 4875 3096 4911 nos
3126 4860 3177 4910 in
3214 4857 3327 4924 ipso
3361 4866 3483 4911 ante
3517 4858 3685 4912 mundi
3710 4872 3829 4909 con-

2238 4930 2573 4994 stitutionem,
2607 4939 2661 4982 ut
2691 4946 2912 4984 essemus
2933 4930 3121 4983 sancti.
3169 4928 3297 4982 lude
3339 4929 3521 4982 hausit
3561 4929 3616 4984 S.
3659 4931 3830 4993 Αιιαιιο

2240 5001 2415 5054 stinus
2443 5001 2582 5069 quod
2616 5002 2811 5063 passim
2844 5001 3024 5067 docet,
3049 4998 3190 5069 quod
3216 4999 3598 5069 prtzdestinotio
3617 5011 3679 5053 est
3700 5010 3831 5063 prte-

2243 5073 2442 5139 paratio
2479 5072 2834 5139 beneﬁciorum
2866 5070 2983 5135 Dei,
3037 5071 3219 5140 quibus
3257 5071 3535 5123 certissime
3572 5071 3833 5140 liberantur

2241 5143 2546 5212 quicumque
2584 5145 2886 5212 liberantur.
2928 5139 3082 5209 Quod
3130 5141 3513 5209 prwdestinalio
3554 5150 3623 5194 est
3661 5139 3834 5212 grati;

2242 5208 2577 5284 prteparatio.
2602 5212 2753 5279 Quod
2779 5211 2914 5267 Deus
2939 5208 3315 5284 praedestinavit
3341 5227 3469 5280 quos
3494 5208 3734 5273 uoluit,“
3763 5208 3832 5284 qd

2242 5280 2401 5354 opera
2428 5286 2579 5349 bona,
2610 5294 2656 5338 et
2683 5284 2751 5337 ad
2784 5280 2992 5351 prsentia
3033 5282 3363 5354 sempiterna.
3400 5284 3590 5348 Porro,
3625 5291 3672 5335 ut
3706 5280 3835 5332 sub-

2238 5356 2359 5424 iicit
2402 5364 2588 5411 auctor
2636 5364 2820 5411 noster
2846 5398 2859 5423 ,
2904 5360 3147 5410 virtutum
3175 5370 3389 5409 munera
3420 5356 3584 5409 otiosa
3608 5366 3699 5409 esse
3729 5363 3835 5402 non

2241 5437 2477 5495 possunt.

2324 5495 2343 5536 ί
2380 5499 2478 5552 Ms.
2512 5498 2785 5566 Joliensis,
2812 5500 2865 5553 in
2896 5498 2993 5553 Dei
3021 5499 3147 5569 lege.

2320 5578 2347 5615 8
2382 5570 2480 5625 Ms.
2518 5569 2796 5634 Joliensis,
2827 5572 3072 5623 creditur.

2322 5638 2349 5677 ¹¹
2383 5642 2483 5697 Ms.
2513 5640 2783 5710 .loliensis,
2817 5643 3045 5695 discedat
3071 5658 3102 5696 a
3125 5644 3337 5697 mundo.

2324 5712 2342 5750 ί
2379 5713 2543 5776 Editi,
2577 5715 2779 5781 poterit.

2320 5786 2338 5834 ἱ
2372 5784 2466 5840 Ms.
2489 5785 2833 5855 Camberon.,
2854 5786 3028 5857 utique
3042 5797 3379 5860 pugnantem,
3401 5788 3595 5843 omisso
3610 5782 3831 5858 felicius.
