4014 6348
279 373 376 431 721

1086 365 1431 424 APPENDIX
1462 398 1529 408 —
1557 364 1850 424 CONClLll
1890 365 2307 426 ARAUSICANI
2346 367 2391 424 ll
2432 368 2769 428 CANONES.

3481 373 3591 433 722

274 485 443 542 dicit:
475 483 675 537 Memor
707 490 813 537 esto
860 480 1221 535 mandatorum
1270 481 1428 551 patris
1479 481 1551 531 tui
1578 522 1588 537 .
1633 480 1877 549 quoniam
1906 484 1954 544 Α
1982 478 2213 535 humana
2243 484 2550 552 cognitione
2578 493 2813 551 secreto,
2848 484 3133 554 prmlinitio
3166 486 3325 557 hujus
3362 487 3589 544 electio-

274 576 514 648 pmcepit
542 574 632 628 tibi
663 574 892 645 accipere
922 589 1137 628 uxorem
1160 573 1224 626 de
1257 588 1437 641 genere
1473 572 1636 641 patris
1677 572 1773 624 tui.
1810 569 1879 625 Et

272 686 409 723 nunc
432 668 553 722 audi
580 683 678 731 me,
708 665 1020 737 fratermoli
1044 674 1342 733 computare
1380 664 1689 719 damtonium
1720 663 1876 727 illud,

268 764 357 816 sed
406 762 612 833 postula
659 776 794 818 eam.
842 757 912 814 Et
959 760 1088 815 scito
1134 760 1377 829 quoniam
1425 757 1628 812 dabitur
1660 758 1751 812 tibi
1780 757 1878 812 hac

269 865 415 909 nocte
446 871 575 908 uxor
600 870 618 908 :
647 862 695 907 et
723 869 842 907 cum
870 852 1138 908 intraveris
1178 852 1231 906 in
1274 851 1561 905 cubiculum
1585 894 1600 918 ,
1651 851 1771 905 tolle
1813 852 1877 905 de

262 932 436 1006 iecore
474 947 628 1019 piscis
665 948 806 1002 illius
832 988 847 1013 ,
880 956 928 1001 et
958 947 1161 1019 impone
1188 963 1345 1011 super
1373 945 1641 1014 carbones,
1672 956 1721 999 et
1748 945 1877 1000 odor

266 1042 517 1106 manabit,
548 1051 594 1096 et
618 1040 917 1096 odorabitur
940 1041 1074 1095 illud
1105 1040 1450 1105 dwmonium,
1488 1050 1536 1094 et
1584 1041 1781 1111 fugiet,
1828 1049 1876 1095 et

266 1152 366 1188 non
390 1134 655 1207 apparebit
680 1136 815 1188 circa
843 1133 986 1187 illam
1016 1134 1221 1187 omnino
1247 1134 1301 1186 in
1325 1143 1643 1204 perpetuum.
1670 1130 1737 1185 Et
1760 1149 1875 1187 cum

266 1230 476 1297 carperis
506 1228 632 1282 uelle
659 1244 765 1283 esse
790 1245 906 1282 cum
932 1228 1054 1293 illa,
1094 1228 1283 1298 surgite
1331 1228 1553 1293 primum
1594 1226 1745 1281 ambo
1769 1272 1783 1295 ,
1826 1236 1875 1280 et

264 1322 613 1389 deprecantini
644 1321 921 1376 Dominum
953 1321 1084 1387 coeli,
1118 1330 1174 1374 ut
1194 1322 1343 1374 detur
1362 1320 1500 1374 vobis
1522 1319 1874 1374 misericordia

262 1422 311 1466 et
340 1414 554 1467 sanitas.
585 1412 839 1485 519%
861 1414 1015 1467 nolite
1048 1413 1258 1476 timere;
1299 1412 1390 1466 tibi
1434 1413 1572 1467 enim
1620 1410 1874 1466 destinata

262 1516 339 1561 cst
378 1517 497 1561 ante
519 1509 731 1575 stzcula,
759 1516 807 1562 et
837 1516 891 1561 tu
919 1524 1032 1561 eam
1060 1507 1266 1560 sanabis
1293 1505 1445 1577 (Tob.
1487 1520 1558 1572 vt,
1589 1504 1653 1560 l6
1683 1504 1868 1576 καφ).

260 1599 519 1668 Quamvis
546 1617 675 1670 ergo
703 1601 849 1672 quod
880 1600 1065 1656 statuit
1096 1601 1237 1655 Deus
1264 1600 1406 1653 nulla
1447 1599 1618 1668 possit
1662 1598 1872 1653 ratione

261 1710 372 1748 non
402 1694 539 1759 lieri,
566 1694 739 1749 studia
770 1703 945 1750 tamen
977 1708 1082 1749 non
1112 1694 1371 1749 tolluntur
1398 1691 1618 1758 orandi,
1649 1706 1751 1747 nec
1774 1706 1870 1762 per

256 1788 543 1845 electionis
568 1788 900 1859 propositum
924 1787 1079 1843 liberi
1100 1787 1306 1842 arbitrii
1329 1785 1546 1842 devotio
1570 1784 1863 1841 relaxatur:

1983 571 2066 627 nis
2095 574 2404 630 abscondita
2435 584 2539 632 est.

2518 649 2745 704 CAPUT
2784 648 3050 705 XXXVII.

1982 714 2227 796 De_nul_lo
2255 727 2369 773 ante
2393 720 2684 796 ﬁnemuitm
2714 721 2865 796 Itujus
2896 723 3227 796 pronuntiari,
3264 734 3426 796 potest
3446 726 3587 790 quod

2050 787 2106 867 in
2134 786 2413 867 electorum
2439 791 2695 867 gloria‘sil
2725 786 2969 860 futurus;
3009 803 3055 847 et
3098 786 3293 849 nullius
3330 786 3469 867 lapsi
3508 805 3588 853 est

2052 860 2373 930 desperanda
2402 864 2680 931 reparatio.

2050 948 2122 1005 Et
2149 950 2217 1007 de
2244 952 2393 1006 nullo
2438 962 2565 1009 ante
2608 955 2775 1023 ipsius
2820 956 2981 1013 tinem
3024 961 3361 1026 pronuntiari
3403 968 3587 1033 potest

1977 1042 2120 1113 quod
2149 1044 2201 1098 in
2232 1042 2526 1099 electorum
2550 1047 2717 1116 gloria
2747 1047 2815 1102 sit
2854 1047 3094 1119 futurus,
3128 1061 3185 1107 ut
3212 1064 3584 1122 perseveran-

1977 1146 2085 1192 tem
2119 1136 2480 1192 humilitatem
2510 1138 2652 1192 utilis
2677 1148 2855 1195 metus
2878 1152 3080 1210 servet,
3107 1154 3161 1200 et
3180 1146 3269 1216 qui
3287 1156 3388 1201 stat
3411 1147 3584 1202 videat

1977 1245 2041 1283 ne
2077 1228 2230 1283 cadat
2268 1228 2320 1298 (l
2350 1228 2469 1283 Cor.
2508 1245 2564 1298 ι,
2596 1228 2721 1295 12);
2752 1230 2781 1269 ιι
2811 1240 2865 1287 et
2909 1234 2956 1288 si
3002 1234 3141 1290 forte
3186 1238 3362 1308 aliqua
3405 1239 3583 1295 victus

1977 1324 2272 1378 tentatione
2314 1325 2618 1387 corruerit,
2672 1340 2781 1379 non
2822 1326 3176 1385 absorbeatur
3200 1332 3444 1400 tristitia,
3476 1348 3580 1391 nec

1975 1415 2045 1470 de
2085 1414 2200 1483 ejus
2238 1414 2587 1471 miseratione
2625 1414 2835 1471 difﬁdat
2867 1419 2957 1488 qui
3000 1421 3186 1475 allevat
3229 1440 3402 1480 omnes
3437 1437 3459 1465 ο
3487 1427 3580 1499 qui

1974 1517 2245 1575 corruunt,
2277 1518 2324 1562 et
2352 1510 2502 1579 erigit
2524 1526 2697 1564 omnes
2718 1510 2869 1565 elisos
2892 1511 3064 1581 (Psal.
3091 1530 3273 1585 cxuv,
3298 1519 3411 1590 Η).
3439 1521 3579 1576 Dum

1974 1600 2119 1656 enim
2153 1599 2207 1654 in
2240 1599 2340 1654 hoc
2364 1614 2595 1670 corpore
2627 1602 2847 1669 vivitur,
2881 1604 3082 1661 nullius
3105 1605 3132 1643 ά
3154 1617 3240 1663 est
3260 1611 3577 1682 negligenda

1972 1694 2257 1758 correctio,
2291 1695 2490 1750 nullius
2515 1703 2599 1751 est
2626 1695 2965 1767 desperanda
2996 1700 3289 1769 reparatio.
3317 1702 3449 1759 Oret
3476 1705 3578 1761 ita-

1972 1802 2078 1858 que
2101 1795 2282 1841 sancta
2317 1786 2580 1855 Ecclesia,
2612 1798 2668 1844 et
2694 1806 2791 1856 pro
2821 1790 2889 1845 iis
2928 1796 3020 1862 qui
3060 1793 3411 1851 crediderunt
3447 1812 3576 1867 gra-

257 1895 385 1935 cum
432 1879 719 1949 implendas:
760 1878 1052 1933 voluntatis
1100 1879 1195 1933 Dei
1245 1879 1321 1933 ita
1359 1878 1429 1933 sit
1475 1877 1866 1949 praeordinatus
1896 1878 1942 1937 Β
1971 1880 2073 1935 tias
2104 1896 2301 1951 agens,
2355 1882 2723 1952 proﬁcientem
2770 1883 2848 1939 eis
2891 1886 3348 1954 perseverantiam
3391 1898 3572 1959 petat;

254 1974 485 2030 allectus
511 2016 525 2040 ,
571 1983 632 2029 ut
676 1989 773 2044 per
808 1974 1046 2029 laborem
1090 1988 1334 2042 operum,
1390 1986 1486 2041 per
1543 1972 1855 2026 instantiam
1960 1988 2059 2044 pro
2092 1974 2156 2027 iis
2186 1983 2363 2028 autem
2385 1975 2476 2045 qui
2498 1983 2650 2029 extra
2674 1974 2836 2030 tidem
2857 1987 3004 2041 sunt,
3030 1988 3217 2047 poscat
3244 1988 3301 2034 ut
3321 1979 3580 2035 credant.-

256 2077 286 2105 ι
319 2068 790 2139 supplicationum,
820 2082 916 2138 per
939 2067 1197 2123 exercitia
1225 2066 1483 2121 virtutum
1515 2063 1645 2119 llant
1674 2064 1854 2120 incre-
1960 2062 2072 2120 Nec
2099 2064 2220 2119 ideo
2246 2064 2314 2118 ab
2338 2064 2803 2121 obsecrationibus
2830 2076 3039 2133 cesset,
3071 2069 3118 2123 si
3160 2084 3259 2139 pro
3294 2069 3573 2141 aliquibus

253 2170 440 2216 menta
471 2162 825 2227 meritorum;
852 2169 908 2215 et
936 2162 1026 2231 qui
1058 2161 1196 2216 bona
1226 2160 1514 2229 gesserint,
1549 2174 1653 2213 non
1679 2159 1855 2213 solum
1959 2158 2209 2214 exaudita
2260 2173 2364 2213 non
2416 2158 2597 2215 fuerit.
2653 2160 2796 2237 Deus
2843 2160 2988 2216 enim
3038 2162 3129 2232 qui
3166 2177 3339 2220 mes
3367 2165 3472 2219 vult
3500 2165 3573 2219 ad

250 2253 555 2309 secundum
588 2255 921 2324 propositum
954 2254 1069 2318 Dei,
1099 2253 1195 2309 sed
1221 2253 1385 2309 etiam
1424 2252 1721 2307 secundum
1758 2266 1856 2307 sua
1960 2253 2273 2322 agnitionem
2308 2254 2531 2308 ueritatis
2560 2240 2809 2325 venire'(l
2839 2254 2977 2310 Tim.
3010 2272 3069 2325 ιι,
3112 2256 3191 2327 4),
3242 2265 3353 2314 HV.
3391 2266 3570 2328 potest

252 2348 449 2401 merita
480 2355 823 2402 coronentur.
846 2345 929 2401 Ob
958 2344 1062 2400 hoc
1104 2346 1247 2401 enim
1293 2346 1345 2400 in
1386 2344 1747 2400 remmissimo
1788 2345 1855 2399 ab
1961 2361 2285 2417 quemquam
2313 2348 2431 2402 sine
2454 2346 2663 2417 justitia
2694 2345 2952 2405 refutare.

330 2470 357 2533 ξ
388 2460 485 2533 Ms.
517 2461 863 2533 Camberon..
892 2462 1312 2533 supplicantium.

2037 2472 2061 2533 ξ
2092 2460 2237 2533 Editi
2266 2462 2421 2527 alias,
2446 2464 2533 2533 qui
2560 2472 2736 2517 ruunt.

328 2528 357 2571 δ
382 2532 481 2588 Ms.
514 2532 703 2589 Camb.
733 2541 788 2589 et
809 2528 1027 2599 Jul.,'ac
1048 2534 1091 2587 si
1117 2535 1269 2604 forte.

2036 2528 2063 2567 ἀ
2091 2532 2148 2587 1η
2179 2549 2279 2587 ms.
2306 2528 2529 2588 Joliensi
2560 2535 2826 2591 omittitur
2855 2544 2927 2591 est
2956 2535 3058 2592 boc
3083 2536 3219 2593 loco.

1438 2719 2375 2845 APPENDIX

1704 2906 1812 2967 AD
1856 2905 2122 2969 OPERA

710 3027 858 3173 s.
965 3028 1966 3177 PROSPERI
2064 3027 3096 3211 AQUITANI.

252 3302 360 3381 Hie
420 3300 563 3381 liber-
602 3298 669 3381 de
700 3298 817 3353 Vita
842 3297 1272 3381 pontem_plativa
1312 3341 1330 3368 ,
1389 3311 1445 3381 ut
1474 3302 1566 3381 qui
1594 3302 1655 3357 S.
1688 3301 1946 3381 Prospero
1987 3304 2053 3357 ab
2096 3307 2436 3381 erudissimisi
2468 3308 2590 3381 viris
2642 3322 2732 3377 per
2784 3308 2991 3381 longum
3054 3308 3297 3377 temporis
3356 3308 3562 3380 lapsum

323 3370 805 3449 fueritladscriptus,
836 3371 889 3424 in
922 3372 1156 3449 omnibus
1187 3370 1510 3449 anteceditis
1537 3374 1793 3449 exstabat.
1816 3370 1929 3449 Nos
1971 3392 2109 3438 vero,
2139 3378 2261 3449 quia
2284 3370 2787 3447 jamdudumverum
2805 3370 3103 3449 dignoscere
3116 3370 3375 3435 auctorem
3390 3370 3558 3448 licuit,

324 3442 375 3499 et
430 3443 641 3523 aliunde
690 3445 975 3523 in'nostra
1017 3443 1292 3523 uniuersali
1334 3442 1667 3523 Bibliotheca
1689 3463 1815 3500 suus
1844 3448 2023 3516 cuique
2074 3442 2317 3517 scriptori
2359 3451 2653 3519 assignatur
2688 3451 2830 3505 locus
2856 3442 2907 3505 et
2931 3453 3082 3518 ordo,
3113 3452 3208 3506 Itoc
3248 3442 3558 3523 opusculum

326 3526 448 3570 tunc
485 3514 568 3569 edi
598 3511 889 3568 curabimus
925 3529 1041 3567 cum
1071 3522 1119 3567 et
1152 3512 1380 3569 Pomerii
1411 3532 1587 3585 opera.
1626 3516 1776 3571 Eutr.

480 3800 561 3861 1N
597 3798 944 3864 CONCILII
972 3799 1454 3863 ARAUSICANI
1489 3799 1542 3859 ll
1564 3684 2423 3862 éggiNgyggggATlA
2451 3802 2554 3863 ΕΤ
2590 3802 2884 3866 LIBERO
2912 3805 3313 3867 ARBITRIO.

322 3903 591 3960 Omnibus
622 3902 1076 3976 sanctiﬁl‘rosperi
1100 3901 1610 3976 operibttsuantteCIi
1640 3904 1780 3955 solet
1814 3902 2101 3976 concilium
2134 3903 2524 3976 Arausicanum
2558 3906 2879 3972 secundum,
2908 3921 3145 3961 canones
3174 3904 3363 3976 viginti
3396 3908 3555 3975 quin--

245 3992 360 4041 que
388 3976 753 4044 complexum.
788 3975 852 4028 Et
878 3964 1071 4028 merito
1094 3964 1332 4043 quidem.
1360 3971 1742 4045 Natnltnjusce
1762 3964 1973 4045 concilii
2002 3973 2241 4045 decreta,
2274 3973 2365 4045 illa
2387 3976 2625 4045 maxime
2651 3964 2901 4045 dogmata
2939 3985 3182 4031 statuunt
3213 3964 3332 4045 quae
3357 3964 3552 4032 contra

244 4047 718 4128 Semipelagianos
747 4046 1079 4128 Augustinus
1106 4047 1453 4127 p_rimut.r.,.ac
1479 4044 1674 4128 deinde
1704 4044 2371 4128 S..‘Prosper,‘Augusti_ui
2399 4044 2662 4128 doctrina:
2693 4044 2949 4102 strenuus
2979 4044 3301 4128 assertor-et
3326 4047 3549 4128 vin-dels,

248 4114 633 4175 defenderant.
666 4116 806 4183 Quin
836 4114 1002 4170 immo
1029 4131 1093 4170 ex
1133 4114 1416 4181 ipsissimis
1449 4114 1934 4185 utriusquePatris
1962 4115 2143 4171 verbis
2170 4116 2491 4171 concinnata
2523 4127 2782 4172 notantur
2805 4158 2820 4183 ,
2852 4134 2975 4174 cum
3004 4120 3114 4173 sint
3135 4134 3205 4174 ex
3226 4118 3457 4175 diversis
3486 4117 3551 4175 S.

249 4189 545 4259 Augustini
576 4190 725 4259 libris
769 4188 981 4250 hausta,
1027 4194 1086 4241 et
1110 4187 1389 4259 speciatim
1429 4201 1496 4259 ex
1523 4184 1805 4259 sententiis
1846 4186 1959 4259 illis
1982 4196 2240 4259 excerpta
2286 4202 2439 4259 quas
2460 4187 2519 4243 S.
2550 4188 2785 4259 Prosper
2811 4189 2880 4245 de
2904 4190 3159 4257 operibus
3183 4190 3240 4244 S.
3265 4189 3553 4257 Augustini

245 4257 573 4329 collegerat.
606 4258 715 4313 Nec
735 4259 911 4313 solum
936 4274 1002 4312 ex
1030 4257 1351 4330 Augustino,
1382 4257 1478 4330 sed
1505 4257 1669 4330 etiam
1698 4273 1763 4310 ex
1794 4258 2107 4330 operibusga
2130 4258 2403 4325 Prospero
2431 4258 2549 4326 ipso
2581 4257 2700 4327 post
2722 4262 3008 4330 Augustini
3034 4260 3240 4317 obitum
3271 4260 3505 4315 exaratis
3532 4278 3551 4315 :

246 4328 530 4400 quomodo
557 4346 622 4385 ex
653 4330 791 4384 libro
815 4338 1000 4383 contra
1042 4328 1370 4400 Coll-storem
1416 4328 1653 4397 decerpti
1680 4343 1916 4383 canones
1944 4330 2008 4393 6,
2043 4328 2076 4382 7
2103 4337 2157 4383 et
2177 4330 2230 4386 8.
2273 4330 2388 4394 Qua
2426 4328 3057 4399 episcOporum'illorum
3098 4331 3288 4397 agendi
3335 4330 3548 4387 ratione

186 4468 189 4471 _
249 4398 603 4457 manifestum
636 4412 739 4465 εει,
772 4400 1047 4468 probatam
1076 4400 1243 4454 fuisse
1269 4414 1299 4453 a
1328 4398 1575 4471 Patribus
1606 4400 1877 4471 Arausiczn
1903 4400 2376 4471 convenientibus,
2410 4398 2519 4454 tum
2551 4402 2857 4471 Augustini,
2886 4411 2996 4456 tum
3017 4402 3302 4471 speciatim
3331 4401 3390 4457 S.
3419 4401 3554 4457 Pro-

183 4469 201 4541 ξ
246 4475 402 4544 aperi
435 4473 602 4527 nostri
631 4473 931 4527 doctrinam
950 4488 981 4544 λε
1008 4472 1172 4544 immo
1201 4471 1360 4544 etiam
1392 4486 1419 4522 a
1444 4469 1627 4525 Felice
1652 4469 1743 4544 ιγ,
1772 4470 2097 4544 qugRoma
2128 4474 2370 4544 sedente,
2395 4480 2449 4525 et
2477 4472 2543 4544 atl
2574 4471 2627 4544 id
2645 4469 3060 4544 celebrandum
3076 4488 3172 4527 eos
3199 4472 3549 4544 admpnente,
3615 4530 3627 4544 _,

197 4588 200 4591 λ
247 4540 307 4599 ci.
339 4544 659 4599 anetoritate
688 4559 784 4597 sua
815 4542 1111 4605 muniente,
1141 4542 1378 4595 habitum
1409 4551 1490 4594 est
1515 4540 1826 4595 concilium.
1858 4542 1985 4597 Hac
2028 4544 2226 4599 docent
2272 4543 2457 4596 Patres
2487 4542 2539 4595 in
2572 4541 2897 4596 Prtel'atiune
2930 4543 3014 4597 his
3060 4544 3283 4599 verbis:
3310 4541 3553 4597 Pervenit
3615 4540 3629 4573 ³η

190 4618 199 4631 ’
247 4617 323 4670 ad
352 4632 446 4670 nos
470 4632 579 4669 esse
606 4614 807 4685 aliquos
836 4614 925 4684 qui
952 4613 1023 4685 de
1051 4614 1219 4683 gratia
1246 4621 1293 4666 et
1323 4612 1482 4685 libero
1507 4612 1720 4665 arbitrio
1749 4614 1919 4666 minus
1948 4624 2116 4681 caute,
2151 4626 2197 4667 et
2224 4630 2326 4667 non
2359 4612 2637 4685 secundum
2673 4612 2796 4681 fidei
2835 4615 3103 4669 catholica
3137 4615 3548 4685 simplicitatem,

247 4686 443 4741 sentire
472 4687 644 4740 velint.
681 4684 831 4741 Unde
851 4683 914 4737 id
940 4684 1111 4755 nobis,
1144 4683 1424 4737 secundum
1453 4685 1810 4755 auctoritatem
1831 4694 1880 4738 et
1912 4685 2315 4738 admonitionem
2334 4683 2480 4755 sedis
2514 4684 2831 4755 apostolica,
2849 4686 3050 4755 justum
3074 4694 3119 4739 et
3147 4683 3553 4755 rationabile_vi-

248 4774 371 4811 sum
402 4768 499 4819 est.
530 4765 585 4809 ιιι
617 4773 783 4827 pauca
809 4756 1040 4827 capitula
1063 4754 1125 4807 ab
1155 4755 1439 4827 apostolica
1462 4756 1606 4808 nobis
1636 4754 1758 4827 sede
1788 4756 2089 4827 transmissa
2115 4755 2180 4807 de
2205 4754 2376 4825 gratia
2410 4763 2457 4827 et
2488 4753 2645 4827 libero
2666 4751 2907 4827 arbitrio,
2944 4772 3058 4826 qua:
3084 4760 3147 4810 ab
3175 4754 3400 4823 antiquis
3443 4751 3551 4807 Pa-
3614 4786 3617 4787 ν

251 4829 423 4882 tribus
450 4829 514 4881 de
539 4824 831 4881 sanctarum
854 4826 1243 4897 Scripturarum
1266 4825 1606 4879 uoluminibus
1628 4826 1681 4878 in
1705 4825 1802 4878 hac
1822 4842 1981 4879 causa
2002 4826 2191 4879 collata
2208 4824 2364 4897 sunt,
2388 4824 2456 4876 ad
2478 4824 2733 4897 docendos
2767 4843 2851 4880 eos
2886 4824 2975 4897 qui
3001 4828 3154 4897 aliter
3174 4840 3327 4895 quant
3351 4835 3551 4892 oportet

248 4900 565 4963 sentiebant,
596 4897 661 4951 ab
688 4897 922 4952 omnibus
965 4896 1279 4950 observanda
1312 4898 1559 4967 proferre,
1597 4906 1643 4949 et
1671 4897 1906 4949 manibus
1937 4897 2123 4967 nostris
2148 4895 2462 4967 subscribere
2494 4895 2814 4953 deberemus.
2853 4895 3213 4967 C‘uiconcilio
3246 4903 3428 4962 postea
3460 4908 3550 4967 as-

250 4986 479 5025 sensum
508 4985 662 5024 suum
684 4969 1233 5038 approbationemque
1254 4964 1619 5025 autltenticam
1651 4967 1921 5021 concessit
1942 4965 2250 5021 Bonifacius
2274 4965 2315 5020 ll
2341 4964 2393 5020 in
2423 4967 2648 5036 epistola
2678 4972 2743 5022 ad
2768 4966 3064 5023 Ctesarium
3094 4965 3463 5038 Arelatensem
3486 4965 3548 5038 _i_n

249 5042 403 5095 hunc
438 5041 597 5095 linem
629 5034 773 5094 data.
804 5038 863 5095 In
885 5034 1201 5109 quibusdam
1240 5054 1368 5093 vero
1400 5040 1511 5093 suis
1542 5039 1860 5109 canonibus,
1888 5039 2124 5109 maxime
2148 5039 2205 5109 in
2234 5034 2543 5100 octavo,'ex
2571 5039 2816 5106 professo
2844 5038 3032 5093 Patres
3071 5037 3144 5109 illi
3176 5034 3429 5105 rejiciunt
3467 5034 3551 5089 di-

250 5112 609 5167 stinctionem
652 5112 795 5165 illam
831 5107 991 5178 quam
1020 5109 1307 5163 Cassianus
1335 5110 1624 5163 collatione
1652 5108 1857 5163 decima
1886 5107 2045 5164 tertia
2076 5108 2442 5170 conﬁnxerat,
2472 5109 2704 5178 duplicis
2739 5111 2953 5178 generis
2991 5107 3545 5178 prmdesttnatorutn,

249 5198 492 5254 quorum
529 5182 622 5236 alii
651 5176 860 5236 meritis
886 5179 1203 5254 quibusdam
1231 5180 1415 5254 gratia:
1451 5180 1651 5254 donum
1684 5187 2089 5254 praeverterent,
2120 5180 2407 5254 alii_nu_llis
2439 5176 2647 5235 mer—itis
2687 5176 3119 5254 princedentibus
3137 5191 3196 5254 *ἢ
3225 5176 3336 5231 Deo
3376 5176 3549 5245 gratia

250 5247 615 5317 donarentur,
650 5247 916 5322 quamque
939 5250 997 5306 S.
1032 5247 1266 5315 PrOSper
1298 5250 1415 5305 fuse
1444 5247 1715 5305 rel'ellera’t
1746 5250 1810 5322 in,
1830 5251 1967 5305 libro
1993 5261 2180 5306 contra
2213 5250 2541 5322 Collatorem
2572 5247 2862 5322 peritiulta
2896 5249 3095 5317 capita.
3136 5247 3391 5322 Diversus
3414 5262 3549 5322 quo-

250 5341 365 5395 que
396 5316 620 5394 hujusce
650 5316 887 5380 auctoris
921 5322 1319 5395 Scripturarum
1350 5322 1737 5395 explicationes
1769 5321 1995 5395 singulis
2037 5322 2296 5377 membris
2323 5316 2615 5395 applicatus
2646 5321 2791 5395 circa
2820 5319 2979 5395 linem
3010 5320 3233 5395 canonis
3265 5316 3338 5372 25
3364 5318 3550 5386 paucis

251 5388 443 5452 uerbis
466 5388 681 5465 'rejicit,
723 5396 803 5450 sic
841 5388 1118 5465 statuens:
1144 5392 1261 5465 Hoc
1301 5388 1453 5445 etiam
1491 5392 1761 5465 salubriter
1797 5388 2096 5465 profitemur
2136 5402 2183 5447 et
2218 5388 2493 5465 credimus,
2527 5391 2753 5465 quodin
2780 5390 3101 5465 omniapere
3131 5388 3284 5465 bono,
3324 5404 3427 5465 non
3455 5404 3550 5465 nos

251 5454 561 5539 incipimus,
588 5476 635 5519 et
654 5454 839 5539 postea
864 5481 957 5539 per
982 5463 1082 5539 ρει
1104 5464 1510 5539 misericordiam
1533 5454 1865 5539 adjuvamur,
1892 5454 1993 5539 sed
2016 5466 2124 5539 ipse
2145 5466 2290 5517 nobis
2309 5464 2467 5539 nullis
2484 5454 3067 5539 pi'wcedentibusbonis
3097 5454 3293 5539 meritis
3313 5466 3363 5539 et
3390 5459 3550 5539 ﬁdem

250 5549 309 5592 et
329 5528 553 5592 antorem
580 5528 673 5591 sui.
687 5536 829 5608 prius
858 5528 1107 5606 inspirat,
1131 5546 1200 5608 rut
1228 5544 1273 5608 et
1304 5536 1543 5607 baptismi
1573 5528 2150 5608 sacramenta/ideliter
2173 5528 2597 5608 requiramus,“
2626 5541 2744 5608 post
2775 5532 3085 5608 baptismum
3112 5546 3227 5608 cum
3256 5530 3421 5608 ipsius
3448 5528 3549 5608 ad-

244 5610 562 5686 jutorio,_ea
590 5599 704 5686 quis
738 5608 833 5686 sibi
862 5599 1197 5686 sunt‘placita
1226 5599 1439 5686 implere
1478 5599 2393 5686 Possirnus.ﬁnde-manifestissime
2419 5599 2723 5686 credendum
2756 5614 2827 5686 est
2856 5604 2994 5686 quod
3032 5610 3079 5686 et
3105 5602 3259 5686 illius
3285 5599 3504 5686 latronis
3528 5638 3546 5686 τ

249 5672 411 5748 quem
458 5672 710 5735 Dominus
740 5678 807 5731 ad
837 5672 1066 5749 paradisi
1108 5672 1335 5749 patriam
1373 5672 1620 5733 revocavit
1639 5720 1653 5743 ,
1684 5687 1732 5731 et
1762 5674 1985 5731 Cornelii
2013 5672 2447 5749 centurionis,_ad
2472 5689 2623 5749 quem
2651 5672 2874 5749 angelus
2907 5672 3337 5749 Domini_nt_iss_us
3379 5678 3472 5749 est,
3501 5678 3549 5749 et

251 5739 523 5817 Zacoheei,
552 5752 638 5819 qui
664 5739 847 5821 ipsum'
865 5739 1143 5803 Dominum
1170 5750 1425 5819 suscipere
1453 5739 1655 5817 meruit,
1688 5749 1781 5803 illa
1814 5758 1921 5801 tam
1947 5746 2267 5805 admirabilis
2298 5739 2427 5817 fides
2456 5739 2558 5801 n'on
2586 5745 2684 5814 fuit
2714 5739 2777 5799 de
2801 5754 3012 5811 natura,
3051 5744 3140 5800 sed
3175 5740 3362 5795 diuini:
3387 5739 3547 5809 largi~

252 5825 384 5877 tatis
412 5826 621 5877 donum.

338 5894 641 5951 Arausione
670 5893 922 5949 convenit
953 5893 1065 5948 haec
1093 5892 1332 5964 synodus
1368 5892 1607 5951 secunda
1637 5894 1826 5967 quinto
1866 5908 2037 5952 nonas
2063 5891 2191 5951 Julii
2220 5903 2364 5949 anno
2400 5888 2603 5949 Christi
2627 5887 2760 5959 529,
2788 5900 2849 5950 ut
2877 5892 3131 5953 observat
3158 5880 3395 5944 Iacobus
3430 5878 3547 5942 Sir‘

260 2640 3543 2671 "III—"mm
