4014 6348
436 304 539 360 7'17

1281 293 1371 348 AD
1411 291 1641 347 OPERA
1680 289 1738 345 S.
1782 282 2118 342 PROSPERI
2159 277 2486 350 AQUITANI
2523 272 2889 335 APPENDIX.

3622 268 3743 331 ἠε

440 421 556 473 sine
584 415 754 487 gratia
784 415 881 469 Dei
922 413 1149 466 salutent
1200 423 1304 463 non
1349 410 1518 479 possit
1564 405 1834 487 custodire
1872 419 2029 472 quam
2060 403 2111 464 Α
2138 413 2411 487 cenemus.
2434 386 3746 487 .Dift‘u'ud‘it.enim”:ﬁl:ari-tatem‘itl‘cgrdibus

442 478 670 556 acecpit,
721 485 992 556 quomodo
1028 483 1146 536 sine
1187 481 1282 535 Dei
1319 481 1489 549 gratia
1532 478 1729 548 poterit
1781 490 2035 545 reparare

446 571 470 596 κ
500 576 658 629 quam
697 556 966 627 perdidit?

446 650 597 705 Nihil
622 649 739 701 boni
779 648 1034 699 hominem
1083 661 1231 714 posse
1273 643 1382 714 sine
1424 640 1532 695 Deo
1566 638 1868 714 (Augalatt
1898 646 2035 691 cont.

611 722 738 772 duas
760 719 912 787 epist.
948 710 1133 789 Pelag.
1159 732 1206 770 c.
1232 717 1293 781 8;
1342 713 1532 781 Prosp.
1563 710 1692 764 seut.
1719 710 1872 780 514).

514 813 637 869 XX.
672 811 699 849 ι’
735 812 895 865 Multa
932 812 1071 865 Deus
1102 810 1224 862 facit
1259 810 1309 861 in
1357 807 1576 861 homine
1609 806 1747 859 bona
1775 820 1893 874 quae
1936 820 2039 859 non

446 889 573 941 facit
630 886 833 937 homo:
869 882 1015 936 nulla
1042 896 1170 935 vero
1223 880 1348 933 facit
1395 879 1556 933 homo
1603 877 1738 930 bona
1783 890 1903 944 qua:
1938 892 2040 929 non

451 960 592 1009 ht‘llS
629 963 847 1024 praestet
878 963 936 1006 ut
966 952 1129 1006 faciat
1159 952 1340 1005 homo.

450 1049 526 1100 De
575 1056 761 1100 natura
791 1053 836 1098 et
862 1046 1027 1115 gratia
1062 1043 1220 1116 (ᾼηρ.
1255 1045 1291 1095 ι.
1325 1043 1386 1095 de
1408 1040 1562 1116 Grut;
1579 1039 1839 1116 etLiber.
1875 1039 2038 1092 Arbit.

804 1111 921 1186 cap.
956 1116 1050 1179 15;
1073 1111 1334 1183 Prosper.
1364 1121 1495 1166 sent.
1531 1111 1682 1181 517).

522 1210 669 1264 XXI.
704 1209 855 1263 Sicut
888 1207 968 1260 eis
1003 1207 1094 1276 qui
1147 1207 1388 1259 videntes
1432 1203 1483 1276 in
1530 1204 1647 1273 lege
1684 1202 1991 1276 justiﬁragri,
2018 1218 2045 1256 a

449 1282 621 1347 gratia
650 1281 991 1343 exciderunt,
1023 1274 1327 1331 verissime
1356 1275 1485 1329 dicit
1535 1276 1863 1342 Apostolus:
1898 1274 2049 1347 Since:

451 1343 779 1423 lrgejustitia
809 1360 903 1423 est,
939 1348 1324 1423 ergoChri‘stus
1368 1348 1530 1423 gratis
1559 1354 1788 1397 mortuus
1817 1353 1890 1398 est
1916 1343 2047 1423 (Ga-

452 1412 545 1475 la't.
570 1412 637 1483 it,
670 1421 795 1489 ﬁl):
829 1422 905 1473 sic
933 1412 1111 1473 et'ltis
1136 1420 1225 1487 qui
1259 1412 1483 1483 gratiam
1517 1432 1677 1484 quam
1705 1412 2053 1489 commendat

453 1505 504 1547 ct
538 1493 769 1560 percipit
801 1491 934 1542 fides
959 1488 1182 1551 Christi,
1218 1499 1406 1556 putant
1433 1503 1554 1560 esse
1581 1488 2052 1560 natttram,_veris-

456 1558 591 1617 sime
637 1563 858 1623 dicitur,
891 1561 949 1615 Si
1003 1576 1070 1613 ex
1120 1571 1311 1613 natura
1361 1558 1593 1628 iustitia,
1646 1574 1778 1625 ergo
1807 1558 2052 1612 Christus

456 1636 621 1703 gratis
664 1642 910 1703 mortuus
940 1640 1053 1703 est.
1077 1630 1192 1683 .Iam
1232 1630 1317 1683 hic
1367 1630 1509 1683 enim
1546 1638 1661 1683 erat
1694 1630 1809 1703 lex,
1845 1638 1917 1703 et_
1945 1642 2051 1683 non

458 1700 831 1774 iustificahat»:
865 1702 973 1767 jam
1008 1702 1091 1753 hic
1122 1713 1236 1753 erat
1261 1712 1314 1774 et
1340 1710 1552 1763 natura,
1585 1709 1641 1754 et
1668 1717 1771 1753 non
1791 1700 2054 1767 jttstilica-

462 1771 731 1852 hat.__ldeo
759 1772 1006 1852 Christus
1038 1790 1139 1825 non
1169 1771 1612 1852 gratis-tuort'uus
1652 1780 1847 1852 est,_ut
1875 1782 1927 1824 et
1970 1774 2053 1852 le_x
2093 1793 2137 1852 Β

462 1861 557 1912 per
581 1846 728 1897 illiilli
758 1843 1095 1909 impleretur,
1123 1846 1211 1909 qui
1245 1843 1383 1895 dixit
1412 1860 1421 1893 :
1460 1840 1584 1895 Non
1614 1844 1728 1896 veni
1752 1845 1914 1911 legem
1955 1843 2060 1893 sol-

464 1932 595 1979 t'ere,
649 1916 736 1969 sed
788 1914 1069 1984 adimplere
1124 1912 1420 1983 (Mat/LV,
1474 1913 1597 1983 l7);
1644 1924 1915 1967 et'natura
1968 1928 2061 1979 per

467 1986 635 2043 Adam
672 1985 899 2054 perdita,
934 1983 1036 2051 per
1064 1983 1211 2036 illum
1256 1994 1617 2053 repararetnr,
1648 1983 1738 2051 qui
1770 1984 1927 2054 dixit,
1964 1998 2059 2036 ve-

469 2058 613 2198 titis)se
641 2053 699 2111 se
734 2068 978 2124 quaerere
1010 2065 1064 2109 et
1086 2058 1296 2111 salvare
1318 2056 1463 2126 quod
1493 2056 1727 2124 perierat
1757 2053 1907 2124 (Luc.
1946 2069 2059 2119 xix,

506 2133 538 2181 0
570 2167 585 2186 .

506 2133 585 2186 Ο).

477 2220 553 2275 De
582 2219 662 2274 his
690 2237 804 2291 qua:
848 2223 1112 2292 hominum
1160 2222 1369 2292 propria
1421 2231 1542 2274 sunt
1576 2220 1739 2292 (Aug.
1773 2227 1923 2274 tract.
1956 2220 2065 2275 Sin

856 2290 1054 2358 Joan.;
1085 2290 1328 2364 Prosper.
1361 2302 1489 2346 sent.
1532 2291 1683 2360 3‘25).

550 2386 714 2442 XXII.
748 2385 915 2439 Nemo
936 2386 1095 2438 habet
1120 2386 1188 2438 de
1215 2400 1334 2450 suo,
1364 2386 1463 2439 nisi
1498 2385 1838 2439 mendacium
1864 2394 1917 2438 et
1945 2400 2068 2455 pec-

476 2466 676 2510 catum.
707 2469 728 2493 ε
762 2459 815 2508 Si
843 2458 967 2525 qttid
999 2465 1178 2509 autem
1221 2456 1380 2510 habet
1415 2455 1577 2510 homo
1622 2458 1864 2509 veritatis
1903 2466 2068 2522 atque

474 2526 720 2597 ju~titiae,
766 2527 833 2579 ah
862 2524 962 2579 illo
1009 2525 1152 2578 fonte
1200 2535 1283 2579 est
1310 2542 1467 2590 quem
1519 2524 1781 2597 debemus
1834 2526 1983 2580 sitire
2015 2528 2069 2581 in

478 2596 578 2653 hac
609 2613 817 2663 eremo,
846 2606 902 2650 ut
931 2602 1087 2650 ex’eo
1108 2597 1261 2665 quasi
1284 2599 1447 2664 guttis
1476 2596 1794 2667 quihusdam
1822 2598 2066 2663 irrorati,

479 2685 587 2722 non
618 2668 932 2721 deficiamus
966 2670 1014 2719 in
1046 2669 1150 2719 via.

480 2758 558 2813 De
584 2762 845 2813 voluntate
872 2759 969 2812 Dei
988 2769 1043 2831 et
1076 2760 1297 2812 hominis
1325 2760 1482 2831 (Aug.
1514 2768 1664 2816 tract.
1704 2759 1766 2816 19
1795 2762 1848 2815 in
1874 2760 2070 2828 Joan.;

980 2829 1225 2900 Prosper.
1261 2829 1392 2884 sent.
1426 2829 1579 2901 540).

553 2925 745 2981 XXIII.
797 2924 963 2980 Suam
1015 2925 1346 2979 voluntatem
1394 2925 1642 2981 homines
1693 2926 1915 2985 faciunt.
1966 2940 2071 2980 non

482 2997 599 3059 Dei,
631 2998 846 3064 quando
900 2996 948 3048 id
983 3006 1145 3057 agunt
1182 2996 1325 3062 quod
1379 2995 1490 3049 Deo
1532 2997 1803 3065 displicet.
1845 2996 2076 3060 Quando

483 3076 660 3120 autem
690 3066 758 3119 ita
791 3066 995 3120 faciunt
1019 3066 1161 3135 quod
1186 3067 1391 3127 Volunt,
1415 3075 1471 3119 ut
1497 3065 1694 3121 divinae
1722 3068 1959 3122 serviant
1984 3082 2077 3117 vo-

488 3139 702 3199 Ittttlntl,
744 3138 987 3204 quamvis
1032 3136 1273 3190 volentes
1316 3144 1477 3201 agant
1524 3138 1665 3204 quod
1696 3147 1879 3205 agunt,
1936 3138 2077 3192 illius

486 3218 666 3330 tamen
702 3210 950 3329 vloluntas
981 3214 1086 3271 est,
1121 3221 1149 3258 a
1192 3222 1298 3274 quo
1328 3215 1383 3259 et
1416 3219 1750 3274 praeparatur
1779 3218 1833 3262 et
1859 3207 2079 3276 jubetur

486 3294 609 3330 ουρ(
658 3292 721 3330 νυ
749 3286 869 3330 “HL.

485 3286 627 3347 quod
658 3286 869 3337 Volunt,

488 3370 566 3425 De
595 3372 692 3423 vite
732 3379 777 3423 et
823 3369 1119 3441 palmitibus
1146 3371 1261 3424 vitis
1305 3370 1461 3441 (Aug.
1496 3380 1651 3426 tract.
1693 3372 1755 3427 8|
1792 3374 1845 3426 in
1883 3370 2079 3438 Joan.;

1003 3440 1244 3510 Prosper.
1268 3440 1397 3495 sent.
1423 3442 1578 3513 368).

556 3534 749 3591 XXIV.
782 3536 855 3590 lta
886 3544 1011 3591 sunt
1040 3536 1089 3587 in
1124 3535 1231 3590 vite
1264 3534 1532 3602 palmites,
1566 3545 1625 3590 ut
1665 3536 1758 3591 viti
1788 3536 1922 3592 nihil
1952 3552 2082 3592 con-

488 3606 689 3670 ferant,
738 3608 833 3661 sed
873 3607 997 3660 inde
1025 3607 1289 3674 accipiant
1319 3607 1461 3661 unde
1491 3608 1695 3661 vivant.
1747 3607 1836 3663 Sic
1883 3611 2084 3678 quippe

488 3679 608 3730 vitis
650 3689 730 3729 est
763 3679 815 3731 in
852 3678 1182 3745 palmitibus,
1223 3686 1278 3731 ut
1320 3679 1485 3733 vitale
1514 3680 1829 3734 alimentum
1869 3681 2081 3734 submi-

488 3750 678 3802 nistret
706 3748 802 3812 eis,
843 3766 947 3801 non
980 3757 1158 3801 sumat
1185 3749 1253 3799 ab
1284 3750 1381 3803 eis.
1412 3751 1489 3802 Ac
1522 3766 1616 3817 per
1648 3750 1750 3803 hoc
1778 3763 1829 3803 et
1863 3766 2085 3806 manen-

489 3828 596 3873 tem
629 3820 679 3872 itt
732 3835 793 3873 se
836 3820 1036 3873 habere
1068 3818 1360 3884 Christum,
1405 3830 1457 3873 et
1490 3836 1712 3875 manere
1760 3821 1812 3874 in
1843 3822 2080 3885 Christo,

490 3890 766 3957 discipulis
821 3891 1039 3960 prodest
1080 3887 1105 3925 ἀ
1143 3901 1454 3959 utrttmque,
1506 3906 1611 3945 non
1662 3891 1899 3947 Christo.
1947 3893 2082 3948 Nam

493 3976 720 4030 pra-crsu
762 3962 1004 4027 palmite,
1043 3970 1222 4027 potest
1250 3964 1315 4014 de
1342 3964 1461 4015 viva
1493 3964 1675 4016 radice
1697 3964 1834 4015 alius
1858 3965 2084 4031 pullula-

491 4048 616 4111 rare
648 4049 657 4082 :
686 4033 775 4099 qui
798 4044 976 4085 autem
1010 4034 1268 4099 praecisus
1296 4041 1398 4096 est,
1427 4047 1534 4087 non
1562 4041 1741 4103 potest
1759 4034 1877 4089 sine
1904 4034 2085 4089 radice

492 4116 699 4155 Vivere.

494 4194 577 4250 De
608 4196 899 4272 dilectione,
943 4213 1055 4272 Διμια
1082 4197 1348 4272 diligimus
1386 4198 1553 4252 Deum
1590 4199 1755 4272 (Aug.
1791 4210 1941 4257 tract.
1986 4203 2089 4258 102

845 4268 897 4319 in
929 4266 1124 4329 Joan.;
1153 4266 1398 4338 Prosper.
1430 4281 1559 4322 sent.
1589 4266 1733 4342 372):

569 4357 738 4433 XXV.
774 4358 1231 4433 Prorsusdonum
1266 4360 1360 4414 Dei
1391 4370 1474 4433 est
1503 4362 1730 4431 diligere
1759 4366 1947 4421 Deum.
1972 4367 2089 4433 ipse

497 4437 557 4483 ut
588 4430 898 4497 diligeretur
928 4429 1091 4493 dedit,
1144 4431 1233 4498 qui
1265 4446 1370 4483 non
1401 4429 1630 4487 dilectus
1662 4444 1684 4470 ο
1715 4436 1918 4489 dilexit.
1969 4429 2089 4492 Dis-

499 4500 759 4570 plicentes
786 4502 946 4555 amati
978 4516 1183 4566 sumus,
1214 4511 1271 4555 ut
1300 4501 1458 4557 fieret
1501 4504 1555 4558 in
1597 4505 1751 4559 nobis
1782 4507 1921 4562 unde
1968 4510 2086 4577 pla-

2106 3179 2153 3244 C

2146 473 2273 525 stris
2302 468 2538 537 Spiritus
2571 466 2747 522 Patris
2775 475 2827 520 et
2851 463 2995 537 Filii,
3026 477 3185 533 quem
3228 474 3350 517 cum
3384 461 3547 517 Patre
3590 475 3746 518 ama-

2146 557 2264 597 mus
2299 535 2358 597 et‘
2381 539 2515 594 Filio
2544 539 2723 608 (Rom.
2748 552 2799 603 v,
2836 535 2913 605 5).

2220 615 2298 668 Ac
2327 613 2406 667 sic
2433 606 2729 666 secundum
2774 622 2935 677 supra
2976 606 3206 675 scriptas
3249 615 3559 661 sanctarum
3596 606 3746 663 Scri.

2148 695 2427 753 pturarum
2460 682 2782 743 sententias,
2806 680 2900 753 vel
2932 678 3520 753 antiquorumAPatrum
3549 678 3751 753 delini-

2148 749 2343 819 tiones,
2368 754 2495 820 hoc,
2522 754 2636 808 Deo
2666 750 3015 823 propitiante,
3067 759 3121 804 et
3152 749 3447 823 prafdicare
3477 749 3751 823 debemus

2147 838 2201 882 et
2231 826 2479 890 credere,
2527 820 2683 895 quod
2713 838 2809 893 per
2860 829 3139 895 peccatum
3166 820 3341 895 (primi
3390 820 3631 895 hominis
3675 822 3749 875 ita

2151 898 2465 951 inclinatum
2496 892 2911 951 et'attenuatum
2964 893 3124 948 fuerit
3165 892 3393 948 liberum
3435 892 3750 956 arbitrium,

2152 979 2212 1024 ut
2244 969 2422 1023 nullus
2451 978 2636 1037 postea
2670 976 2761 1020 aut
2807 964 3031 1034 diligere
3077 965 3247 1037 Deum
3297 966 3435 1037 sicut
3480 963 3751 1037 Oportuit,

2149 1049 2239 1094 aut
2262 1035 2485 1093 credere
2513 1039 2566 1092 in
2597 1038 2784 1101 Deum,
2810 1047 2901 1090 aut
2922 1035 3133 1101 operari
3164 1044 3383 1105 propter
3407 1035 3576 1089 Deum
3601 1036 3750 1103 quod

2150 1112 2349 1166 bonum
2381 1122 2483 1175 εει,
2517 1112 2708 1179 possit,
2745 1108 2843 1179 nisi
2894 1106 3063 1179 gratia
3105 1121 3229 1179 eum
3277 1114 3331 1161 et
3373 1105 3755 1179 misericordia

2152 1183 2329 1236 divina
2385 1174 2733 1252 prteveuerit.
2792 1174 2945 1252 [inde
2995 1178 3127 1252 Abel
3174 1178 3343 1252 justo,
3385 1186 3441 1233 et
3469 1176 3609 1252 N_oe,
3640 1174 3661 1213 τ
3703 1184 3759 1229 et

2154 1248 2408 1319 Abrahae,
2448 1260 2504 1306 et
2546 1251 2716 1316 Isaac,
2766 1259 2819 1305 et
2863 1249 3049 1313 Jacob,
3100 1250 3351 1318 omnique
3399 1248 3755 1316 antiquorum

2154 1333 2463 1379 sanctorum
2489 1322 2843 1384 multitudini,
2881 1321 3027 1375 illam
3056 1322 3366 1389 praeclaram
3395 1319 3557 1374 fidem
3588 1333 3756 1388 quam

2155 1396 2207 1449 iu
2241 1397 2482 1464 ipsorum
2513 1394 2671 1447 laude
2705 1392 2955 1464 praedicat
2981 1392 3257 1459 apostolus
3280 1391 3501 1464 Paulus,
3526 1406 3632 1464 It_on
3658 1404 3759 1459 per

2156 1460 2358 1521 bonum
2402 1472 2607 1518 natura:
2643 1463 2787 1532 quod
2833 1463 2979 1532 prius
3020 1464 3070 1516 in
3101 1464 3271 1517 Adam
3314 1461 3500 1516 datum
3548 1460 3755 1523 fuerat,

2158 1537 2253 1591 sed
2288 1552 2383 1603 per
2408 1540 2631 1607 gratiam
2659 1537 2748 1589 Dei
2773 1535 3045 1607 credimus
3074 1534 3240 1607 fu_isse
3258 1533 3556 1607 collatam;
3586 1547 3753 1607 quam

2160 1602 2432 1676 gratiam:
2448 1607 2607 1660 etiam
2642 1615 2763 1671 post
2794 1604 3079 1659 adventum
3114 1603 3350 1668 Domini,
3381 1603 3635 1676 munibus
3664 1602 3760 1676 qui

2162 1673 2425 1741 baptizari
2452 1677 2780 1737 desiderant,
2816 1692 2919 1730 non
2952 1678 3004 1729 itt
3038 1676 3206 1730 libero
3236 1676 3465 1730 arbitrio
3489 1684 3514 1723 ε
3540 1673 3761 1736 haberi,

2163 1750 2256 1803 sed
2288 1749 2486 1802 Chriin
2520 1750 2769 1801 novimus
2791 1747 2950 1801 simul
2982 1755 3036 1801 et
3062 1746 3331 1802 credimus
3357 1746 3608 1815 largitate
3627 1760 3763 1800 cun-

2167 1819 2293 1875 ferri
2327 1839 2339 1875 :
2371 1820 2661 1875 secundum
2691 1818 2817 1872 illud
2846 1818 2987 1888 quod
3011 1818 3127 1889 jam
3154 1832 3312 1889 supra
3340 1816 3543 1872 dictum
3566 1825 3675 1880 est,
3710 1826 3769 1870 et

2170 1891 2426 1955 pra'dicat
2466 1889 2661 1943 Paulus
2709 1889 2984 1958 apostolus
3027 1908 3039 1942 :
3091 1888 3239 1943 Vobis
3271 1890 3518 1942 donatum
3544 1898 3619 1943 est
3667 1904 3766 1954 pro

2169 1962 2395 2023 Christo,
2437 1977 2536 2014 non
2567 1961 2732 2015 solum
2780 1973 2833 2012 ut
2864 1962 2917 2013 in
2948 1977 3061 2013 eum
3108 1961 3349 2021 credatis,
3397 1960 3487 2013 sed
3516 1960 3679 2013 etiam
3710 1966 3767 2011 ut

2170 2050 2261 2102 pro
2293 2032 2385 2085 illo
2415 2034 2683 2103 patiamini
2720 2030 2944 2101 (Philip.
2976 2047 3012 2095 ι,
3045 2032 3172 2099 Ξ9);
3217 2040 3272 2086 et
3300 2030 3428 2084 illud
3456 2047 3472 2083 :
3504 2029 3769 2103 Deusiqui

2169 2105 2320 2170 saepit
2366 2102 2421 2157 in
2456 2104 2592 2156 t'obis
2642 2102 2827 2157 bommt
2868 2120 3016 2171 opus.
3072 2103 3301 2169 perﬁciet
3344 2117 3502 2167 usque
3545 2102 3601 2153 in
3628 2102 3770 2171 diem

2173 2173 2383 2228 Domini
2414 2175 2577 2227 nostri
2603 2172 2629 2209 ιι
2652 2172 2774 2228 Jesu
2800 2169 2989 2226 Christi
3019 2173 3213 2239 (Ibid.,
3240 2171 3329 2242 6);
3353 2182 3406 2225 et
3428 2171 3558 2226 illud
3588 2190 3601 2224 ε
3626 2169 3771 2242 (ἔται

2175 2248 2245 2297 tia
2273 2247 2397 2298 salri
2426 2247 2549 2314 facti
2577 2247 2695 2297 estis
2717 2261 2806 2313 per
2834 2244 3009 2311 ﬁdem,
3042 2254 3089 2297 et
3121 2244 3215 2297 hoc
3244 2240 3346 2297 non
3377 2259 3439 2314 ea:
3470 2243 3635 2305 vobis,
3670 2240 3771 2295 Dei

2171 2318 2309 2369 enim
2342 2318 2533 2368 denum
2554 2325 2623 2369 est
2655 2316 2868 2385 (h’phes.
2897 2331 2954 2377 tt,
2988 2317 3078 2383 8);
3112 2325 3162 2368 et
3194 2313 3333 2379 quod
3362 2313 3431 2368 de
3462 2314 3644 2385 seipso
3694 2315 3773 2385 ait

2175 2387 2463 2453 Apostolus-
2494 2404 2505 2438 :
2543 2384 2950 2439 Misericordiam
2996 2396 3293 2439 consecutus
3324 2401 3458 2445 sum,
3503 2394 3559 2437 ut
3600 2384 3773 2452 ﬁdelis

2175 2474 2333 2511 essem
2362 2458 2405 2527 (l
2435 2455 2554 2511 Cor.
2585 2473 2678 2515 vtt.
2711 2455 2803 2521 29)
2833 2475 2845 2509 :
2880 2474 2983 2510 non
3030 2457 3183 2522 dixit,
3206 2456 3327 2526 quia
3358 2469 3531 2520 eram,
3576 2454 3685 2527 sed!
3715 2462 3773 2506 ut

2176 2544 2330 2581 essent
2352 2523 2451 2599 ,f'ct
2480 2527 2603 2599 illud
2634 2546 2643 2579 :
2683 2528 2822 2599 Quid
2844 2528 2995 2581 habes
3011 2528 3147 2591 quod
3178 2523 3281 2581 non
3306 2528 3550 2599 accepisti
3579 2525 3621 2595 (I
3643 2523 3770 2579 Cor.

2176 2614 2252 2658 tv,
2279 2598 2373 2668 7)?
2399 2608 2449 2650 et
2479 2598 2606 2652 illttd
2633 2617 2643 2649 :
2681 2597 2842 2651 Oume
2870 2602 3049 2651 datum
3079 2599 3270 2652 bonum
3296 2607 3345 2653 et
3376 2597 3546 2651 omne
3574 2604 3772 2649 donum

2177 2673 2459 2739 perfectum
2488 2671 2753 2722 desursum
2784 2678 2883 2731 est,
2910 2668 3220 2723 descendens
3269 2686 3301 2722 a
3334 2668 3493 2723 Patre
3516 2668 3774 2739 luminum

2178 2737 2379 2807 (Iacob.
2410 2755 2447 2803 t,
2483 2739 2599 2808 l7);
2632 2752 2683 2793 et
2715 2739 2844 2795 illud
2871 2758 2885 2794 :
2912 2739 3079 2795 Nemo
3109 2739 3255 2794 habet
3281 2740 3587 2809 quidquam,
3619 2738 3774 2803 boni,

2185 2819 2202 2847 ι
2239 2812 2343 2881 nisi
2364 2810 2441 2863 illi
2464 2811 2641 2864 datum
2673 2813 2825 2881 fuerit
2855 2812 3071 2881 desuper
3123 2810 3304 2879 (Joan.
3335 2826 3413 2872 ιιι.
3444 2810 3583 2881 1⁸7).Δ
3605 2809 3774 2881 lanu-

2180 2880 2459 2934 merabilia
2506 2891 2629 2935 sunt
2661 2878 2968 2935 sanctarum
3015 2878 3413 2950 Scripturarttm
3459 2878 3775 2936 testimonia

2180 2966 2299 3021 quae
2322 2951 2529 3023 possint
2555 2952 2619 3005 ad
2651 2952 2976 3021 probandam
2999 2954 3223 3021 gratiam
3252 2950 3505 3023 proferri,
3530 2952 3619 3005 sed
3646 2953 3775 3005 bre-

2182 3024 2364 3077 vitatis
2414 3022 2592 3077 studio
2651 3024 3009 3088 pra-terruissa
3051 3034 3206 3089 sunt;
3256 3022 3381 3093 quia
3438 3032 3495 3076 et
3540 3038 3768 3087 revera,

2183 3094 2269 3147 cui
2302 3109 2467 3156 pauca
2496 3109 2600 3147 non
2630 3094 2924 3157 sufficiunt,
2955 3095 3105 3161 plura
3135 3110 3240 3148 non
3264 3096 3585 3160 proderunt.

2257 3164 2369 3217 lloc
2398 3166 2558 3218 etiam
2591 3168 2883 3219 secundum
2916 3166 3073 3220 fidem
3121 3165 3443 3221 catholicam
3474 3164 3773 3230 credimus,

2188 3233 2202 3284 i
2244 3236 2383 3301 quod
2414 3247 2635 3304 accepta
2668 3251 2761 3304 per
2787 3236 3109 3303 baptismum
3150 3239 3341 3304 gratia,
3370 3251 3563 3292 omnes
3600 3237 3777 3305 bapti-

2186 3307 2309 3368 zati,
2344 3306 2559 3359 Christo
2587 3307 2879 3361 auxiliante
2907 3318 2957 3361 et
3001 3320 3348 3373 cooperante,
3380 3324 3501 3376 quze
3536 3308 3603 3361 ad
3632 3308 3778 3362 saluo

2188 3386 2297 3431 tem
2334 3378 2625 3445 pertinent,
2658 3378 2862 3445 possint
2894 3386 2950 3433 et
2978 3378 3231 3442 debeant,
3267 3379 3314 3433 si
3346 3377 3582 3435 ﬁdeliter
3621 3378 3776 3433 labo-

2187 3463 2309 3501 rare
2342 3448 2627 3510 voluerint,
2659 3449 2975 3513 adimplere.
3021 3450 3243 3518 Aliquos
3283 3464 3411 3505 vero
3454 3450 3523 3503 ad
3574 3450 3776 3503 malum

2187 3520 2367 3572 divina
2400 3529 2665 3586 potestate
2694 3520 3269 3583 pra-destinatosrsse.
3310 3536 3416 3575 non
3442 3520 3622 3575 solum
3668 3535 3777 3575 non

2188 3589 2481 3660 credimus,
2510 3591 2603 3644 sed
2635 3590 2817 3656 etiam,
2851 3592 2893 3645 si
2923 3601 3047 3644 sunt
3076 3591 3164 3660 qui
3199 3600 3403 3645 tantum
3434 3591 3633 3646 malum
3656 3606 3779 3647 cre-

2187 3659 2318 3714 dere
2354 3663 2538 3725 velint,
2571 3677 2692 3715 cum
2743 3662 2891 3717 omni
2929 3659 3290 3718 detestatione
3332 3663 3440 3717 illis
3490 3664 3780 3719 anathema

2187 3731 2436 3787 dicimus.

2264 3802 2375 3857 lloc
2402 3804 2564 3857 etiam
2592 3803 2880 3859 salubriter
2901 3805 3218 3872 profitemur
3238 3812 3291 3860 et
3316 3805 3608 3869 credimus,
3633 3804 3787 3874 quod

2191 3873 2245 3927 in
2278 3877 2422 3928 omni
2459 3890 2623 3941 Opere
2654 3876 2816 3938 bono,
2863 3891 2967 3930 non
3006 3892 3101 3931 nos
3132 3875 3476 3944 iucmpitmts,
3506 3885 3560 3931 et
3590 3873 3787 3940 postea

2191 3946 2410 4016 perlici
2436 3946 2861 4001 misericordiam
2902 3946 3254 4016 adiuvamur;
3298 3948 3392 4001 sed
3442 3947 3558 4013 ipse
3597 3948 3783 4010 nobis,

2192 4015 2353 4069 nullis
2385 4016 2808 4084 praecedentibus
2836 4015 2990 4071 bonis
3016 4017 3245 4080 meritis,
3274 4026 3329 4071 et
3358 4018 3517 4071 fidem
3545 4026 3601 4071 et
3627 4032 3779 4071 amo.

2191 4101 2305 4157 rem
2355 4088 2438 4140 sui
2491 4086 2639 4157 ptius
2673 4087 2920 4155 inspirat,
2961 4096 3020 4141 ut
3064 4098 3117 4142 et
3163 4087 3410 4154 baptismi
3441 4100 3787 4144 sacramenta

2195 4156 2427 4212 fideliter
2456 4156 2813 4227 requiramus,
2848 4166 2903 4212 et
2934 4168 3052 4226 post
3083 4158 3404 4227 baptismum
3449 4174 3575 4214 cum
3606 4159 3788 4227 ipsius

2192 4228 2479 4299 adjutorio,
2509 4244 2571 4299 ea
2599 4244 2718 4297 quae
2744 4228 2844 4282 sibi
2865 4240 2992 4282 sunt
3016 4229 3216 4297 placita
3237 4229 3460 4299 implere
3485 4232 3783 4297 possimus.

2194 4297 2347 4354 Unde
2378 4298 2813 4355 manifestissime
2853 4300 3183 4355 credendum
3229 4297 3341 4366 est,
3372 4302 3514 4369 quod
3545 4310 3603 4356 et
3636 4301 3789 4355 illius

2195 4370 2417 4440 latronis
2444 4386 2603 4438 quem
2653 4370 2913 4425 Dominus
2940 4370 3005 4424 ad
3036 4370 3271 4425 Paradisi
3303 4374 3527 4440 patriam
3556 4387 3789 4426 ret-ota-

2195 4441 2271 4493 vit
2300 4439 2453 4509 (Luc.
2484 4456 2642 4505 χχιιι,
2664 4441 2781 4509 45),
2806 4451 2859 4496 et
2879 4440 3112 4496 Cornelii
3144 4439 3504 4510 Centurionis,
3530 4442 3600 4497 ad
3620 4459 3787 4509 quem

2195 4510 2430 4581 Angelus
2463 4512 2669 4568 Domini
2700 4513 2896 4566 missus
2941 4520 3023 4567 est
3052 4513 3191 4584 (Act.
3224 4528 3280 4581 ι,
3310 4515 3391 4581 5),
3422 4524 3477 4568 ct
3504 4511 3785 4579 Zacchmi,

575 4657 1174 4737 ιιιξεῖιίιίιί.Ριοειητει-ῖιιιιίἶ
1200 4660 1335 4737 quod
1377 4661 1623 4737 perdidit2
1665 4662 1887 4729 Verum,
1926 4682 2077 4737 quam
2109 4667 2157 4726 D
2189 4668 2379 4737 Prmp.
2412 4678 2469 4722 tit
2495 4673 2548 4724 In
2573 4676 2743 4725 textu.

502 4730 728 4805 perdidit
775 4729 999 4805 habetur
1035 4731 1176 4805 apud
1220 4733 1578 4805 Augustinum
1609 4733 1735 4788 loco
1757 4737 1808 4789 itt
1840 4729 2081 4805 margine

503 4803 685 4922 (stato,
720 4802 852 4880 etin
880 4801 1113 4870 append.
1150 4810 1277 4856 tom.
1312 4802 1388 4867 Χ,
1437 4818 1538 4859 nec
1566 4820 1673 4859 non
1720 4805 1774 4858 in
1818 4801 2083 4861 sententia

550 4886 775 4922 rosneru

550 4886 775 4938 rosperu

579 4941 604 4978 ι)
637 4944 724 4995 Sic
772 4942 964 5015 legitur
989 4957 1161 4997 canon
1206 4944 1308 4999 iste
1348 4944 1400 4998 in
1432 4945 1561 4999 edit.
1589 4947 1821 5015 appeud.
1867 4955 2000 5004 tam.
2038 4947 2085 5001 Χ

506 5012 644 5084 Aug.
680 5022 733 5066 et
763 5013 892 5067 locis
915 5018 1050 5082 Aug.
1084 5024 1138 5066 ct
1166 5016 1413 5084 Prosperi
1445 5020 1495 5069 itt
1531 5012 1772 5083 margine
1796 5018 1995 5072 citatis.
2027 5017 2083 5070 lu

508 5082 637 5156 edit.
666 5098 794 5156 vero
826 5084 1076 5153 Prospeti
1103 5082 1332 5152 Lovauf,
1364 5087 1530 5142 Duae.
1562 5099 1615 5142 ct
1654 5082 1869 5156 Colon.,
1914 5089 2085 5143 Multa

508 5154 561 5205 in
585 5153 788 5208 homine
816 5158 947 5208 bona
975 5155 1124 5223 ﬁunt.

585 5235 604 5261 ε
631 5225 771 5299 Editi
802 5226 1034 5290 Lovau.,
1066 5227 1233 5281 Duae.
1259 5235 1313 5281 et
1338 5227 1554 5292 Colon.,
1582 5230 1642 5283 Si
1664 5232 1777 5299 quis
1806 5241 1972 5285 autem
1998 5236 2091 5285 tia-

512 5292 590 5349 bet
621 5296 770 5369 ho_r_no
796 5299 1056 5369 ceritatem
1085 5308 1233 5363 atque
1271 5301 1545 5368 justitiam.
1600 5292 1822 5369 August.
1849 5304 2086 5369 append.

512 5372 645 5488 ton?
676 5365 723 5418 Χ
745 5375 799 5419 et
829 5368 928 5421 loci
962 5369 1013 5421 in
1045 5383 1137 5422 ora
1165 5365 1286 5425 libri
1317 5374 1466 5424 citati
1496 5365 1707 5425 habent
1740 5381 1795 5425 ut
1822 5365 2013 5427 lea—itur
2037 5374 2088 5428 itt

538 5450 597 5488 es
633 5452 684 5487 υ.

538 5450 684 5488 OMU.

586 5504 609 5540 ἀ
642 5504 786 5578 Edit.
817 5506 1045 5574 Lovan.,
1073 5510 1235 5565 Duac.
1270 5520 1327 5567 et
1345 5513 1559 5578 Colon.,
1588 5523 1636 5567 et
1659 5531 1763 5568 non
1786 5514 2007 5569 Christo.
2037 5516 2091 5570 ltt

514 5575 746 5644 append.
793 5583 923 5631 tom.
1045 5585 1177 5651 Aug.
1225 5593 1280 5637 et
1329 5585 1459 5639 locis
1513 5575 1565 5639 in
1604 5586 1843 5654 mattgiuc
1874 5591 2089 5654 notatis,

514 5655 803 5717 utrumque,
818 5665 920 5703 non
948 5650 1147 5706 Christo

592 5728 615 5799 αῖ
642 5718 696 5799 In
724 5720 1082 5799 cod._Pr_oSp.
1118 5726 1277 5789 Lov.,
1302 5728 1466 5783 Duac.
1494 5738 1547 5783 ct
1577 5728 1790 5792 Colon.,
1821 5729 2079 5799 diligit....

520 5797 575 5841 et
604 5789 759 5857 infra,
791 5789 1290 5863 diﬂ'udt'tﬁhppend.
1326 5809 1450 5856 tom.
1484 5801 1529 5856 Χ
1558 5789 1808 5865 Aug._hic
1837 5808 1891 5855 et
1919 5789 2076 5858 Sent.

2270 4737 2288 4774 τ
2314 4741 2404 4813 Sic
2425 4740 2588 4813 editio
2609 4738 2818 4813 concilii
2841 4740 2893 4794 in
2916 4740 3146 4813 append.
3170 4748 3301 4796 tom.
3324 4740 3371 4798 Χ
3394 4742 3532 4813 Aug.
3561 4758 3627 4799 ac
3647 4758 3784 4799 mss.

2192 4810 2465 4883 recensiti.
2498 4810 2844 4876 Pr05periana
2868 4810 3016 4875 vero,
3046 4812 3271 4879 Lovan.,
3297 4814 3459 4869 Duae.
3484 4810 3542 4870 et
3562 4815 3783 4883 (Ζοιοιι.³

2192 4890 2239 4933 et
2261 4880 2591 4953 Abraham...
2616 4885 2669 4935 in
2694 4884 2922 4953 ipsorum
2946 4884 3173 4939 laudem.

2268 4961 2296 5027 εξ
2325 4952 2751 5027 Lovan.,_Dua_c._
2783 4964 2835 5008 et
2855 4952 3075 5020 Colon.,
3105 4954 3311 5010 habere.
3344 4956 3534 5027 Melius
3556 4957 3660 5027 legi
3690 4962 3788 5009 ha-

2192 5022 2297 5146 ἵεις
2326 5024 2597 5078 convincit
2624 5022 2791 5079 editio
2816 5027 3046 5095 append.
3084 5030 3220 5095 Aug.
3263 5035 3395 5080 tom.
3425 5026 3471 5081 Χ
3506 5036 3553 5081 et
3589 5022 3789 5083 sensus

2213 5108 2315 5146 oet.

2213 5108 2315 5149 σοι.

2265 5162 2293 5201 ιι
2324 5166 2523 5221 Desunt
2552 5167 2665 5221 inec
2690 5167 2871 5230 verba,
2900 5167 3028 5222 Jesu
3056 5168 3247 5223 Christi
3276 5168 3328 5223 in
3357 5168 3589 5234 Lovan.,
3614 5170 3789 5225 Duae.

2194 5243 2250 5310 et
2271 5237 2461 5291 Colon.
2489 5236 3128 5310 Prosperiﬂeditionibus.
3162 5240 3436 5295 [labentur
3476 5242 3529 5295 in
3580 5256 3794 5310 appen-

2195 5306 2311 5380 dice
2332 5311 2553 5380 August.
2578 5318 2707 5363 tom.
2736 5309 2801 5364 Χ.
2835 5310 2887 5364 lu
2916 5320 3144 5380 utroque
3166 5318 3309 5365 testu
3324 5311 3568 5380 Apostoii
3588 5306 3796 5367 desunt.

2198 5376 2313 5431 lucc
2342 5376 2469 5443 duo,
2505 5378 2715 5433 Domini
2745 5382 2924 5435 nostri.

2275 5447 2375 5522 ila
2425 5449 2651 5522 Lovan.,
2702 5450 2866 5506 Duae.
2916 5461 2971 5507 et
3014 5452 3205 5507 Colon.
3256 5452 3445 5522 Prosp.
3476 5452 3633 5519 edit.,
3682 5453 3794 5507 nisi

2195 5518 2345 5572 illud.
2372 5521 2685 5575 Addititiunt
2717 5522 2922 5577 videtur
2951 5524 3111 5586 illud,
3142 5539 3249 5591 quo
3278 5518 3427 5580 caret
3464 5518 3629 5579 editio
3669 5522 3794 5579 Au-

2200 5599 2339 5658 gust.
2373 5594 2602 5661 append.
2638 5593 2984 5649 conformiter
3013 5596 3180 5649 textui
3219 5610 3391 5651 sacro.

2192 5664 2318 5785 "0:"
2330 5662 2699 5733 Lugdunensis
2726 5664 2916 5731 cades,
2955 5674 3066 5737 post
3102 5676 3362 5737 acceptam
3391 5666 3627 5739 baptismi
3650 5680 3793 5735 gra-

2215 5749 2338 5787 tam.
