4014 6348
202 290 296 350 729
894 283 1100 341 LIBER
1138 282 1228 340 ne
1267 234 1794 341 paumssuomeu

1920 281 1961 338 Τ
2007 278 2603 342 ινιιλεοιοτιοκωυε
2641 281 2773 340 DEI.

3378 280 3487 339 750

201 406 289 480 qui
311 404 488 476 ipsum
512 400 806 480 Dominum
836 400 1117 480 suscipere
1146 401 1346 480 meruit
1376 398 1529 471 (Luc.
1561 415 1675 463 aia.
1702 399 1788 480 6),
1818 403 1868 463 Α
1965 400 2096 480 item
2127 401 2528 480 EUCIERIUS.._..
2554 404 2934 480 cpiscOpus....
2969 398 3288 480 subscripsi.

202 470 289 534 illa
320 470 429 531 tam
462 474 796 530 admirabilis
847 470 1118 528 ﬁdes—non
1164 472 1263 527 fuit
1290 471 1359 526 de
1402 481 1612 536 natura,
1642 480 1668 507 ι
1696 470 1791 525 sed

202 549 391 605 divinae
423 548 688 613 largitatis
716 547 915 599 donum
948 542 1112 614 (Vide
1139 560 1303 612 supra
1331 541 1422 597 lib.
1454 540 1643 611 Prosp.
1668 557 1789 595 con-

203 632 277 675 tra
300 619 632 678 Cassianum.
656 633 771 687 cap.
802 617 881 686 7).

270 692 336 746 Et
360 691 486 760 quia
516 685 877 743 deﬁnitionem
900 686 1245 760 antiquorum
1264 685 1792 760 Patrum,_nostram:

135 758 149 835 ξ
201 778 301 836 que
331 752 460 836 quas.
480 775 641 836 supra
673 760 869 836 scripta
900 768 1006 821 est,
1036 752 1143 811 non
1169 755 1668 836 solum_reli_giosis,
1694 752 1791 836 sed

201 826 362 891 etiam
393 826 563 900 laicis,
597 826 1049 884 medicamentum
1078 836 1299 900 esseet
1335 826 1792 900 desideramuset

200 900 513 973 cupimnszb
530 895 733 973 placuit
755 911 955 973 uteam
981 900 1141 973 etiam
1170 899 1408 973 illustres
1434 911 1499 951 ac
1524 895 1791 966 magnilici

200 968 294 1029 viri
321 974 415 1041 qui
447 972 726 1027 nobiscum
766 971 833 1025 ad
881 969 1156 1041 praefatam
1204 968 1554 1025 festivitatem
1593 982 1791 1023 COIIV8°

199 1054 415 1108 uerunt,
449 1042 666 1113 propria
698 1057 856 1113 manu
885 1040 1310 1097 subscriberent.

265 1109 623 1171 Cassii—iusin
648 1112 847 1167 Christi
876 1113 1091 1183 nomine
1114 1113 1422 1183 episcopus,
1450 1109 1795 1183 constitutio-

201 1202 320 1242 nem
354 1197 596 1239 nostram
627 1184 819 1252 relegi,
850 1192 903 1237 et
939 1181 1238 1237 subtimans
1266 1182 1586 1252 subscripsi,
1606 1181 1796 1251 quinto

200 1273 370 1313 nonas
401 1256 550 1321 Julii,
577 1254 740 1309 Decio
761 1254 978 1323 jnniore
1004 1254 1122 1309 viro
1150 1254 1451 1309 clarissimo
1474 1254 1721 1309 consule.

266 1328 527 1383 JULIANUS
561 1337 583 1365 ο
624 1324 955 1381 Auanrows
1004 1326 1290 1395 episcopus
1341 1324 1507 1395 relegi
1555 1334 1611 1380 et
1664 1323 1794 1378 sub-

200 1415 415 1455 SCI‘IDSI.

262 1416 284 1452 I'
380 1417 415 1453 Ι.

262 1416 641 1525 ἀεξετλμτιυε
664 1469 717 1523 in
735 1466 937 1523 Christi
951 1465 977 1506 ά
1001 1468 1221 1524 nomine
1237 1469 1524 1539 episcopus
1544 1467 1796 1523 consensi

196 1550 248 1599 et
277 1543 596 1610 subscripsi.

262 1614 665 1668 Οῖιικιηυε....
690 1610 1075 1682 episcOpus....
1105 1610 1424 1682 subscripsi.

262 1684 666 1740 EUCBEBIUS....
702 1681 1084 1753 episcopum.
1116 1681 1435 1752 subscripsi.

263 1809 292 1836 ι
326 1798 508 1855 Codex
535 1796 931 1865 Lugdunensis,
966 1797 1055 1853 sed
1082 1798 1265 1869 gratia:
1300 1795 1556 1869 largitate,
1581 1795 1794 1869 donata.

195 1871 485 1996 gemensis
513 1880 568 1925 et
598 1869 1019 1937 Bellovacensis,
1065 1866 1154 1924 sed
1193 1869 1255 1923 de
1305 1868 1495 1924 divina
1540 1866 1796 1939 largitatis

228 1958 359 1997 ono.

195 2084 546 2155 etiamsAug.
579 2082 811 2155 append.
847 2093 979 2138 toni.
1007 2081 1143 2155 Xut
1172 2084 1221 2135 in
1249 2081 1418 2155 textu.

268 2166 297 2194 ε
356 2153 632 2209 Hicc'vox
671 2153 966 2208 Amariolus
1014 2153 1229 2207 additur
1276 2154 1329 2223 in
1381 2153 1515 2209 edit.
1565 2153 1795 2223 append.

195 2237 332 2281 tom.
363 2224 433 2280 Χ.
470 2230 630 2295 Aug.,
661 2228 815 2279 abest
842 2241 872 2278 a
902 2223 1151 2293 Prosperi
1184 2222 1337 2278 libris
1370 2222 1609 2292 Lovan.,
1633 2223 1797 2295 Duae.

195 2307 247 2353 et
274 2296 477 2352 Colon.
510 2293 725 2351 esensis
757 2312 772 2362 ;
815 2295 1031 2349 additur
1068 2310 1286 2366 quoque
1327 2297 1382 2349 in
1429 2294 1619 2351 eadem
1659 2293 1796 2365 Aug.

195 2368 332 2423 edit.
359 2368 415 2421 in
445 2366 637 2422 Christi
665 2368 893 2430 nomine,
922 2377 977 2421 et
1001 2367 1255 2420 consensi.

261 2436 298 2474 ἀ
334 2438 513 2493 Editio
553 2437 786 2509 append.
820 2446 952 2509 tom.
986 2436 1054 2509 Χ.
1089 2438 1227 2506 Aug.
1251 2436 1464 2509 supplet
1488 2436 1644 2505 hujus
1677 2438 1800 2509 epi-

193 2511 348 2579 scopi
384 2506 603 2571 nomen;
632 2506 685 2564 et
711 2507 1187 2578 subscriptionem,
1219 2523 1344 2565 cum
1360 2506 1561 2563 ’absita
1592 2506 1797 2563 codici-

195 2583 298 2637 bus
324 2580 604 2650 Prosperi.

268 2661 295 2690 ο
329 2652 390 2708 ln
416 2648 697 2722 codicibus
716 2650 966 2721 Prosperi
994 2650 1309 2722 legebatur:
1342 2649 1549 2717 Petrus,
1578 2648 1802 2705 Marcel-

194 2724 358 2785 linus,
406 2719 581 2787 Felix,
611 2719 865 2786 Liberius,
888 2723 984 2775 viri
1013 2719 1291 2777 clarissimi
1323 2734 1371 2776 et
1411 2723 1641 2776 illustres
1669 2738 1802 2788 prce-

194 2795 317 2864 fecti
357 2795 601 2860 prtrtorio
651 2791 943 2846 Galliarum
986 2804 1136 2863 atque
1179 2794 1389 2864 patricii
1433 2794 1801 2864 consentientes

193 2862 635 2933 subscripserunt.
668 2862 1084 2919 Emendavimus
1111 2862 1187 2919 ea
1210 2864 1451 2920 editione
1481 2862 1693 2918 concilii
1743 2871 1805 2918 ut

194 2935 430 2990 habt-tur
452 2935 506 2990 in
538 2934 772 3006 append.
802 2942 931 2989 tom.
957 2934 1004 2989 Χ
1030 2936 1339 3005 Augustini,
1363 2934 1532 2990 cra~is
1557 2934 1798 3006 virgulis,

192 3017 246 3061 et
275 3007 475 3075 plurali
524 3004 733 3061 tnutato
771 3008 823 3059 in
854 3004 1146 3075 singulare.
1193 3006 1327 3061 Nam
1360 3014 1507 3061 recte
1553 3004 1805 3061 observat

192 3077 525 3144 Spondanus
549 3086 679 3131 tom.
714 3076 758 3131 ll
793 3076 1068 3144 Epitomes
1090 3075 1157 3131 ad
1212 3093 1410 3131 annum
1438 3076 1565 3139 529,
1590 3092 1710 3146 pag.
1744 3075 1799 3143 2,

192 3148 333 3204 falso
363 3148 554 3202 referri
581 3147 757 3202 eidem
795 3149 1027 3203 concilio
1072 3146 1379 3203 interfuisse
1404 3162 1634 3217 quatuor
1667 3164 1804 3216 pra:-

192 3219 370 3275 iectns
399 3219 675 3287 praetorio.
707 3228 764 3272 ut
796 3228 976 3274 textus
999 3219 1323 3286 depravatus
1355 3219 1537 3274 habet.
1566 3218 1721 3281 Nam,
1745 3228 1804 3273 ut

262 1981 473 2068 iii-ida.
526 2012 720 2081 Prosp.
768 2012 973 2067 Lovan.
1022 2020 1076 2082 et
1123 2012 1314 2074 Duac..
1345 2010 1541 2082 placuit
1583 2026 1703 2081 ergo
1742 2022 1797 2064 ut
1829 1981 1879 2042 Β

1971 473 2371 545 Hunnus...
2404 473 2781 545 episcopus....
2805 474 3125 541 subscripsi.

1969 544 2364 615 PR1NCIPIU§....
2397 544 2777 615 episcopus....
2810 546 3126 612 subscripsi.

1969 614 2386 689 PBILAGRIUS....
2420 614 2799 689 episcopus....
2835 616 3145 685 subscripsi.

1968 686 2316 759 alumna...
2343 686 2720 759 episcopus...
2750 689 3064 757 subscripsi.

1970 756 2471 832 mansurus}...
2507 756 2885 832 episcopus...
2909 756 3222 830 subscripsi.

1968 827 2338 901 Ammius...
2366 827 2745 900 episcopus..'..
2778 831 3095 901 subscripsi.

1970 897 2434 955 LUPERCMNUS....
2463 897 2839 970 episcopus...
2870 897 3179 970 subscripsi.

1970 969 2411 1046 Vt_soeuiu._t_s....
2444 969 2823 1046 episcopum...
2858 972 3176 1046 subscripsi.

1974 1049 1996 1077 ⁸
2024 1041 2234 1096 Ρετιιυς
2259 1041 2824 1099 ΜΑιιεειιικυεῚσἘιικ
2856 1043 3105 1099 Ltaemus
3135 1043 3217 1098 vir
3244 1043 3484 1099 clarissi~

1899 1126 2035 1187 mus
2056 1125 2109 1187 et
2156 1113 2378 1167 illustris
2411 1116 2690 1187 prrzeiectus
2718 1117 2951 1183 prretorii
2999 1114 3291 1171 Galliarum
3323 1127 3484 1187 atque

1900 1186 2179 1255 patricius,
2208 1186 2554 1238 consentiens
2583 1185 2896 1253 subscripsi.

1978 1254 2007 1328 ξ
2029 1255 2305 1328 δυωιιυςΔ
2322 1256 2403 1328 vir
2431 1255 2654 1328 illustris
2678 1257 3020 1312 consentiens
3048 1256 3368 1328 subscripsi.

1973 1326 2159 1381 Οιηιιο
2188 1330 2271 1380 vir
2297 1324 2522 1381 illustris
2542 1328 2885 1382 consentiens
2914 1328 3229 1396 subscripsi.

1973 1398 2360 1452 Pauracaruus
2383 1398 2463 1450 vir
2486 1398 2710 1452 illustris
2734 1400 3077 1453 consentiens
3101 1399 3416 1467 subscripsi.

1974 1468 2260 1523 Denuarus
2292 1468 2373 1522 vir
2397 1468 2619 1523 illustris
2646 1471 2991 1524 consentiens
3021 1470 3337 1538 subscripsi.

1970 1540 2287 1593 Camnnro
2315 1540 2398 1593 vir
2425 1539 2649 1595 illustris
2671 1542 3016 1596 consentiens
3046 1540 3357 1609 subscripsi.

1972 1609 2294 1664 Maaceuus
2323 1611 2404 1664 vir
2430 1610 2651 1665 illustris
2680 1611 3027 1667 consentiens
3057 1611 3373 1678 subscripsi.

1975 1692 1999 1728 ε
2029 1682 2307 1736 Nannius
2339 1682 2424 1736 vir
2456 1680 2691 1738 illustris
2721 1682 3067 1738 consentiens
3092 1682 3405 1750 subscripsi.

1904 1811 2051 1851 some
2069 1796 2231 1868 unius
2256 1812 2271 1848 :
2292 1804 2351 1868 et
2377 1797 2429 1868 in
2456 1797 2625 1865 ipsius
2650 1797 2843 1868 synodi
2871 1797 3115 1859 exordio.
3138 1812 3243 1853 non
3266 1805 3496 1867 quatuor

1904 1869 1994 1935 qui
2027 1866 2367 1922 interfuerint
2395 1867 2467 1922 ibi
2500 1866 2762 1938 przefecti,
2791 1869 2885 1925 sed
2915 1883 3051 1924 tinus
3088 1866 3366 1923 dumtaxat
3400 1868 3493 1924 Li-

1908 1938 2091 1994 berius
2119 1938 2375 2006 patricius
2402 1939 2709 1994 nominatur
2734 1956 2746 1993 :
2776 1954 2838 1994 ac
2866 1940 3098 2010 denique
3125 1939 3227 1993 hoc
3254 1947 3496 2010 tempore

1905 2010 2201 2064 Athalarici
2252 2010 2416 2080 regis,
2448 2025 2553 2063 non
2581 2020 2808 2076 quatuor
2837 2009 3117 2079 pra‘feCtos
3140 2009 3366 2065 Galliam
3397 2010 3493 2064 ad-

1904 2080 2265 2148 ministrasse,
2293 2082 2388 2136 sed
2417 2097 2577 2135 unum
2609 2082 2750 2135 hunc
2777 2080 3049 2136 Liberium
3082 2091 3225 2151 patet
3254 2097 3320 2137 ea
3350 2082 3495 2147 ejus-

1904 2152 2026 2207 dem
2058 2151 2201 2222 rcgis
2237 2152 2461 2221 epistola
2491 2154 2556 2206 ad
2588 2152 2837 2207 eumdem
2878 2152 3150 2209 Liberium
3179 2152 3301 2207 data
3345 2152 3496 2221 (Cas-

1902 2224 2038 2305 siod.
2137 2239 2252 2289 vni,
2283 2222 2460 2305 φρ).
2489 2224 2586 2305 Qui
2606 2223 2824 2305 quidem
2846 2224 2944 2305 ille
2969 2225 3086 2305 ipse
3108 2236 3229 2280 esse
3250 2223 3498 2305 Liberius

1905 2296 2196 2359 invenitur,
2238 2294 2324 2350 cui
2373 2294 2744 2351 Theudoricus
2790 2295 3078 2350 Athalarici
3129 2294 3498 2363 praedecessor

1904 2366 2080 2422 fasces
2109 2376 2266 2419 antea
2311 2366 2635 2421 crediderat.
2680 2366 2889 2436 Quippe
2921 2368 3012 2435 qui
3058 2366 3202 2421 inter
3229 2366 3331 2420 alia
3362 2380 3497 2434 prte-

1904 2437 2049 2491 clare
2076 2438 2145 2490 ab
2176 2439 2312 2503 ipso,
2345 2437 2485 2491 bello
2532 2452 2767 2505 paceque
2798 2435 2849 2491 in
2882 2437 3053 2503 ltalia,
3085 2435 3255 2492 Gallia
3287 2444 3343 2491 et
3370 2436 3497 2491 alibi

1904 2518 2074 2574 gesta.
2105 2507 2515 2562 commendatus
2545 2523 2611 2560 ex
2638 2522 2704 2562 eo
2746 2509 2992 2574 habetur,
3022 2506 3164 2577 quod
3196 2506 3359 2561 ltalos
3384 2507 3495 2561 Go-

1905 2577 2013 2648 this
2043 2578 2389 2641 consociarit,
2433 2578 2590 2633 tentia
2621 2593 2871 2647 agrorum
2918 2588 3069 2648 parte
3106 2577 3210 2631 illis
3239 2590 3493 2632 concessa

1910 2646 2097 2718 (Ibid.,
2132 2648 2169 2702 l.
2203 2664 2261 2711 tt,
2294 2650 2442 2719 epist.
2474 2649 2561 2712 i5,
2590 2646 2922 2719 ud’Senat.).

1982 2719 2001 2758 ί
2038 2720 2115 2774 Ea
2156 2718 2343 2775 eadem
2374 2719 2503 2790 edit.
2554 2727 2684 2775 tom.
2720 2719 2788 2774 Χ.
2828 2718 2976 2790 Aug.
3014 2718 3175 2790 Oper.
3228 2728 3498 2773 mutamus

1906 2790 2227 2860 subscripsit,
2257 2789 2401 2859 quod
2458 2791 2649 2859 legitur
2690 2790 2741 2843 in
2788 2789 3074 2846 codicibus
3100 2790 3492 2860 Prosperianis,

1908 2862 1960 2916 in
1984 2863 2233 2931 suscripsi
2262 2861 2349 2915 hic
2379 2869 2434 2916 et
2456 2861 2509 2915 in
2538 2862 2907 2931 sequentibus.

1981 2942 2005 2980 s
2039 2934 2151 2987 Hoc
2183 2947 2401 2999 nomen,
2430 2944 2485 2988 et
2525 2931 2640 2986 haec
2684 2932 3006 3001 subscriptio
3034 2931 3250 2988 additur
3290 2947 3355 2988 ea
3387 2933 3499 2987 Au-

1906 3005 2106 3074 gustini
2136 3013 2268 3057 tom.
2288 3002 2336 3058 Χ
2354 3005 2404 3057 in
2427 3002 2658 3073 appeud.
2683 3021 2696 3055 :
2730 3019 2851 3058 cum
2869 3003 3005 3074 desit
3024 3004 3353 3060 editionibus
3369 3004 3496 3058 [⁸το-

1906 3072 2075 3144 ἐροιιί.
2108 3076 2338 3139 Lovan.,
2373 3072 2535 3130 Duac.
2565 3086 2619 3129 et
2656 3074 2850 3129 Colon.
2889 3072 3056 3145 Cujus
3081 3074 3398 3130 auctoritate
3442 3074 3498 3128 in

1908 3147 2398 3217 subscriptionibus
2441 3161 2534 3201 ses
2577 3160 2696 3212 qua!
2724 3147 3037 3217 praecedunt
3079 3147 3377 3215 posuimus,
3423 3145 3498 3199 vir

1910 3216 2149 3285 illustris,
2179 3217 2269 3271 ubi
2297 3228 2457 3273 antea
2489 3217 2808 3285 habebatur,
2842 3220 2919 3271 uir
2941 3216 3277 3273 clarissimus.

188 3292 369 3347 codex
388 3290 681 3345 Vaticanus
702 3289 885 3354 docet.
915 3300 1146 3361 quatuor
1168 3298 1294 3345 sunt
1317 3290 1408 3345 illa
1438 3290 1653 3345 nomina
1681 3305 1804 3360 per-

1505 3550 2174 3633 ADMONITIO

662 3689 743 3752 IN
788 3688 1089 3752 LIBRUM
1133 3688 1237 3749 DE
1282 3688 1948 3751 PROMISSIONIBUS
1992 3689 2093 3751 ET
2142 3690 2832 3755 PREDICTIONIBUS
2874 3694 3028 3755 DEI.

264 3813 635 3872 Cassiodorus
662 3814 714 3867 in
746 3812 885 3887 libro
906 3813 1143 3868 institui.
1174 3814 1348 3887 Divin.
1369 3814 1577 3887 _l.itter.
1607 3814 1783 3883 capite
1816 3814 2015 3882 primo,
2041 3813 2290 3869 hortatur
2320 3822 2378 3868 ut
2408 3814 2621 3887 assidue
2651 3824 2707 3870 et
2735 3826 2941 3872 attente
2971 3816 3216 3887 lcgantur
3241 3817 3361 3872 libri
3392 3827 3499 3873 tres

188 3887 240 3943 in
270 3888 476 3953 quibus
505 3896 721 3939 sanctus
752 3885 983 3954 Prosper
1012 3900 1199 3939 omnes
1232 3885 1383 3940 verbi
1415 3886 1583 3939 divini
1616 3887 1965 3939 auctoritates
1998 3887 2051 3938 in
2083 3897 2300 3939 centum
2328 3886 2710 3956 quinquaginta
2744 3889 2914 3941 tribus
2939 3885 3210 3951 capitulis.
3244 3888 3501 3945 adinstar

190 3968 417 4013 centum
451 3956 833 4026 quinquaginta
866 3961 1027 4010 trium
1057 3956 1282 4024 piscium
1313 3972 1447 4023 quos
1477 3956 1795 4024 Evangelica
1843 3958 1975 4011 retia
2009 3959 2078 4011 de
2112 3956 2269 4025 hujus
2300 3959 2484 4011 saeculi
2526 3967 2889 4020 tempestuosa
2924 3958 3286 4026 profunditate
3314 3971 3497 4017 traxe-

187 4040 342 4093 ηιιιι,
368 4026 686 4093 complexus
715 4037 816 4081 est.
850 4032 977 4092 Qua-
1008 4029 1097 4097 vix
1124 4036 1207 4081 est
1246 4028 1385 4080 ullus
1415 4027 1693 4082 dubitandi
1724 4027 1877 4081 locus
1922 4027 1990 4081 ab
2030 4042 2097 4081 eo
2136 4027 2239 4081 dici
2284 4027 2352 4082 de
2404 4027 2572 4083 hocce
2604 4044 2768 4097 opere
2804 4031 2888 4083 cui
2924 4031 3107 4084 titulus
3146 4040 3246 4085 cst.
3282 4032 3347 4085 de
3366 4030 3495 4086 Pro-

186 4098 527 4155 missionibus
554 4108 597 4151 et
630 4096 1370 4171 PraedictionibusDeiallanc
1398 4102 1540 4153 enim
1570 4100 1713 4153 illius
1744 4098 1907 4152 fuisse
1938 4099 2349 4171 mentem,inde
2378 4096 2700 4165 conjicitur,
2731 4101 2873 4167 quod
2907 4101 3175 4167 ipsemet,
3209 4101 3324 4156 libri
3357 4105 3499 4171 ejus-

186 4173 314 4226 dem
348 4186 474 4244 cap_.
507 4172 595 4235 ΓΙ,
627 4170 990 4244 de_historicis
1010 4169 1348 4244 Christianis
1362 4184 1676 4244 sermonem
1708 4184 2059 4244 persequens,
2079 4169 2454 4244 _tle_Prospero
2482 4174 2565 4244 ita
2585 4171 2832 4241 loquatur
2864 4171 3039 4244 (Cap.
3075 4172 3144 4228 84
3172 4171 3191 4242 )
3220 4189 3234 4227 :
3279 4169 3500 4228 Sanctus

181 4259 398 4313 quoque
416 4240 654 4315 Prosper
681 4238 939 4294 Chronica
968 4242 1032 4315 ab
1056 4241 1227 4315 A_r_lam
1253 4241 1321 4293 ad
1350 4239 1614 4315 Genserici
1646 4252 1875 4310 (corpora
1902 4250 1949 4293 et
1974 4240 2114 4315 urbis
2145 4238 2333 4315 Romae
2355 4238 2791 4315 deprcdationem
2817 4238 3252 4315 usqueperdnaa't.
3296 4244 3501 4311 Quibus

184 4310 377 4367 ἱνα-1ης
411 4314 554 4365 hunc
581 4311 902 4383 Pro~perum
946 4311 1034 4377 qui
1066 4310 1327 4366 Chronica
1368 4312 1605 4380 scripsit,
1637 4316 1886 4365 eumdem
1918 4325 1978 4365 se
2007 4311 2319 4366 existimare
2373 4310 2501 4366 satis
2550 4314 2724 4367 innuit
2767 4310 2927 4383 quem
2974 4310 3082 4370 tres
3128 4315 3293 4369 libros
3324 4310 3501 4371 totius

182 4386 395 4437 divinre
450 4382 782 4437 auctoritatis
823 4383 1166 4437 elucubrasse
1218 4392 1376 4437 antea
1421 4392 1647 4437 testatus
1702 4391 1819 4435 erat
1871 4397 1887 4436 :
1931 4391 2159 4451 uterque
2210 4384 2352 4437 enim
2399 4395 2617 4439 sanctus
2668 4385 2742 4437 illi
2790 4382 3087 4451 reputatur.
3129 4386 3197 4441 At
3234 4385 3499 4440 Chronica

183 4457 274 4508 illa
311 4452 703 4530 Cassiodorutn
730 4455 976 4530 Prosperi
1000 4456 1166 4507 nostri
1189 4454 1687 4530 opus_int_elle_xisse
1718 4468 1785 4507 ex
1813 4468 1878 4506 eo
1899 4455 2127 4530 quisque
2150 4454 2442 4530 intelliget,
2471 4455 2612 4523 quod
2642 4454 2952 4530 Gennadius
2979 4455 3238 4530 Chronica
3269 4460 3499 4530 ejusdem

182 4528 409 4579 nomine
437 4524 973 4597 prtetitulatavidisse
995 4538 1054 4578 se
1081 4533 1309 4597 testetur
1335 4525 1386 4577 iu
1403 4523 1681 4593 Catalogo,
1704 4538 1771 4580 ex
1798 4538 1906 4594 quo
1926 4538 2024 4579 sua
2057 4523 2195 4578 haud
2219 4523 2382 4579 dubie
2412 4533 2689 4579 mutuatus
2706 4537 2789 4579 est
2809 4525 3066 4595 Senator,
3089 4528 3179 4597 qui
3202 4523 3312 4596 jan't
3335 4531 3501 4584 citato

181 4599 398 4666 capite,
437 4596 595 4664 hujus
623 4596 804 4664 operis
826 4596 1109 4650 lectionem
1142 4595 1386 4663 impense
1415 4597 1781 4650 commendat.

263 4668 389 4722 Hoc
413 4680 544 4721 vero
571 4681 707 4735 opus
734 4666 893 4721 hodie
923 4666 975 4719 in
1008 4668 1244 4735 quinque
1276 4674 1477 4736 partes,
1498 4676 1557 4720 ut
1576 4667 1645 4721 ab
1672 4676 1892 4723 auctore
1916 4668 2146 4730 exierat.
2178 4666 2528 4721 distributum
2574 4667 2821 4723 habetur.
2853 4668 2949 4724 ille
2976 4680 3153 4725 autem
3185 4670 3250 4724 ad
3281 4680 3498 4726 centum

181 4738 587 4811 quinquaginta
612 4748 724 4811 tres
754 4736 879 4791 illos
910 4742 1081 4811 pisces
1104 4752 1242 4811 quos
1269 4739 1523 4811 apostoli,
1552 4748 1671 4805 post
1701 4738 1902 4811 Christi
1947 4740 2428 4811 resurrectionem,
2462 4753 2570 4793 uno
2609 4737 2923 4807 retis'jactu
2957 4742 3164 4811 cepisse
3191 4740 3500 4796 referuntur

182 4812 237 4863 in
269 4807 573 4881 Evangelio
601 4808 779 4879 (Joan.
804 4822 920 4870 χιι.
963 4808 1075 4877 11),
1101 4807 1370 4873 alludens,
1402 4809 1502 4865 sub
1530 4822 1747 4864 centum
1779 4809 2161 4879 quinquaginta
2194 4809 2362 4881 tribus
2387 4809 2559 4881 titulis
2580 4812 2661 4879 (ut
2683 4814 2886 4864 notavit
2909 4807 3289 4881 Cassiodorus)
3311 4828 3501 4867 omncs

179 4881 402 4935 Christi
440 4879 647 4933 Domini
679 4881 1087 4951 promissiones,
1114 4895 1208 4948 per
1232 4890 1405 4935 totum
1421 4881 1717 4947 Scriptura:
1738 4894 1907 4934 sacra
1928 4896 2175 4949 campum
2203 4879 2451 4944 diliusas,
2479 4880 2650 4935 voluit
2672 4883 2936 4938 contineri
2973 4901 2986 4935 :
3020 4898 3151 4951 quas
3175 4879 3296 4935 ideo
3328 4884 3415 4937 ille
3448 4885 3500 4938 in

183 4966 366 5005 unum
396 4952 635 5019 collegit,
658 4960 711 5005 ut
735 4964 829 5004 eas
853 4966 979 5005 vere
1000 4965 1029 5003 a
1052 4949 1269 5005 Christo
1299 4952 1464 5005 fuisse
1495 4952 1763 5020 impletas,
1785 4960 1879 5006 aut
1908 4951 1957 5005 in
1990 4963 2263 5020 posterum
2283 4959 2433 5005 certo
2457 4952 2657 5007 certius
2684 4953 2988 5021 implendas
3020 4949 3133 5007 iure
3163 4954 3501 5008 tlemonstra-

181 5028 299 5093 ret.
326 5022 467 5093 Cum
493 5031 668 5076 autem
702 5021 1089 5093 promissiones
1114 5022 1220 5075 illte
1254 5022 1445 5091 partim
1476 5032 1599 5076 ante
1642 5023 1836 5091 legem.
1878 5024 2071 5091 partim
2101 5024 2199 5076 sub
2246 5028 2362 5091 lege
2396 5022 2550 5078 facta:
2578 5064 2593 5086 ,
2629 5025 2848 5079 tandem
2877 5036 3119 5093 tempore
3145 5024 3502 5078 matiilestatze

181 5091 747 5167 hominibusgratise,
781 5092 1023 5167 implete
1045 5092 1405 5167 inveniantur,
1431 5108 1536 5146 non
1568 5094 1790 5148 deluere
1825 5092 1917 5163 qui
1958 5093 2125 5167 hocce
2153 5107 2287 5163 opus
2318 5094 2535 5150 nomine
2566 5094 2705 5167 Libri
2726 5105 2842 5148 ante
2873 5091 3052 5167 legent,
3083 5095 3173 5147 sub
3196 5096 3308 5165 iege
3330 5106 3375 5167 et
3408 5097 3501 5149 sub

180 5165 394 5238 gratia.
418 5163 783 5238 designarent.
802 5162 1158 5238 Cassiodorus
1175 5178 1302 5238 vero
1320 5164 1587 5238 _locum_ex
1610 5173 1763 5231 parte
1797 5162 1951 5238 tertia
1983 5164 2205 5238 petitum
2238 5175 2507 5235 tamquam
2533 5165 2706 5238 sanati
2739 5162 2984 5238 i’rOspéi-i
3009 5168 3206 5219 dictum
3232 5162 3497 5234 producit.

262 5235 633 5290 Doctissimns
654 5250 865 5304 quoque
886 5236 1173 5289 Annalium
1209 5234 1707 5289 Ecclesiasticorum
1736 5236 1985 5290 conditur
2021 5235 2088 5289 ad
2118 5252 2319 5291 annum
2364 5234 2487 5290 aera:
2528 5236 2848 5291 Christiana:
2877 5236 2984 5290 444
3009 5247 3283 5290 auctorem
3312 5238 3497 5304 operis

180 5308 259 5363 de
294 5304 761 5377 Promissionibus
790 5315 845 5361 et
876 5306 1319 5377 Praedictionibus
1344 5306 1435 5359 Dei
1466 5305 1794 5377 Prosperum
1824 5322 1947 5362 esse
1972 5306 2181 5370 scribit,
2212 5320 2369 5377 atque
2398 5308 2468 5362 ita
2500 5307 2649 5361 illum
2672 5307 2845 5375 longis
2876 5306 3151 5361 itineribus
3179 5321 3275 5376 per
3299 5307 3503 5363 Italiam

178 5378 551 5447 Atricatnque
580 5376 969 5441 circumducit;
1022 5387 1133 5431 tum
1179 5376 1255 5431 illi
1286 5391 1421 5430 nova
1462 5376 1603 5431 bella
1638 5388 1824 5431 contra
1856 5378 2175 5447 Pelagianos
2212 5376 2487 5443 attribuit,
2520 5394 2641 5447 quae
2671 5377 2849 5431 omnia
2889 5392 2955 5431 et
2986 5377 3176 5431 eodem
3216 5378 3361 5433 fonte
3391 5395 3505 5433 ma-

178 5459 353 5506 nant.
382 5446 441 5501 In
472 5448 746 5517 utriusque
772 5463 934 5515 supra
958 5450 1240 5503 memorati
1269 5448 1505 5503 auctoris
1536 5449 1857 5504 sententiam
1891 5446 2073 5514 multi,
2105 5463 2165 5503 re
2185 5455 2448 5504 maturius
2473 5446 2577 5502 non
2601 5451 2929 5511 examinata.
2958 5448 3054 5503 toti
3082 5449 3499 5505 descenderunt.

179 5520 312 5576 Nec
341 5529 527 5574 tamen
558 5519 713 5590 facile
750 5517 997 5573 deﬁniam
1028 5535 1097 5573 an
1127 5534 1193 5575 ex
1235 5520 1350 5574 sola
1394 5521 1673 5587 utriusque
1700 5522 2024 5576 auctoritate
2061 5529 2208 5575 recte
2237 5519 2483 5574 concludi
2526 5518 2697 5589 possit
2738 5520 2900 5588 hujus
2925 5520 3105 5590 operis
3132 5522 3339 5577 auctori
3366 5520 3504 5576 Pro-

178 5590 349 5663 speri
381 5605 577 5645 nomen
610 5588 957 5663 fuissesQua;
985 5594 1297 5663 conjectura
1330 5606 1358 5645 a
1380 5590 1700 5663 quibusdam
1745 5607 1851 5645 non
1880 5591 2206 5662 improbata,
2235 5591 2304 5645 ab
2344 5588 2711 5663 aliisomnino
2741 5588 3020 5645 refutatur.
3057 5591 3165 5647 Hos
3196 5592 3337 5647 inter
3365 5591 3502 5663 emi:

181 5660 873 5734 peritissimuscardinalis
902 5661 1165 5722 Norisius.
1195 5660 1442 5717 Historia:
1470 5662 1767 5732 Pelagiana:
1797 5663 1939 5734 libro
1961 5660 2221 5727 secundo,
2245 5661 2659 5734 capitedecimo
2688 5670 2910 5732 quarto,
2944 5678 3056 5717 rem
3085 5677 3180 5734 pro
3210 5662 3503 5734 verosimili

182 5747 542 5805 supponens,
571 5732 691 5786 libri
717 5742 988 5787 auctorem
1023 5741 1173 5803 putat
1194 5734 1413 5805 agnosci
1449 5748 1604 5803 posse
1629 5743 1875 5788 sanctum
1897 5733 2243 5804 Prosperum,
2271 5733 2625 5805 Rhegiensem
2652 5734 2986 5805 episcopum,
3008 5732 3173 5791 alium
3191 5748 3222 5789 a
3239 5733 3504 5805 Prospero

182 5803 501 5875 Aquitano,
536 5818 696 5873 quem
720 5818 975 5874 umquam
1005 5803 1293 5874 episcopali
1322 5805 1583 5874 dignitate
1605 5814 1819 5859 auctum
1845 5805 2011 5862 fuisse
2033 5803 2139 5861 non
2168 5805 2341 5861 credit
2370 5804 2449 5862 vir
2476 5803 2840 5862 doctissimus.
