4014 6348
176 283 275 346 737

705 278 912 337 LIBER
950 278 1041 335 DE
1080 273 1646 336 PROSlleIONlBUS
1687 274 1777 333 ΕΤ
1818 273 2419 335 PRIEDIGHONIBUS
2460 276 2593 333 DEI.
2634 275 2811 334 PARS
2849 278 2891 332 Ι.

3352 282 3458 339 788

174 408 335 458 mater
362 412 480 480 mena
512 392 748 480 (Psalzt.
769 436 798 480 ,.
818 394 898 465 7).
967 393 1474 480 Salomon’gnoq-ue
1502 395 1649 463 paria
1686 401 1763 480 l‘ef
1792 393 1841 455 Α
1869 391 2581 480 dicio-divinassententiie,
2614 410 2779 480 seque
2802 410 2832 449 a
2861 395 3459 480 prapriispatetlnisque

174 482 343 530 statur
374 486 389 524 :
418 464 618 533 Grave,
650 468 744 530 ait,
770 464 954 538 jugum
1002 482 1156 537 super
1211 466 1349 534 filios
1380 464 1576 538 Adam,
1621 481 1651 517 a
1673 464 1764 538 die

174 546 336 601 exitus
364 542 431 595 de
460 551 631 594 ventre
657 534 853 591 matris
871 534 1076 608 eorum,
1098 554 1259 608 usque
1287 539 1347 608 in
1371 537 1504 608 diem
1535 534 1765 604 sepultu-

175 632 245 671 ne
291 614 346 666 in
385 620 600 667 matrem
648 610 876 681 omnium
925 606 1126 681 (Eccli.
1161 606 1259 671 in.
1296 606 1380 679 l).
1437 607 1567 664 ltem
1601 609 1760 681 ipse:

176 684 240 742 Et
262 701 357 755 ego
388 692 542 737 natus
570 680 944 755 accepi,_gdicit,
975 696 1294 755 communem
1322 694 1513 745 aerem,
1544 690 1591 755 et
1619 680 1766 755 ir_t_si-

178 751 367 812 utiliier
400 758 589 825 factum
630 752 796 825 decidi
825 761 1044 825 terram.
1091 753 1311 825 primam
1334 766 1515 825 vocem
1544 751 1764 805 similem

176 822 409 883 omnibus
438 824 584 879 emiss
620 822 831 892 plorans
850 864 863 885 .
910 823 964 876 in
1011 822 1371 877 involumentis
1401 828 1623 876 nutritus
1650 836 1763 875 sum

175 912 218 953 et
247 899 389 951 curis
419 891 629 967 magis.’
666 891 833 967 Nemo
879 894 1014 948 enim
1055 893 1369 967 e.t:_regibus
1408 895 1554 967 aliud
1588 894 1765 967 habuit

174 966 460 1023 nativitatis
496 962 721 1018 initium.
780 962 927 1019 Unus
964 972 1036 1017 est
1069 965 1201 1018 enim
1225 962 1475 1019 _omnibus
1520 965 1765 1019 introitus

176 1044 241 1093 ad
270 1042 451 1105 vitam,
475 1047 521 1089 et
550 1034 737 1088 similis
754 1037 914 1089 exitus
938 1034 1209 1107 (εαρλψ
1235 1037 1269 1090 5
1297 1034 1483 1107 seqq.).
1518 1037 1581 1090 Et
1604 1036 1765 1107 paulo

176 1119 337 1183 post;
373 1103 743 1183 sentemen‘im
789 1116 897 1183 erat
946 1103 1277 1159 maledictum
1320 1103 1568 1183 ab'initio
1598 1103 1761 1183 (ibid.

177 1176 270 1243 iit.
303 1182 422 1243 il).
484 1178 549 1231 Et
579 1176 742 1232 Isaias
775 1194 788 1229 :
824 1177 1008 1233 Semen
1038 1193 1275 1245 nequam.
1302 1178 1395 1241 ait,
1429 1178 1526 1245 filii
1543 1176 1762 1241 scelesti,

177 1248 530 1321 dereliquistis
554 1246 835 1321 Dominum
875 1246 1028 1321 (lsai.
1070 1263 1116 1311 ι,
1145 1246 1225 1317 4).
1272 1246 1376 1302 Job
1404 1248 1564 1321 etiam
1592 1248 1720 1321 dicit
1748 1264 1763 1299 :

180 1319 379 1377 Nullus
409 1332 486 1373 est
514 1319 753 1372 immunis
769 1336 802 1372 α
826 1320 1007 1389 sorde,
1035 1335 1122 1371 nec
1153 1320 1326 1388 infans
1347 1320 1493 1389 cujus
1516 1328 1589 1389 est
1612 1319 1766 1389 unius

176 1397 277 1448 diei
326 1393 431 1446 vita
472 1405 625 1460 super
687 1398 877 1443 terram
935 1386 1070 1460 (Job
1128 1386 1249 1455 xui,
1294 1388 1328 1441 ιι
1385 1386 1489 1443 sec.
1554 1387 1763 1459 LXX).

178 1466 314 1519 item
342 1464 459 1531 ipse
492 1478 505 1513 :
537 1458 707 1513 Nemo
746 1468 905 1526 potest
943 1458 1109 1528 facere
1138 1460 1383 1513 mundum
1406 1461 1470 1514 de
1506 1458 1767 1513 immundo

179 1545 483 1598 conceptum
507 1532 718 1594 semine,
744 1532 1036 1600 nisitu,qui
1055 1531 1197 1584 solus
1219 1533 1438 1585 mundus
1451 1531 1566 1598 es(l
1577 1531 1764 1593 bidem,

177 1622 281 1684 sec.
573 1602 678 1683 Pro
710 1603 863 1683 cujus
890 1602 1194 1684 capiatione
1224 1602 1488 1684 maledicti
1520 1605 1765 1684 seminis,

182 1672 523 1731 imumuditia
553 1673 811 1739 parientis
841 1673 1079 1727 mulieris
1107 1682 1161 1727 et
1179 1672 1399 1727 infantis
1428 1672 1612 1743 (Leuit.
1648 1674 1765 1742 xu),

180 1743 1158 1838 “0'i“°§3_§"":._'.esa!ie-fuerat
1187 1758 1357 1838 ιξξίιξιξ
1378 1744 1766 1838 emisre:
1801 1777 1847 1838 Β

181 1825 501 1888 regnantem
534 1832 550 1867 :
576 1814 668 1883 qui
698 1816 777 1869 sui
800 1817 1045 1888 corporis
1072 1816 1255 1869 oblato
1281 1815 1566 1888 sacrificio,
1589 1816 1769 1888 salvos

181 1884 310 1944 facit
335 1884 561 1957 pusillos
581 1900 701 1939 cum
723 1884 951 1956 magnis.
983 1884 1104 1957 Ipse
1116 1888 1252 1939 enim
1279 1886 1477 1939 salvum
1504 1886 1775 1957 facietpo-

182 1956 549 2030 pulumgsuum
570 1995 586 2017 ,
616 1959 815 2011 dictum
846 1965 951 2019 est,
980 1956 1261 2030 ai'gpeccatis
1289 1970 1467 2030 eorum
1492 1956 1707 2025 (Matth.
1736 1972 1776 2023 l,

181 2027 299 2101 ξι).
350 2028 479 2083 Hac
530 2034 710 2083 tamen
737 2043 855 2101 quae
878 2028 1131 2099 pta-dicta
1170 2036 1327 2101 sunt,
1370 2027 1441 2081 ita
1474 2038 1779 2101 cernuntur

183 2098 443 2171 impleta,
498 2106 558 2151 ut
594 2113 763 2171 usque
809 2098 1073 2155 in'liuem
1106 2099 1291 2153 mundi
1332 2098 1628 2169 supplenda
1683 2099 1782 2154 do-

183 2179 435 2229 ceantur.

832 2241 1058 2299 CAPUT
1086 2240 1148 2295 V.

286 2336 354 2391 In
377 2338 545 2393 Adam
576 2338 809 2393 omnibus
832 2338 1050 2409 posteris
1076 2337 1239 2403 labor,
1272 2338 1432 2391 sudor
1460 2348 1507 2391 et
1536 2338 1708 2393 dolor.

184 2431 457 2489 Praedicta
492 2441 892 2505 pr0pagataque
924 2432 1215 2515 sententia.
1269 2432 1326 2486 ln
1351 2430 1549 2487 Genesi
1577 2433 1780 2488 credita

885 2513 940 2558 et
965 2513 1095 2558 visa.

261 2596 315 2649 7.
353 2596 480 2650 Adae
508 2602 679 2649 autem
716 2595 844 2649 dixit
874 2592 1012 2648 Deus
1047 2609 1066 2647 :
1098 2594 1353 2658 Quoniam
1390 2595 1581 2648 audisti
1618 2612 1782 2649 vocem

185 2668 424 2721 mulieris
457 2676 586 2731 tute,
620 2675 647 2703 ⁸
670 2666 942 2736 plusquam
987 2682 1105 2738 me,
1149 2676 1195 2718 et
1240 2666 1450 2738 tetigisti
1482 2669 1545 2719 de
1601 2668 1785 2720 arbore

186 2738 255 2789 de
283 2753 391 2807 qua
420 2738 530 2791 sola
561 2752 904 2807 prteceperam
936 2737 1027 2789 tibi
1062 2752 1123 2788 ne
1149 2737 1485 2791 manducares
1512 2752 1576 2791 ea:
1607 2754 1695 2802 ea,
1735 2746 1784 2789 et

184 2808 517 2862 manducasti
548 2823 568 2861 :
605 2808 879 2861 maledicta
912 2816 1047 2860 terra
1095 2809 1148 2859 in
1179 2809 1412 2877 operibus
1444 2810 1572 2871 tuis,
1608 2810 1784 2873 spinas

186 2889 235 2931 et
271 2877 485 2932 tribulos
513 2882 678 2946 pariet
709 2878 842 2944 tibi;
888 2879 942 2931 in
974 2878 1182 2931 tristitia
1212 2888 1257 2930 et
1302 2879 1493 2947 gemitu
1536 2879 1652 2932 edes
1683 2896 1782 2949 pa-

187 2949 372 3003 bulum
398 2950 512 3018 agri
531 2950 631 3014 tui,
661 2949 715 3001 in
736 2950 925 3002 sudore
952 2949 1119 3001 vultus
1146 2950 1221 3001 tui
1241 2948 1574 3002 manducabis
1601 2966 1785 3019 panem

188 3029 360 3081 tuum,
394 3020 554 3073 donec
582 3020 853 3074 revertaris
881 3020 935 3071 in
966 3030 1155 3072 terram
1173 3060 1187 3081 ,
1220 3019 1286 3091 de
1305 3036 1405 3091 qua
1432 3034 1663 3091 sumptus
1690 3038 1741 3073 es
1766 3036 1785 3075 .'

187 3091 439 3161 quoniam
466 3100 602 3143 terra
642 3106 695 3143 es
732 3100 779 3144 et
811 3091 865 3144 in
895 3100 1079 3143 terram
1112 3090 1208 3143 ibis
1264 3089 1489 3161 (Cenes.
1523 3089 1616 3158 tit,
1648 3092 1710 3144 l7
1735 3102 1782 3143 et

1871 463 2084 517 delictis
2131 466 2353 538 expiare
2399 463 2773 537 contendunt,
2831 463 2895 522 es
2944 463 3193 536 primitiis
3250 463 3458 538 frugum

1872 548 2090 589 suarum
2123 537 2385 593 sacrilicia
2418 539 2748 593 obtulerunt.
2782 538 3007 593 Minoris
3022 540 3155 595 Abel
3179 555 3247 594 ex
3269 537 3459 598 ovibus

1869 605 2166 682 oblatum_,_
2193 609 2527 682 acceptabile
2566 611 2856 682 suscipitur
2884 612 3240 679 sacrificium,
3293 628 3453 682 repn-

1870 675 2050 753 diatttr
2076 678 2226 753 (_2ain_
2262 678 2477 753 (Genes.
2511 695 2561 734 tv
2585 724 2601 748 ,
2624 675 2728 752 7),
2778 694 2884 737 n0n
2935 692 3080 737 recte
3099 675 3272 736 divisa
3304 675 3461 739 terra:

1869 748 2152 824 particula.
2212 748 2413 824 Invidia
2455 751 2583 824 hinc
2630 748 2867 807 nascitur
2901 770 2915 807 :
2952 756 3279 824 prmsciaque
3321 754 3460 809 divi-

1870 819 2011 873 nitas
2045 819 2377 892 futurorum,
2401 821 2590 877 indicit
2629 819 3208 892 patientiam’lurenti,‘
3236 825 3460 880 dicitur-

1867 904 1974 960 que
2002 890 2222 969 ad‘Cain
2249 909 2277 969 εΔ
2300 890 2556 969 Pet-casti,
2587 899 2790 969 quiesce
2809 936 2825 963 ,
2854 895 2922 947 ad
2953 906 3001 949 te
3028 890 3293 950 conversio
3324 899 3456 969 ejus,

1867 971 1913 1034 e_t
1941 970 2012 1034 tu_
2047 962 2391 1017 dominaberis
2433 967 2549 1034 eius
2573 962 2675 1019 :‘id
2705 976 2818 1034 est,
2863 974 2922 1019 ut
2962 978 3181 1032 peccato
3219 981 3318 1020 suo
3342 962 3463 1034 ipse

1868 1031 2267 1107 dominaretur,
2291 1047 2390 1088 nec
2420 1033 2571 1107 fieret
2593 1050 2779 1107 servus
2804 1031 3092 1105 peccati,si
3126 1031 3460 1107 praecipienti

1868 1100 2085 1177 humilis
2114 1103 2375 1177 obediret.
2426 1104 2621 1158 Verum
2644 1106 2779 1177 ,Cain
2802 1100 3336 1177 contum-axfsuiqu'e
3359 1110 3462 1162 im-

1870 1172 2116 1246 patiens,
2174 1174 2363 1246 insliiit
2390 1190 2553 1243 super
2595 1175 2727 1230 Abel
2760 1177 2812 1230 in
2842 1172 3121 1246 campum,
3172 1188 3227 1233 et
3250 1172 3466 1233 'occidit

1869 1259 2012 1319 eum.
2065 1245 2207 1319 Proh
2230 1243 2379 1319 nefas
2402 1246 2416 1298 l
2451 1245 2690 1319 hinccine
2718 1256 2879 1319 sunt,
2899 1243 3028 1303 Cain
3046 1292 3061 1315 ,
3088 1251 3463 1319 germanitatis

1869 1314 2111 1386 [ωδειυῖ
2158 1316 2396 1371 haeccine
2452 1318 2714 1386 principia
2756 1318 2909 1372 bona:
2941 1314 3185 1373 natura”
3227 1319 3466 1375 basccine

1868 1385 2025 1459 bona:
2054 1386 2259 1459 indolis,
2275 1401 2400 1459 spes
2428 1385 2533 1459 est,
2568 1385 2782 1459 utante
2805 1397 2869 1459 te,
2890 1391 3029 1444 norit
3060 1402 3212 1459 pater
3242 1391 3466 1447 bomici-

1869 1456 1994 1527 dam
2040 1473 2201 1527 quam
2240 1457 2440 1512 filium!
2502 1457 2608 1514 Sed
2644 1457 2726 1511 bis
2755 1458 3013 1523 ausibus,
3061 1456 3273 1516 facinus
3309 1478 3464 1516 suum

1870 1526 1999 1581 Cain
2041 1526 2226 1582 multis
2257 1527 2284 1565 ά
2330 1530 2491 1582 etiam
2543 1529 2777 1583 vinculis
2817 1530 3167 1585 connodavit.
3232 1532 3466 1587 Effectus

1870 1608 2212 1670 contemptor
2242 1598 2406 1653 divini
2453 1601 2718 1661 mandati,
2753 1601 3021 1670 superbiae
3051 1610 3237 1670 caput,
3280 1614 3468 1657 auctor

1873 1668 2118 1742 invidizc,
2158 1671 2411 1742 princeps
2442 1670 2603 1725 illata:
2631 1668 2854 1738 mortis,
2892 1681 2947 1726 et
2974 1668 3179 1742 primus
3209 1672 3260 1727 in
3292 1672 3468 1728 homi-

1874 1740 2031 1793 nibus
2060 1741 2347 1805 parricida.

1954 1810 2009 1865 9.
2035 1811 2131 1865 Hic
2160 1811 2309 1866 initia
2351 1812 2581 1867 bellandi
2614 1812 2873 1880 instituit,
2924 1823 2984 1869 ut
3023 1830 3149 1871 reus
3189 1814 3468 1870 innoxium

1882 1883 2196 1957 sanguinem
2230 1892 2253 1918 υ
2283 1882 2577 1957 diffundat,
2604 1883 2795 1957 livoris
2824 1886 3017 1956 plenus
3045 1887 3269 1957 gloriam
3305 1885 3324 1923 ί
3363 1889 3466 1939 im-

1882 1954 2018 2028 petit
2046 1952 2315 2028 alienam.
2341 1953 2491 2028 _Nam
2522 1954 2775 2028 praeclara
2808 1952 2936 2028 hinc
2962 1952 3162 2028 fulsere
3186 1957 3465 2028 martyrio.

1884 2024 2009 2076 dum
2040 2024 2170 2090 justi
2202 2023 2523 2079 occiduntur
2551 2024 2619 2079 ab
2649 2025 2847 2094 impiis.
2906 2025 3012 2082 Sed
3039 2035 3098 2081 ut
3125 2042 3283 2082 omne
3314 2023 3469 2081 nobis

1882 2094 2023 2217 guod
2055 2102 2231 2148 actum
2250 2105 2355 2163 est,
2390 2094 2653 2164 prolicere
2678 2096 3076 2152 demonstraret
3098 2096 3276 2152 divina
3297 2098 3475 2167 provi-

1922 2167 2085 2217 entia.
2117 2166 2334 2217 fratrem
2366 2182 2394 2217 a
2418 2166 2579 2217 fratre
2603 2168 2848 2217 renuirit.
2873 2176 2897 2213 ι
2922 2182 3077 2217 auem
3105 2167 3208 2217 iam
3231 2168 3473 2217 occisum

1922 2167 2085 2230 entia,
2117 2166 2334 2219 fratrem
2366 2182 2394 2219 a
2418 2166 2579 2220 fratre
2603 2168 2848 2238 requirit,
2873 2176 2897 2213 ι
2922 2182 3077 2238 quem
3098 2167 3209 2238 jam
3231 2166 3473 2238 occisum

1886 2244 2143 2301 noverat;
2212 2245 2530 2306 negantem,
2572 2234 2715 2291 terra
2757 2234 2980 2304 “teste,
3021 2234 3297 2293 convicit:
3338 2237 3472 2304 Vox,

1885 2306 2091 2377 inquit,
2140 2308 2407 2377 sanguinis
2435 2308 2612 2377 fratris
2641 2310 2714 2361 tui
2762 2309 2948 2362 clamat
2996 2311 3069 2362 ad
3104 2326 3183 2364 me
3231 2311 3292 2363 de
3340 2319 3476 2364 terra

1885 2324 2091 2377 inquit,
2140 2324 2233 2359 san
2273 2324 2407 2361 umis
2435 2324 2612 2377 fratris
2641 2324 2713 2361 tut
2762 2324 2948 2362 ctaniat
2996 2324 3066 2362 aa
3104 2326 3183 2364 me
3231 2324 3292 2363 ae
3340 2324 3476 2364 terra

1885 2376 2038 2446 (Gen.
2068 2392 2140 2450 tv,
2166 2324 2278 2449 1οξ.
2305 2377 2457 2450 Δ(ὶειίιι
2480 2377 2738 2450 figurasse
2768 2378 3047 2434 Judaicum
3079 2380 3332 2450 pnpulutn
3366 2390 3489 2434 ter-'

1886 2450 2035 2503 renis
2065 2447 2349 2503 desideriis
2378 2447 2699 2511 inhiantem,
2738 2450 2872 2504 Abel
2899 2447 3170 2505 (lbristum
3204 2460 3471 2520 past0rem

1886 2521 2097 2591 ovium,
2152 2520 2221 2574 ab
2256 2535 2320 2573 eo
2352 2520 2546 2589 popqu
2576 2521 2846 2586 occisum,
2907 2522 3085 2576 nullus
3110 2522 3220 2591 jam
3252 2521 3478 2591 ambigit

1888 2590 2257 2655 Christianus,
2303 2596 2458 2657 cujus
2495 2605 2707 2644 sacrum
2748 2593 3064 2660 sanguinem
3110 2590 3289 2647 omnis
3335 2590 3477 2646 nunc

1888 2670 2029 2717 terra
2062 2662 2353 2733 accipiens,
2392 2660 2405 2696 ί
2440 2663 2635 2733 clamat
2669 2681 2679 2714 :
2712 2668 2881 2733 Amen
2908 2663 3069 2733 (quod
3097 2672 3198 2726 est,
3232 2663 3475 2731 Verum),

1891 2742 1945 2785 ut
1992 2734 2207 2801 neganti
2248 2730 2437 2801 .lndruo
2468 2731 2609 2798 quod
2659 2730 2926 2786 occiderit
2964 2732 3271 2798 Christum,
3328 2730 3477 2787 recte

1888 2800 2100 2857 dicatur
2120 2818 2147 2854 a
2166 2802 2284 2873 (Deo
2314 2818 2325 2853 :
2367 2800 2481 2873 ifox
2507 2802 2772 2873 sanguinis
2793 2802 2970 2871 fratris
2996 2805 3071 2855 tui
3088 2805 3277 2856 clamat
3303 2803 3373 2855 ad
3400 2820 3480 2857 me

1889 2874 1952 2926 de
1965 2882 2103 2925 terra
2124 2871 2274 2941 (Gen.
2295 2887 2368 2935 tv,
2383 2872 2497 2942 25).
2516 2871 2621 2927 Pro
2645 2874 2799 2938 Abel,
2816 2890 2973 2942 quem
2997 2874 3193 2929 occidit
3213 2873 3366 2938 Cain,
3383 2889 3481 2927 na-

1891 2952 1973 2997 tus
2000 2952 2086 2998 est
2104 2944 2230 2999 Setb
2250 2984 2266 3011 ,
2290 2959 2356 2997 ex
2386 2958 2493 3012 quo
2536 2958 2633 3013 per
2672 2945 2915 2999 ordinem
2948 2945 3307 3000 successionis
3334 2944 3481 3000 venit

1892 3014 2077 3069 Enocb
2106 3055 2119 3079 ,
2153 3016 2242 3084 qui
2268 3018 2375 3069 lteo
2394 3015 2521 3085 dum
2555 3015 2789 3085 placeret
2813 3055 2829 3080 ,
2866 3018 3155 3085 translatus
3179 3024 3353 3071 estne
3380 3031 3481 3085 gu-

1891 3096 2060 3156 staret
2110 3096 2337 3156 mortem
2380 3084 2777 3156 (Ibidilsﬁﬁ
2796 3084 2984 3156 erit),
3025 3086 3158 3141 Elian
3196 3084 3483 3141 sociandus

192 3154 351 3232 Seq.).
386 3160 534 3215 Hanc
557 3164 867 3229 praedictam
904 3176 1117 3229 pinnam
1162 3154 1396 3232 peccati,
1445 3154 1777 3231 quam'radix
1810 3155 1856 3222 Β
1889 3156 1978 3232 (|_V
2008 3155 2138 3232 Reg.
2163 3172 2227 3232 tt,
2255 3154 2460 3225 ll),'ut
2482 3157 2589 3210 duo
2617 3166 2784 3232 testes
2826 3155 3294 3232 idonei_sec_un_do
3322 3156 3483 3232 Chri-

193 3231 419 3286 bumaai
443 3232 660 3303 generis
686 3234 854 3287 Adam
878 3247 982 3303 pro
1006 3231 1269 3303 sententia
1301 3244 1542 3301 excepit,
1575 3248 1638 3287 ac
1664 3233 1777 3287 suis

194 3304 433 3374 posteris
454 3302 731 3374 tamquam
755 3302 920 3357 ramis
948 3302 973 3340 δ
1009 3302 1289 3357 transfudit
1310 3347 1323 3370 ,
1369 3319 1455 3374 per
1496 3320 1657 3357 unum
1685 3304 1778 3357 ho-

190 3373 405 3440 minem,
427 3373 560 3428 dicit
586 3373 897 3443 Apostolus,
917 3385 1179 3443 peccatum
1194 3373 1425 3429 intrasSe
1437 3374 1489 3426 in
1503 3377 1776 3440 mundum,

190 3454 237 3499 et
258 3446 335 3498 ita
351 3446 405 3497 in
416 3460 589 3516 omnes
612 3446 843 3516 homines
869 3446 1245 3516 pertransisse.
1263 3446 1318 3497 in
1338 3462 1437 3513 quo
1463 3461 1635 3499 omnes
1660 3462 1782 3516 pec-

190 3514 711 3585 caverunt(Rom.v.
729 3514 838 3585 η).
868 3515 1252 3581 Humusenim,
1271 3531 1390 3585 quas
1412 3514 1668 3571 creatoris
1687 3520 1783 3571 im-

189 3589 351 3657 perio
372 3596 395 3624 °
428 3584 617 3641 fertilis
638 3629 654 3654 ,
700 3584 1048 3654 salubresque
1082 3601 1148 3641 ex
1178 3602 1236 3641 se
1267 3584 1495 3651 herbas,
1535 3590 1652 3642 sine
1676 3588 1779 3641 ulla

193 3657 410 3713 cultura
451 3657 655 3727 homini
684 3666 809 3713 ante
839 3657 1084 3725 produxit
1110 3698 1125 3722 ,
1184 3666 1305 3727 post
1332 3659 1586 3712 :erumnis
1616 3660 1784 3712 senti-

192 3727 407 3798 busque
448 3726 645 3798 referta
684 3739 806 3793 est;
858 3738 913 3781 ut
965 3730 1015 3781 in
1055 3726 1250 3783 sudore
1280 3742 1343 3782 ac
1379 3729 1563 3783 labore
1603 3744 1669 3785 ex
1718 3744 1781 3783 ea

192 3797 414 3855 omnem
450 3797 722 3853 hominem
750 3800 911 3869 edere
940 3814 1128 3868 panem
1159 3808 1403 3869 Oporteat
1426 3840 1440 3864 ,
1485 3800 1656 3854 donec
1699 3815 1785 3855 re-

194 3880 384 3926 currat
404 3870 459 3924 in
478 3878 730 3925 mortem.
792 3868 907 3925 Non
950 3880 1152 3925 tantum
1188 3868 1439 3940 prazdicta
1479 3872 1663 3925 audire
1686 3872 1783 3926 ista

194 3942 522 4007 meruimus,
547 3956 707 4011 quam
736 3941 897 3995 etiam
934 3941 1152 4009 probata
1181 3943 1508 4011 expendere.
1556 3942 1708 3998 Unde
1732 3950 1788 3997 et

196 4012 371 4068 David
398 4011 531 4067 dicit
557 4029 571 4066 :
604 4010 779 4065 Exibit
808 4013 959 4065 homo
988 4013 1057 4065 ad
1082 4030 1213 4081 opus
1240 4010 1413 4078 suum,
1443 4025 1492 4068 et
1518 4014 1586 4066 ad
1607 4028 1787 4081 opera-

194 4086 389 4137 tionem
415 4099 587 4155 sitqu
607 4100 764 4149 usque
788 4083 858 4136 ad
891 4099 1151 4155 vesperam
1197 4084 1382 4154 (Psal.
1410 4100 1525 4147 CIII,
1547 4084 1669 4155 25).
1724 4087 1787 4138 Et

196 4156 397 4209 iterum
432 4153 713 4227 :_ALabores
745 4153 988 4227 manuum
1022 4153 1225 4209 tuarum
1252 4155 1581 4227 manducabis
1611 4154 1787 4227 (Psal.

136 4228 139 4229 ⁷
195 4222 511 4295 csxvn,2).
574 4225 860 4293 Apoatolus
911 4240 1122 4293 quoque
1175 4228 1347 4279 dicit:
1401 4226 1500 4292 Qui
1546 4222 1648 4280 non
1684 4228 1788 4280 vult

201 4298 413 4363 operari
437 4335 454 4361 ,
500 4311 591 4348 nec
610 4296 881 4350 manducet
911 4296 977 4366 (ll
1009 4296 1187 4352 Thess.
1224 4311 1305 4361 Ill,
1340 4297 1450 4361 l0).
1516 4298 1583 4351 Et
1612 4299 1792 4351 Domi-

197 4382 304 4421 nus
331 4370 583 4436 usquejn
613 4367 951 4421 undecimam
993 4366 1184 4422 horam
1212 4370 1490 4436 Operarios
1519 4367 1683 4423 mittit
1723 4368 1790 4422 ad

198 4434 657 4506 vineamﬂfatth.
682 4453 749 4493 sx
769 4480 784 4506 ,
817 4438 897 4507 9).

832 4529 1057 4587 CAPUT
1087 4530 1177 4588 Vl.

203 4618 272 4677 In
295 4618 430 4676 Cain
459 4628 509 4675 et
536 4621 698 4692 Abel,
754 4622 972 4677 duorum
1007 4625 1346 4695 papulorum,
1387 4623 1796 4683 Christianorum

800 4702 847 4747 et
885 4695 1209 4749 Judaorum.

278 4785 571 4843 Prmdictio
596 4788 817 4857 ﬁgurata
841 4829 854 4850 ,
887 4787 1113 4844 duorum
1147 4790 1465 4857 pupulorum
1498 4792 1723 4848 scilicet.

628 4860 683 4913 In
715 4860 908 4915 Genesi
934 4861 1137 4913 credita
1160 4871 1214 4915 et
1245 4864 1378 4916 visa.

281 4951 338 5007 8.
371 4950 449 5006 Ex
475 4950 659 5023 primis
684 4952 844 5023 igitur
870 4953 1173 5008 hominibus
1210 4956 1522 5010 mortalibus
1542 4955 1649 5019 iam
1674 4956 1804 5012 elic-

206 5023 337 5088 ctis,
356 5023 464 5077 duo
491 5022 584 5077 lilii
615 5022 878 5093 procreati
905 5034 1049 5086 sunt,
1068 5025 1492 5080 ambomortalcs
1509 5045 1521 5081 :
1539 5026 1668 5081 Cain
1690 5044 1803 5080 ma-

204 5096 317 5164 jor,
344 5095 520 5148 minor
548 5095 719 5159 Abel;
763 5103 945 5163 pastor
967 5096 1145 5148 ovium
1180 5112 1315 5150 unus
1343 5138 1356 5160 ,
1386 5098 1520 5151 alius
1545 5098 1798 5165 agricola.

213 5167 278 5219 lli
307 5166 439 5219 dum
470 5174 665 5220 terram
697 5166 1233 5238 inculuntlaboribus
1256 5168 1365 5236 jam
1396 5169 1688 5223 obnoxiam
1716 5169 1803 5239 jn-

290 5334 317 5409 ξ
345 5322 673 5409 ῃποχεινιιιι,
694 5324 965 5409 plusguam
986 5341 1085 5390 me,
1106 5323 1375 5380 adduntur
1386 5340 1451 5380 ex
1476 5341 1575 5381 ms.
1593 5324 1803 5397 Remig.

287 5396 315 5433 δ
348 5394 447 5449 Ms.
476 5392 711 5464 Retnig.,
745 5392 953 5465 infudit.

294 5478 316 5538 ς
351 5466 513 5538 Εᾱίιῂ
547 5466 759 5534 fertiles.
810 5468 906 5520 Ms.
937 5466 1171 5535 Remig.,
1203 5468 1411 5538 fertilis.

289 5536 319 5574 ἀ
350 5536 447 5590 Ms.
481 5536 718 5606 Remig.,
742 5539 918 5592 multis
944 5555 1006 5592 ea:
1027 5536 1265 5594 vinculis.

294 5618 320 5645 ο
353 5604 431 5645 Ila
484 5607 672 5645 Romia
755 5610 933 5645 rus-Ant

298 5618 320 5645 '
352 5604 449 5663 bis.
484 5604 716 5678 Remig.,
751 5610 952 5677 fundat.

298 5678 317 5718 ί
349 5678 683 5763 Ms._RenLig.
704 5680 974 5763 impetrat;
997 5696 1094 5763 nec
1117 5682 1277 5747 male,
1299 5682 1344 5737 si
1370 5682 1573 5763 referas
1598 5684 1661 5738 ad
1682 5700 1805 5740 mox

221 5754 505 5822 sequentia
532 5767 545 5802 :
578 5747 845 5804 Prwclara
867 5753 984 5805 hinc
1009 5753 1197 5815 fulsere
1226 5760 1494 5826 martyria,
1523 5754 1668 5828 dum,
1695 5767 1803 5814 etc.

300 5832 327 5874 ι
356 5822 457 5880 lla.
489 5820 699 5893 Remig.
720 5863 735 5889 ,
771 5823 873 5889 Qui
895 5825 1001 5893 iam
1027 5826 1247 5880 occisum
1275 5829 1483 5883 noverit.

441 5862 457 5880 .
489 5839 699 5893 nemtg.
720 5863 735 5889 ,
771 5839 873 5889 uti:
895 5840 1001 5895 fam
1027 5840 1247 5880 occisum
1275 5839 1483 5883 noverit.

1886 3230 1953 3283 sti
1980 3228 2230 3281 adventui
2278 3235 2649 3296 praeparentur
2674 3229 2859 3297 (Apoc.
2894 3243 2978 3289 χι.
3013 3230 3104 3298 5),
3140 3229 3154 3279 i
3209 3229 3261 3282 in
3291 3228 3483 3282 confu-

1884 3300 2144 3352 tationem
2176 3299 2524 3365 Antichristi,
2572 3307 2627 3353 et
2668 3300 2719 3351 in
2762 3298 2991 3368 gloriam
3036 3299 3325 3368 iudicantis
3361 3298 3484 3354 Filii

1884 3369 1977 3423 Dei
2003 3384 2019 3432 ;
2061 3369 2127 3423 de
2153 3370 2347 3438 quibus
2366 3385 2464 3422 suo
2487 3370 2605 3423 loco
2637 3370 2942 3424 testimonia
2966 3370 3327 3440 proferemus.

2488 3501 2714 3557 CAPUT
2766 3502 2877 3557 VII.

2011 3619 2074 3670 In
2104 3618 2357 3671 diluvium
2382 3633 2537 3685 arae,
2568 3633 2681 3688 qua:
2702 3617 3006 3689 significavit
3042 3616 3349 3674 Ecclesium.

1885 3708 2199 3765 Praedictio:
2239 3708 2293 3764 in
2323 3709 2519 3766 Genesi
2563 3710 2763 3835 gredita
2796 3720 2851 3766 et
2883 3710 3019 3766 visa.
3060 3711 3380 3768 Praedictum
3402 3713 3487 3769 di-

2592 3796 2795 3835 uvrum.

2592 3796 2795 3837 utrium.

1963 3895 2048 3948 l0.
2082 3894 2213 3967 pum
2239 3894 2331 3967 lilii
2360 3895 2452 3950 Del
2492 3910 2520 3949 a
2560 3898 2835 3967 proposito
2858 3894 2880 3933 ιε
2910 3896 3267 3967 desciscerent
3291 3902 3486 3955 sancti-

1892 3966 2052 4038 tatis,
2080 3965 2221 4021 Dens
2242 3965 2357 4021 Noe
2384 3965 2587 4035 jusmm
2620 3965 2697 4021 sic
2719 3968 3038 4023 admonuit:
3074 3966 3248 4032 Finis.
3291 3972 3483 4038 inquit,

1890 4036 2139 4110 universa
2160 4038 2328 4091 carnis
2358 4039 2489 4091 venit
2510 4054 2685 4090 coram
2715 4055 2792 4091 me
2821 4054 2838 4091 :
2862 4040 3060 4110 repleta
3086 4050 3159 4093 est
3182 4042 3314 4093 enim
3338 4036 3477 4094 terra

1892 4108 2158 4180 iniquitate
2186 4124 2382 4172 eorum,
2415 4118 2463 4180 et
2495 4124 2588 4180 ego
2609 4110 2904 4180 disperdam
2922 4108 3018 4163 eos
3048 4126 3163 4163 cum
3191 4122 3343 4165 terra.
3375 4110 3485 4166 Fac

1893 4179 1983 4231 tibi
2000 4194 2176 4251 arcam,
2200 4180 2265 4251 de
2297 4179 2449 4251 lignis
2479 4178 2769 4248 quadratis,
2808 4182 3182 4233 tricameratam
3210 4184 3365 4251 facies
3392 4200 3485 4235 ar-

1895 4264 2005 4301 cam
2030 4290 2041 4308 .
2082 4261 2130 4302 et
2160 4249 2483 4303 bitumtnabis
2525 4252 2826 4304 intrinsecus
2856 4264 2901 4303 et
2931 4249 3284 4317 extrinsecus;
3340 4264 3387 4307 et
3415 4256 3489 4308 sic

1896 4322 2050 4389 facies
2088 4336 2219 4374 eam.
2270 4319 2633 4374 Trecentorum
2656 4323 2939 4393 cubitorum
2968 4325 3064 4376 erit
3105 4324 3373 4393 longitudo
3401 4341 3490 4377 ar-

1897 4407 1988 4457 cte,
2019 4393 2385 4463 quinquaginta
2419 4394 2705 4463 cubitorum
2729 4392 2965 4452 latitudo.
2991 4402 3037 4446 et
3061 4392 3268 4463 triginta
3294 4397 3490 4449 cubito-

1899 4478 2014 4514 rum
2046 4459 2264 4516 altitudo
2290 4463 2470 4527 ipsius.
2519 4459 2821 4532 Fenestrant
2859 4465 3016 4532 facies
3046 4464 3100 4517 in
3129 4459 3256 4518 hrca
3276 4506 3289 4528 ,
3342 4477 3390 4519 et
3434 4468 3488 4520 in

1824 4540 1879 4601 ι)
1905 4533 2072 4605 cubito
2123 4533 2495 4605 consummabis
2541 4549 2675 4587 eum.
2703 4531 2925 4605 _Ostium
2960 4544 3130 4587 autem
3169 4552 3301 4589 arca:
3332 4553 3488 4605 pones

1905 4620 1968 4658 ex
1994 4604 2172 4658 latere.
2202 4603 2331 4658 Ecce
2360 4604 2615 4655 adducam
2636 4602 2882 4656 diluvium
2912 4620 3057 4673 aqua:
3086 4622 3239 4674 super
3277 4602 3485 4672 terram,

1906 4685 1953 4729 et
1982 4675 2289 4746 interﬁciant
2312 4690 2510 4746 omnem
2534 4690 2761 4746 carnem,
2790 4676 2844 4727 in
2875 4692 2976 4746 qua
3006 4685 3076 4729 est
3108 4678 3321 4745 spiritus
3349 4678 3483 4744 vitm,

1905 4745 1997 4799 sub
2026 4753 2151 4799 caelo
2183 4743 2337 4815 (Gen.
2367 4760 2444 4805 Vt.
2475 4745 2541 4799 13
2569 4756 2615 4797 et
2642 4744 2794 4815 seq.).
2830 4743 2961 4800 Ilum
2994 4743 3152 4813 igitur
3184 4747 3314 4800 lidcs
3343 4743 3490 4801 com?

1909 4819 2093 4871 modat
2121 4831 2183 4887 ac
2207 4822 2473 4883 praeparat
2501 4826 2753 4877 mentem.
2782 4817 3058 4886 creditque
3080 4817 3313 4870 futurum
3349 4819 3490 4887 quod

1909 4885 2486 4958 speratiimplendum,
2520 4890 2757 4958 mySIiczc
2782 4885 3003 4953 jussiutti
3034 4900 3088 4940 et
3120 4888 3333 4941 fabricae
3364 4885 3491 4941 tabc-

1912 4958 2063 5012 dicnv
2094 4956 2228 5023 Noe,
2258 4972 2462 5018 arcam,
2495 4956 2595 5026 qua
2625 4974 2683 5012 se
2710 4974 2830 5013 cum
2859 4960 3070 5011 muudis
3099 4960 3492 5027 immnndmlue

1910 5028 2256 5095 animalibus,
2286 5038 2341 5082 tit
2364 5038 2687 5097 praeceptum
2722 5029 2912 5093 fuerat,
2945 5028 3201 5082 canderet
3221 5069 3235 5090 ,
3266 5028 3492 5083 fabrtca.

1916 5100 1989 5152 vit
2021 5116 2035 5153 :
2065 5101 2391 5169 geometrica
2415 5103 2897 5171 quippemensurn,
2928 5115 3067 5171 nunc,
3101 5112 3154 5151 ut
3184 5099 3373 5159 fertur.
3407 5118 3491 5153 se-

1910 5171 2025 5226 xies
2056 5168 2260 5226 tantum
2292 5168 2451 5242 quam
2484 5168 2713 5227 1ιὶυειιηι
2742 5187 2800 5226 se
2827 5170 3085 5225 extendit.

1980 5324 2007 5363 ¹ι
2040 5325 2138 5383 Ms.
2172 5326 2409 5397 Remig.,
2434 5339 2666 5385 testante.

1989 5399 2005 5435 ί
2042 5400 2141 5454 Ms.
2173 5402 2376 5470 llemig.
2392 5442 2406 5461 .
2429 5404 2615 5455 clamat
2636 5412 2805 5452 tamen
2827 5399 2963 5468 quod
2983 5414 3177 5466 verum,
3204 5408 3258 5453 ut
3280 5412 3495 5470 negante

1909 5469 2096 5542 ludam
2124 5472 2262 5542 quod
2293 5469 2551 5525 occiderat
2578 5470 2853 5524 Christum.

1989 5540 2003 5615 _i
2043 5540 2145 5615 bis.
2162 5542 2393 5615 licinigq
2408 5544 2461 5596 in
2482 5542 2833 5615 confutatione
2855 5540 3157 5597 Antichristi
3177 5554 3223 5598 et
3244 5544 3295 5597 in
3308 5543 3491 5615 gloria.

1985 5610 2012 5649 ¹ί
2043 5613 2142 5668 Ms.
2178 5610 2408 5679 “cutim,
2456 5613 2744 5680 deﬁcerent.

1992 5680 2010 5719 ¹
2051 5686 2184 5738 Edit.
2220 5685 2414 5754 Lugd.,
2442 5699 2591 5745 quam
2615 5694 2823 5739 nostrte.
2877 5686 2975 5742 Ms.
3012 5686 3245 5755 Remig..
3298 5702 3495 5752 geome-

1916 5756 2098 5809 tricam
2128 5756 2317 5820 quippe
2349 5770 2662 5815 mensuram,
2699 5772 2831 5830 quer,
2857 5772 2912 5812 ιιι
2944 5762 3136 5830 fertur,
3164 5757 3357 5812 scrin"
3383 5767 3494 5812 (an.

1920 5837 2031 5881 tum
2053 5843 2209 5895 quam
2238 5836 2412 5881 nostra
2441 5835 2514 5881 est
2535 5828 2842 5885 extenditur.
