4052 6338
262 377 374 437 873

1691 377 2105 436 CHRONICON.

3430 370 3537 429 874

262 490 3524 527 mw

1511 600 2271 771 sna-ru

1762 785 2051 840 EPISCOPI

920 950 976 1005 "‘
1136 924 2699 1181 CHjo—CON.

1672 1267 2149 1393 praefatio.

279 1477 522 1547 ldatius
550 1495 779 1549 servus
800 1479 1058 1546 Domini
1081 1477 1283 1543 nostri
1312 1477 1462 1558 Jesu
1490 1424 2079 1558 Christiuniversis
2102 1468 2399 1558 ﬁdelibus
2438 1472 2505 1535 in
2532 1472 2809 1537 Domino
2832 1475 2987 1539 Jesu
3012 1476 3295 1558 Christo,
3323 1477 3388 1543 6t
3410 1495 3548 1544 ser-

1349 1556 1669 1620 vientibus
1697 1553 1755 1615 ei
1784 1554 1851 1613 in
1882 1551 2151 1616 veritate
2177 1551 2472 1615 salutem.

345 1693 854 1752 Prohatissimorum
884 1695 939 1751 in
959 1693 1215 1751 omnibus
1232 1692 1475 1749 virorum
1497 1690 1695 1756 studia,
1720 1701 1858 1760 quos
1887 1690 1932 1750 A
1962 1700 2214 1756 corpore.
2255 1687 2311 1743 Si
2341 1697 2468 1744 tunc
2498 1690 2715 1760 proprio
2741 1694 2891 1763 operi
2918 1695 3063 1765 quod
3103 1697 3348 1754 subdidit
3374 1700 3551 1773 aliqua

275 1790 545 1861 pracipne
567 1790 625 1847 in
652 1790 763 1847 ﬁde
788 1789 1056 1846 catholica
1086 1800 1140 1846 et
1178 1789 1591 1845 conversatione
1618 1784 1858 1857 perfecta
1962 1778 2323 1848 subjunxerit,
2358 1782 2502 1850 apud
2524 1797 2619 1838 eos
2642 1782 2709 1837 ad
2738 1800 2876 1854 quos
2902 1789 3227 1858 scriptorum
3256 1791 3374 1861 ejus
3393 1807 3556 1853 omne

274 1889 445 1937 testes
473 1882 723 1938 veritatis
747 1880 913 1937 divini
943 1880 1122 1937 cultus
1170 1882 1330 1937 docet
1376 1880 1641 1945 assertio,
1668 1888 1729 1934 ut
1774 1892 1863 1933 or-

272 1981 476 2029 nantur
502 1974 697 2031 decore
721 1972 1015 2043 dictorum,
1058 1974 1131 2029 ita
1180 1981 1235 2029 et
1281 1971 1734 2029 commendantur
1759 1969 1863 2025 ho-

274 2080 411 2122 nore
440 2066 780 2135 meritorum,
813 2075 870 2122 ut
912 2066 1110 2121 miram
1142 2066 1197 2120 in
1227 2066 1375 2121 omni
1418 2080 1587 2136 opere
1612 2079 1714 2119 suo
1766 2062 1865 2118 ob-

271 2157 486 2213 tineant
513 2159 845 2215 ﬁrmitatem.
872 2158 1073 2214 Verum
1109 2156 1309 2213 ldatius
1350 2156 1636 2228 provincia:
1671 2155 1867 2212 Galla-

273 2249 373 2306 cite
399 2261 557 2308 natus
588 2252 642 2307 in
670 2251 895 2308 Lemica
933 2252 1177 2317 civitate,
1200 2266 1360 2321 mage
1389 2251 1584 2307 divino
1613 2263 1862 2315 munere,

276 2358 439 2414 quam
479 2345 701 2415 proprio
744 2345 956 2412 merito,
988 2345 1185 2401 summi
1216 2344 1409 2417 praesul
1432 2354 1650 2401 creatus
1676 2343 1863 2409 ofﬁcii,

278 2444 337 2492 ut
381 2446 662 2494 extremus
715 2438 908 2509 plagas,
935 2438 1012 2494 ita
1055 2448 1336 2497 extremus
1359 2447 1417 2495 et
1458 2438 1610 2505 vitm,
1655 2438 1869 2508 perexi-

279 2544 438 2599 guum
478 2529 801 2587 informatus
834 2531 1015 2588 studio
1056 2532 1325 2598 saeculari,
1349 2531 1520 2587 multo
1562 2532 1743 2586 minus
1769 2530 1868 2587 doc

279 2619 399 2676 cilis
428 2630 630 2679 sancta:
660 2622 910 2681 lectionis
939 2624 1217 2680 volumine
1258 2624 1520 2691 salutari;
1550 2633 1866 2681 sanctorum

280 2715 779 2773 eruditissimorum
820 2715 1042 2774 Patrum
1070 2720 1125 2774 in
1156 2717 1484 2789 praecedenti
1531 2731 1696 2787 opere
1743 2730 1867 2785 suo,

282 2819 383 2876 pro
401 2808 699 2877 capacitate
730 2810 937 2879 proprii
965 2824 1161 2866 sensus
1183 2819 1274 2866 aut
1296 2809 1473 2875 verbi,
1501 2817 1780 2864 ostensum
1802 2806 1870 2862 ab

284 2898 369 2955 his
388 2908 606 2956 secutus
626 2903 925 2973 exemplar.
950 2904 1187 2971 Quorum
1214 2904 1426 2974 primus
1458 2900 1726 2958 Eusebius
1753 2900 1870 2956 Ca:-

284 2992 547 3047 sariensis
558 2993 961 3066 episcopus,qui
975 2995 1377 3052 ecclesiasticas
1388 2994 1474 3049 sui
1489 2993 1699 3050 numeri
1719 2990 1871 3047 libris

1964 1886 2100 1943 opus
2124 1874 2209 1928 vel
2257 1888 2471 1929 summa
2519 1878 2797 1945 pervenit,
2824 1886 2976 1935 certa
3018 1892 3074 1937 et
3117 1883 3275 1954 plena
3316 1887 3557 1956 cognitio

1965 1973 2069 2018 est.
2100 1962 2208 2020 Sed
2253 1966 2505 2036 quoniam
2548 1967 2603 2022 in
2633 1968 2913 2038 cujusdam
2952 1972 3116 2028 studii
3161 1976 3247 2030 sui
3289 1976 3556 2047 scriptura

1965 2055 2168 2113 dixisse
2198 2071 2320 2113 eum
2344 2066 2580 2125 constat,
2604 2060 3064 2120 debacchantibus
3079 2066 3191 2137 jam
3218 2067 3273 2123 in
3308 2068 3559 2125 Romano

1966 2150 2086 2205 solo
2112 2150 2378 2217 barbaris,
2403 2153 2585 2207 omnia
2614 2153 2802 2210 haberi
2829 2160 3096 2227 permixta
3116 2168 3281 2231 atque
3308 2161 3554 2228 confusa,

1967 2241 2252 2310 Opinamur
2289 2258 2355 2298 cx
2398 2242 2558 2312 hujus
2590 2244 2789 2300 indicio
2830 2250 3123 2320 sermonis,
3150 2252 3201 2305 in
3234 2251 3338 2307 hoc
3365 2268 3459 2323 per
3501 2269 3561 2310 se

1966 2347 2233 2390 annorum
2270 2336 2544 2393 volumine
2594 2338 2811 2394 subdito
2839 2340 2907 2396 de
2952 2346 3299 2402 successione
3349 2356 3561 2418 tempo-

1968 2442 2088 2482 rum
2114 2426 2182 2483 ab
2225 2429 2342 2499 ipso
2370 2429 2508 2491 nihil
2553 2430 2845 2501 adjectum.
2878 2434 3081 2490 Tamen
3108 2437 3235 2506 quia
3275 2439 3342 2493 ad
3386 2440 3559 2495 nostri

1969 2524 2229 2591 temporis
2272 2537 2509 2589 cursum,
2538 2534 2598 2579 ut
2625 2528 2873 2597 superior
2899 2528 3064 2585 lectio
3099 2530 3280 2600 docet,
3313 2532 3560 2605 descrip-

1969 2612 2048 2668 tio
2076 2612 2301 2670 deﬂuxit
2322 2630 2609 2685 annorum,
2634 2632 2757 2673 cum
2789 2619 3101 2676 membrana
3134 2622 3294 2693 hujus
3316 2623 3563 2681 historiae

1972 2719 2155 2761 curam
2177 2708 2494 2778 contigisset
2515 2711 2755 2781 expertis
2772 2752 2786 2778 ,
2812 2722 3048 2769 mentem
3073 2718 3277 2771 monuit
3302 2718 3561 2789 imperiti,

1973 2798 2119 2854 utde
2144 2801 2394 2871 cognitis,
2418 2802 2521 2858 etsi
2544 2803 2599 2858 in
2631 2805 2881 2862 omnibus
2912 2808 3104 2878 impari
3131 2825 3345 2881 gressu,
3368 2813 3451 2869 vel
3474 2830 3564 2871 ve-

1977 2896 2153 2966 stigiis
2175 2912 2234 2953 se
2259 2899 2632 2957 substerneret
2655 2905 3205 2973 praecessorum.Quae
3224 2906 3366 2962 tideli
3390 2910 3561 2968 susci-

1976 2986 2131 3055 piens
2146 2988 2326 3045 cordis
2347 2989 2564 3059 intuitu,
2590 2992 2784 3061 partim
2798 3008 2863 3047 ex
2876 2994 3058 3049 studio
3078 2997 3432 3066 scriptorum,
3452 3015 3562 3068 par-

282 3082 507 3152 scripsit
543 3081 820 3152 historias,
842 3084 911 3139 ab
940 3086 1098 3140 initio
1128 3085 1249 3141 Nini
1279 3086 1558 3157 regnantis
1602 3082 1870 3155 Assyriis,
1904 3084 1954 3145 B
1988 3076 2081 3132 lim
2096 3093 2162 3134 ex
2175 3090 2321 3134 certo
2334 3081 2731 3151 aliquantorum
2755 3083 2948 3150 relatu,
2969 3088 3162 3154 partim
3177 3102 3241 3143 ex
3254 3090 3565 3159 cognitione

284 3180 340 3228 et
364 3174 536 3230 sancti
562 3175 793 3231 Abrahae
816 3177 1138 3247 patriarchae
1172 3177 1443 3243 Hebrmis,
1466 3188 1517 3233 et
1542 3178 1874 3248 reliquorum

283 3267 725 3338 contemporales
751 3269 835 3325 his
872 3285 1042 3327 annos
1071 3287 1280 3342 regum,
1304 3270 1359 3327 in
1388 3270 1705 3327 vicesimum
1733 3269 1875 3325 Con-

283 3358 510 3413 stantini
536 3361 751 3432 augusti
781 3376 889 3431 quo
929 3362 1232 3432 imperabat
1274 3378 1508 3430 annum,
1538 3362 1715 3417 Graeci
1759 3375 1875 3415 ser-

282 3446 464 3502 monis
484 3445 936 3519 chronographia:
974 3451 1250 3505 concludit
1278 3450 1525 3505 historia.
1558 3450 1690 3505 Post
1732 3451 1874 3504 hunc

281 3549 569 3591 successor
588 3536 965 3608 syngrapheus
998 3540 1271 3607 perfectus
1309 3539 1578 3594 universis
1610 3540 1873 3594 factorum

280 3624 662 3697 dictorumque
721 3627 1107 3693 monimentis,
1158 3628 1521 3697 Hieronymus
1570 3629 1872 3701 presbyter,

281 3717 436 3774 idem
478 3718 749 3775 Eusebius
793 3729 1172 3789 cognomento,
1205 3720 1272 3775 de
1314 3719 1507 3776 Graeco
1536 3721 1590 3776 in
1624 3720 1875 3776 Latinum

278 3808 572 3880 scriptura
619 3809 781 3881 hujus
826 3810 1118 3883 interpres,
1167 3828 1199 3868 a
1227 3812 1484 3869 vicesimo
1528 3829 1674 3869 anno
1712 3828 1876 3886 supra

280 3898 418 3956 dicti
457 3899 801 3972 imperatoris
824 3901 880 3959 in
904 3914 1158 3974 quartum
1198 3905 1470 3962 decimum
1513 3905 1752 3963 Valentis
1781 3922 1877 3962 au-

281 3993 432 4063 gusti
469 4007 669 4050 annum
712 3995 984 4051 subditam
1036 3998 1173 4053 texit
1222 3997 1530 4055 historiam.
1564 3999 1695 4055 Esto
1732 4006 1792 4054 ut
1823 3999 1875 4054 in

282 4087 493 4142 sanctis
515 4086 713 4158 quibus
740 4087 924 4159 deguit
962 4088 1458 4162 Hierosolymorum
1488 4091 1648 4160 locis,
1690 4106 1720 4146 a
1763 4107 1877 4149 me-

283 4184 501 4231 morato
548 4175 793 4234 Valentis
838 4193 981 4234 anno
1010 4179 1066 4235 in
1100 4189 1314 4251 tempus
1359 4196 1468 4253 quo
1516 4182 1572 4239 in
1621 4183 1877 4253 praesenti

286 4267 404 4323 vita
448 4268 681 4339 duravit,
722 4270 865 4327 forte
902 4270 1299 4341 quamplurima
1344 4271 1415 4328 de
1459 4273 1546 4328 his
1584 4288 1706 4344 quas
1751 4281 1879 4328 sunt

284 4360 542 4417 insecuta
586 4362 925 4433 subjecerit:
970 4365 1095 4435 quia
1124 4364 1266 4420 haud
1308 4381 1584 4435 umquam,
1627 4366 1757 4421 dum
1786 4382 1880 4419 va-

1978 3184 2139 3241 quam
2157 3172 2268 3242 jam
2293 3172 2643 3244 lacrymabile
2667 3177 2898 3244 propriae
2921 3176 3043 3231 vitae
3068 3187 3279 3249 tempus
3301 3182 3559 3249 Ostendit,

1978 3278 2098 3331 qua:
2125 3264 2531 3333 subsequuntur
2555 3266 2874 3334 adjecimus.
2902 3266 3142 3334 Quorum
3174 3272 3565 3328 continentiam

1977 3363 2251 3424 gestorum
2266 3365 2317 3411 et
2332 3367 2655 3426 temporum,
2672 3360 2761 3429 qui
2784 3360 2916 3429 legis
2930 3361 3004 3415 ita
3016 3362 3312 3420 discernes.
3330 3365 3411 3420 Ab
3422 3381 3567 3422 anno

1979 3446 2156 3513 primo
2182 3434 2471 3501 Theodosii
2513 3450 2723 3517 augusti
2765 3450 2820 3503 in
2848 3465 3047 3506 annum
3080 3455 3294 3509 tertium
3323 3455 3564 3513 Valenti-

1979 3536 2125 3588 niani
2156 3536 2383 3605 augusti,
2410 3538 2661 3593 Placidiae
2692 3540 2891 3609 reginae
2923 3542 3040 3607 ﬁlii,
3068 3559 3134 3598 ex
3168 3561 3327 3615 supra
3358 3548 3503 3605 dicto
3532 3568 3565 3607 a

1979 3622 2139 3679 nobis
2161 3628 2471 3696 conscripta
2495 3637 2619 3682 sunt
2644 3631 2843 3697 studio,
2862 3633 2943 3686 vel
2960 3648 3027 3688 ex
3046 3637 3372 3705 scriptorum
3398 3640 3563 3713 stylo,

1979 3716 2068 3773 vel
2088 3731 2161 3772 ex
2176 3716 2526 3773 relationibus
2544 3720 2871 3776 iudicantum
2884 3723 3041 3780 .Exin
3058 3726 3327 3783 immerito
3340 3731 3567 3789 allectus

1980 3809 2049 3865 ad
2070 3811 2413 3881 episcopatus
2440 3812 2704 3883 officium,
2736 3830 2841 3871 non
2872 3817 3088 3886 ignarus
3115 3820 3352 3877 omnium
3401 3824 3567 3882 mise-

1981 3903 2172 3960 rabilis
2191 3905 2449 3975 temporis
2470 3921 2853 3975 aerumnarum,
2879 3918 2932 3963 et
2952 3912 3190 3967 conclusi
3215 3914 3267 3967 in
3290 3917 3569 3987 angustias

1982 3996 2195 4066 imperii
2223 3995 2453 4053 Romani
2483 4006 2657 4053 metas
2688 4000 3018 4056 subdidimus
3050 4004 3303 4075 ruiturus,
3333 4018 3387 4063 et
3422 4011 3565 4079 quod

1982 4097 2067 4145 est
2096 4089 2411 4158 luctuosius,
2440 4091 2581 4146 intra
2608 4102 2904 4148 extremam
2933 4096 3172 4151 universi
3201 4100 3347 4155 orbis
3369 4101 3568 4158 Gallteo

1981 4181 2119 4238 ciam
2169 4183 2462 4239 deform‘em
2511 4185 2865 4241 ecclesiastici
2908 4187 3113 4243 ordinis
3152 4199 3374 4261 statum,
3420 4210 3569 4251 crea—

1983 4276 2221 4333 tionibus
2260 4276 2569 4333 indiscretis
2603 4278 2841 4335 honestae
2882 4280 3149 4337 libertatis
3180 4284 3485 4357 interitum,
3516 4298 3572 4345 et

1982 4367 2251 4425 universae
2302 4369 2690 4440 propemodum
2757 4370 2811 4425 in
2871 4371 3054 4427 divina
3102 4374 3388 4446 disciplina
3435 4382 3569 4436 reli-

285 4452 413 4521 luit,
447 4469 477 4508 a
516 4455 732 4512 diverso
779 4458 903 4529 styli
941 4472 1105 4528 opere
1148 4458 1401 4513 cessavit.
1430 4459 1604 4526 Quem
1642 4458 1877 4531 quodam
1904 4467 1951 4532 ε
1984 4462 2157 4533 gionis
2189 4477 2438 4519 occasum
2468 4480 2536 4519 ex
2580 4463 2873 4519 furentium
2901 4464 3263 4524 dominantem
3308 4475 3569 4541 permixta

287 4553 538 4614 tempore
568 4548 801 4619 propria:
834 4551 1283 4621 peregrinationis
1312 4555 1366 4607 in
1395 4566 1559 4623 supra
1584 4553 1743 4608 dictis
1782 4570 1871 4609 re-

283 4634 542 4706 giouibus
590 4640 765 4697 adhuc
809 4639 1103 4698 infantulus
1142 4642 1342 4698 vidisse
1388 4659 1476 4699 me
1520 4654 1700 4701 certus
1729 4660 1870 4701 sum.

287 4726 402 4795 Qui
445 4739 570 4802 post
614 4732 821 4805 aliquot
866 4747 1038 4790 annos
1088 4734 1245 4791 beato
1297 4744 1355 4789 ut
1406 4746 1526 4793 erat
1571 4738 1771 4793 mansit
1819 4739 1872 4793 in

1983 4555 2284 4625 iniquarum
2309 4554 2715 4625 perturbatione
2738 4556 3038 4615 nationum.
3070 4558 3197 4616 Haec
3211 4560 3321 4631 jam
3352 4565 3569 4634 quidem

1990 4646 2189 4702 inserta
2226 4663 2238 4699 :
2273 4646 2367 4700 sed
2396 4646 2624 4715 posteris
2654 4645 2707 4701 in
2746 4651 3077 4718 temporibus
3107 4652 3299 4722 quibus
3331 4654 3571 4712 oﬂ’endc-

1988 4740 2119 4807 rint,
2149 4737 2460 4808 reliquimus
2484 4740 2923 4796 consummando.

295 4840 3479 4879 ——______________________________________

3481 4866 3553 4887 -ιιι

1574 4949 2309 5035 CHRONICON.

370 5085 741 5144 Remorum
780 5084 1038 5155 XXXIX,
1067 5086 1403 5145 Tuonosms
1442 5102 1539 5159 per
1567 5088 1881 5145 Gratianum

294 5178 358 5236 in
385 5179 714 5235 consortium
743 5179 895 5249 regni
918 5188 1252 5248 assumptus,
1286 5194 1411 5235 cum
1442 5180 1583 5249 ipso,
1607 5187 1662 5235 et
1684 5179 1882 5237 Valen-

298 5270 510 5328 tiniano
525 5270 743 5342 juniore
772 5280 960 5342 regnat
982 5271 1141 5326 annis
1161 5286 1297 5328 xvu.

1988 5093 2163 5164 primo
2190 5093 2472 5149 consulatu
2496 5107 2614 5163 suo,
2636 5108 2797 5166 quem
2827 5107 2948 5150 cum
2974 5092 3231 5154 Gratiano
3260 5101 3447 5171 agebat
3469 5120 3570 5161 au-

1986 5196 2169 5255 gusto.

2063 5276 2410 5333 Alexandriae
2438 5276 2561 5333 XXI
2590 5277 2818 5334 habetur
2832 5278 3116 5349 episcopus
3140 5279 3470 5354 TheOphilus
3490 5292 3572 5347 vir

373 5362 415 5419 l.
436 5362 774 5420 Theodosius
798 5362 1016 5421 natione
1045 5363 1338 5433 Hispanus,
1368 5362 1436 5421 de
1457 5362 1731 5433 provincia
1758 5364 1889 5421 Gal—
1992 5367 2405 5435 eruditissimus,
2440 5367 2669 5438 insignis
2696 5370 2787 5437 qui
2824 5384 2853 5423 a
2883 5370 3056 5440 primo
3091 5375 3368 5433 consulatu
3396 5379 3571 5437 Theo-

297 5453 482 5525 ltecia,
522 5455 744 5513 civitate
781 5454 986 5524 Cauca,
1026 5470 1059 5511 a
1104 5455 1362 5513 Gratiano
1398 5466 1658 5527 angustus
1702 5459 1889 5529 appel-
1993 5460 2133 5518 dosii
2172 5460 2383 5532 augusti
2428 5460 2771 5516 Laterculum
2817 5476 2915 5532 per
2962 5472 3175 5520 centum
3206 5483 3380 5528 annos
3427 5473 3573 5545 dige-

296 5549 468 5607 Iatur.

294 5743 522 5791 runtur.

378 5824 444 5885 ll.
496 5823 834 5883 Theodosius
892 5826 1422 5919 Constantinopolim
1484 5829 1787 5903 ingreditur
1832 5831 2301 5919 in‘_~'l‘heodosio
2321 5831 2492 5894 fuerat
2516 5841 2822 5906 susceptus,
2847 5834 3072 5895 interiit.

586 5920 859 5983 PA'I'IWL.
900 5914 1009 6002 ιρις

373 5641 521 5698 inter
543 5639 819 5698 Romanos
844 5647 901 5697 et
922 5639 1128 5700 Gothos
1155 5642 1324 5699 multa
1362 5645 1660 5704 certamina
1696 5661 1887 5706 conse-

1993 5562 2135 5609 stum
2158 5553 2227 5609 de
2264 5552 2478 5625 pascha:
2504 5552 2879 5609 observatione
2897 5557 3234 5628 conscripsit.

2063 5643 2154 5701 Ill.
2209 5642 2468 5717 (Olymp.
2492 5645 2678 5715 ccxc.)
2729 5646 3103 5715 Athanaricus,
3128 5667 3219 5705 rex
3249 5652 3571 5724 Gothorum,

1985 5737 2137 5809 apud
2177 5736 2698 5806 Constantinopolim
2726 5737 2939 5794 decimo
2965 5743 3153 5812 quinto
3179 5743 3266 5799 die
3302 5760 3364 5800 ex
3398 5760 3504 5819 quo
3544 5766 3573 5809 a

3064 5932 3144 5996 ‘28
