4052 6338
528 264 634 323 8Ἰὸ

1562 252 1769 310 IDATII
1814 249 2119 306 EPISCOPI
2160 244 2782 316 AQUEFLAVIENSIS

3709 244 3813 302 876

594 374 680 435 IV.
718 373 864 445 (/Er.
895 372 1043 444 Hisp.
1078 367 1261 441 cnxc.)
1293 366 1454 423 Gothi
1498 366 1661 422 inﬁda
1693 365 1955 423 Romanis
1985 376 2116 434 pace
2143 363 2196 425 Α
2291 363 2661 420 Romanorum
2698 362 2816 429 XL,
2840 364 3113 419 ABCADIUS
3139 370 3195 419 et
3216 363 3488 423 ﬂouoams
3516 342 3813 426 Theodoin

525 482 584 524 se
612 467 848 521 tradunt.

591 560 914 614 AnibrOsius
969 558 1018 612 in
1072 557 1235 611 Italia.
1279 554 1565 611 Mediolani
1614 552 1923 627 episcopus,
1974 548 2115 607 Mar-

522 655 665 709 tinus
714 654 766 709 in
819 653 1007 707 Galliis
1062 650 1295 705 Turonis
1347 648 1672 719 episcopus,
1726 652 1783 700 et
1829 646 1958 699 vita:
2011 654 2120 697 me-

521 746 635 802 ritis
658 754 713 800 et
737 745 963 813 patratis
986 741 1260 797 miraculis
1280 741 1545 797 virtutum
1562 737 1832 793 habentur
1850 736 2113 806 insignes.

466 900 467 903 η
590 836 654 891 V.
687 834 1026 891 Theodosius
1071 832 1360 888 Arcadium
1413 830 1587 891 filium
1624 844 1785 891 suum
1827 835 2114 900 augustum

519 929 818 1000 appellans,
848 929 995 998 regni
1027 926 1155 981 facit
1184 926 1284 981 sibi
1312 940 1432 1003 esse
1450 930 1783 985 consortem.

595 1022 678 1075 γι.
706 1018 860 1090 (Eua.
891 1018 1082 1090 unco.)
1137 1017 1408 1073 Honorius
1457 1016 1699 1071 nascitur
1744 1010 1888 1069 ﬁlius
1936 1008 2112 1066 Theo-

517 1116 675 1170 dosii.

588 1208 772 1278 Legati
809 1208 1097 1262 Persarum
1142 1204 1208 1257 ad
1249 1200 1612 1257 Theodosium
1655 1196 2112 1268 Constantinopo-

517 1300 607 1354 lim
643 1300 885 1357 veniunt.

587 1392 695 1447 VII.
729 1393 963 1463 (Ulystp.
999 1389 1210 1453 emet.)
1239 1385 1697 1456 Greothingorum
1722 1397 1855 1455 gens
1879 1397 1910 1436 a
1938 1381 2111 1439 Theo-

515 1482 666 1538 dosio
692 1491 999 1551 superatur.

584 1573 957 1628 Priscillianus
979 1570 1256 1626 declinans
1304 1570 1355 1622 in
1408 1566 1657 1621 haeresim
1704 1565 2106 1632 Gnosticornm,

512 1680 614 1737 per
656 1671 940 1735 episcopos
983 1676 1120 1732 quos
1149 1661 1249 1716 sibi
1296 1662 1347 1715 in
1392 1660 1579 1714 eadem
1629 1660 1893 1728 pravitate
1940 1658 2109 1714 colle-

2222 454 2317 509 filii
2349 456 2605 511 defuncto
2634 463 2789 527 patre
2816 463 3046 526 regnant
3067 458 3227 513 annis
3256 468 3388 515 xxx.

2292 645 2356 699 II.
2391 643 2627 716 (Utyinp.
2654 645 2894 713 ccxcrv.)

2289 736 2376 791 III.
2411 737 2683 809 [Romanae
2705 735 2953 791 Ecclesia:
2981 735 3266 792 XXXVII
3294 737 3518 795 habetur
3539 737 3809 815 episcopus

2218 829 2601 898 ANASTASIUS.]
2886 906 2901 915 κ

2292 921 2381 983 iV.
2804 916 2805 921 ‘

2290 1015 2351 1070 ν.
2384 1015 2439 1069 In
2476 1012 2760 1085 provincia
2796 990 3244 1087 barthaginiensi
3273 1016 3334 1071 in
3362 1015 3590 1074 civitate
3613 1015 3810 1074 Toleto

2216 1109 2453 1181 synodus
2510 1108 2899 1179 episcoporum
2957 1107 3337 1174 contrahitur,
3386 1109 3442 1164 in
3499 1126 3610 1181 qua
3663 1110 3809 1181 quod

2213 1200 2385 1275 gestis
2412 1201 2749 1267 continetur,
2777 1198 3141 1272 Symphosius
3190 1212 3246 1257 et
3290 1201 3586 1269 Dictinius,
3616 1211 3674 1259 et
3716 1203 3808 1258 alii

2212 1307 2337 1348 cum
2390 1292 2474 1347 his
2504 1291 2781 1348 Gallteciaa
2823 1292 3119 1362 provincia:
3168 1293 3441 1365 episcopi,
3472 1293 3806 1350 Priscilliani

2213 1394 2519 1447 sectatores
2550 1384 2815 1443 haeresem
2860 1385 2979 1463 ejus
3010 1384 3551 1469 blasphemissimam
3573 1401 3701 1459 cum
3720 1402 3809 1459 as-

2212 1485 2423 1539 sertore
2450 1475 2646 1533 eodem
2676 1475 3038 1549 professionis
3078 1490 3192 1531 sum
3222 1476 3629 1548 subscriptione
3672 1492 3804 1535 cono

2211 1568 2498 1623 demnant.
2532 1565 2869 1623 Statuuntur
2894 1568 3139 1637 quaadam
3162 1568 3326 1623 etiam
3355 1568 3719 1625 observanda
3739 1568 3805 1627 de

2213 1660 2476 1716 Ecclesia:
2506 1660 2811 1729 disciplina,
2830 1662 3273 1717 commanieanto
3305 1662 3363 1716 in
3391 1660 3593 1719 eodem
3615 1661 3800 1719 coici-

512 1768 702 1830 gerat,
762 1756 953 1812 Abulm
1003 1754 1289 1825 episcopus
1346 1752 1629 1806 ordinatur
1687 1769 1701 1805 :
1752 1753 1844 1821 qui
1899 1752 2105 1821 aliquot
2134 1753 2181 1810 Β
2208 1753 2286 1811 lio
2331 1754 2544 1827 Ortigio
2570 1756 2829 1827 episcopo
2874 1755 2967 1826 qui
2999 1754 3237 1811 leenis
3277 1754 3457 1812 Mat
3496 1755 3798 1823 ordinatus,

513 1852 890 1921 episcOporum
930 1846 1180 1903 conciliis
1224 1845 1462 1909 auditus,
1503 1843 1711 1897 Italiam
1742 1845 1877 1913 petit
1918 1852 1972 1898 et
2000 1842 2108 1899 Ro-

511 1958 679 1998 mam.
710 1941 809 1998 Ubi
835 1956 903 1995 ne
929 1940 994 1993 ad
1034 1948 1386 2005 conspectum
1419 1936 1636 2006 quidem
1660 1946 1969 1991 sanctorum
2001 1939 2107 2008 epi-

511 2050 795 2106 scoporum
850 2034 1063 2087 Damasi
1106 2042 1157 2086 et
1208 2030 1479 2085 Ambrosii
1530 2038 1804 2099 receptus,
1855 2044 1977 2083 cum
2023 2029 2109 2084 his

509 2146 629 2186 cum
658 2129 851 2199 quibus
879 2129 1069 2190 iverat,
1101 2124 1239 2178 redit
1264 2123 1327 2176 ad
1359 2122 1579 2177 Gallias.
1614 2121 1749 2176 Inibi
1795 2122 2049 2177 similiter
2078 2138 2105 2176 a

510 2235 696 2280 sancto
724 2224 951 2277 Martino
973 2220 1247 2290 epist-apo,
1278 2226 1332 2273 et
1362 2218 1430 2271 ab
1469 2216 1590 2270 aliis
1620 2215 1889 2286 episc0pis
1928 2216 2106 2270 διικνε-

510 2322 651 2374 ticus
674 2317 969 2387 judicatus,
1000 2312 1233 2384 appellat
1278 2310 1346 2365 ad
1376 2308 1648 2365 Caesarem
1681 2308 1807 2379 quia
1836 2309 1890 2363 in
1917 2309 2107 2365 Galliis

511 2414 591 2466 his
619 2410 748 2483 [1115.
793 2400 1027 2480 hisdem]
1072 2404 1263 2459 diebus
1291 2409 1612 2473 potestatem
1646 2414 1902 2474 tyrannus
1940 2401 2101 2458 Maxi-

508 2519 625 2559 mus
649 2501 927 2557 obtinebat
947 2496 1183 2570 imperii.

582 2595 711 2649 VIII.
742 2591 956 2649 Arcadii
988 2585 1410 2662 quinquennalia
1442 2586 1811 2642 celebrantur.

579 2686 834 2741 Romana:
860 2684 1119 2738 Ecclesiae
1146 2677 1370 2736 XXXVI
1391 2679 1624 2734 habetur
1649 2682 1938 2749 episcopus
1959 2676 2102 2735 Stat-

506 2795 643 2838 CIUS.

575 2874 668 2931 IX.
706 2872 1077 2928 Priscillianus
1122 2875 1346 2942 propter
1389 2882 1554 2937 supra
1582 2865 1783 2923 dictam
1832 2866 2096 2922 haeresem

504 2969 571 3023 ab
615 2968 927 3037 episcOpatu
982 2964 1277 3035 depulsus,
1304 2970 1363 3018 et
1406 2976 1532 3018 cum
1583 2962 1703 3033 ipso
1740 2961 2099 3017 Latronianus

502 3061 689 3125 laicus,
726 3060 1093 3130 aliquantique
1137 3064 1433 3112 sectatores
1481 3057 1599 3127 ejus
1644 3056 1782 3126 apud
1828 3056 2093 3111 Trevirim

2211 1848 2310 1904 sed
2350 1848 2637 1919 agentibus
2667 1848 3102 1904 Priscillianistis
3131 1864 3232 1921 pro
3256 1847 3367 1907 ω.
3390 1848 3667 1907 catholica
3688 1851 3803 1924 pul-

2212 1953 2307 1996 sus
2331 1941 2664 1998 factionibus
2693 1943 2994 1998 exsulabat.

2282 2033 2371 2087 \‘l.
2404 2033 2641 2105 (Olymp.
2667 2033 2888 2105 ccscv.)

2284 2124 2396 2179 VII.

2186 2245 2207 2253 ι
2279 2218 2418 2274 VIII.
2449 2218 2593 2273 Solis
2641 2219 2779 2275 facta
2826 2219 3062 2276 defectio
3103 2219 3265 2275 tertio
3304 2218 3428 2276 idus
3471 2219 3796 2282 Novembris

2206 2310 2341 2367 feria
2378 2312 2636 2368 secunda.

2278 2404 2541 2460 Romanae
2586 2404 2845 2460 Ecclesia:
2876 2404 3147 2461 XXXVIII
3170 2403 3303 2478 ila.
3332 2403 3615 2480 XXXVII}
3631 2406 3793 2465 habe-

2205 2504 2294 2553 tur
2322 2497 2613 2567 episcopus
2638 2497 3007 2554 INNOCEN‘I‘IUS.

2282 2590 2380 2646 IX.
2419 2590 2571 2662 (Eus.
2632 2592 2973 2662 uuccccxx.)
3019 2590 3365 2649 Theodosius
3393 2592 3622 2649 Arcadii
3659 2592 3794 2649 ﬁlius

2243 2685 2471 2739 ascitur.

2202 2699 2471 2741 nascnur.

2270 2778 2345 2835 Χ.
2378 2778 2617 2852 (Olymp.
2649 2780 2889 2851 ccxcvi.)
2917 2779 3393 2851 Constantinopoli
3414 2779 3658 2838 Joannes
3684 2779 3793 2851 cpi.

2201 2888 2397 2946 scopus
2426 2873 2759 2945 praedicatur
2780 2874 3026 2946 insignis,
3061 2876 3153 2947 qui
3180 2875 3251 2931 ob
3279 2874 3444 2932 fidem
3471 2875 3788 2934 catholicam

2201 2966 2501 3023 Eudoxiam
2559 2966 2781 3024 Arcadii
2840 2983 3067 3025 uxorem
3127 2967 3541 3026 infestissimam
3595 2970 3789 3041 patitur

2199 3059 2476 3117 Arianam.

503 3153 606 3208 sub
637 3162 868 3222 tyranno
906 3150 1140 3209 Maximo
1184 3150 1492 3203 caeduntur.
1519 3148 1656 3203 Exin
1702 3150 1753 3202 in
1784 3148 2093 3205 Gallaeciam
2121 3133 2169 3200 C
2268 3153 2362 3211 χι,

502 3243 1024 3301 Priscillianistarum
1056 3243 1277 3296 haeresis
1309 3242 1523 3295 invasit.

574 3338 645 3397 Χ.
696 3337 956 3393 Maximus
985 3346 1243 3408 tyrannus
1284 3333 1549 3388 occiditur
1594 3348 1690 3404 per
1729 3333 2095 3391 Theodosium

503 3431 663 3488 tertio
692 3430 868 3499 lapide
898 3429 964 3483 ab
992 3428 1235 3499 Aquileia
1264 3427 1451 3497 quinto
1481 3424 1746 3483 kalendas
1775 3426 2046 3498 Augustas
2079 3447 2091 3483 :

499 3534 555 3579 et
581 3522 770 3577 eodem
806 3530 1047 3589 tempore
1081 3520 1166 3573 vel
1193 3520 1307 3588 ipso
1328 3532 1469 3571 anno
1494 3518 1547 3571 in
1576 3515 1764 3572 Galliis
1792 3533 1888 3587 per
1914 3518 2091 3573 Arbo-

498 3625 703 3687 gastem
737 3613 885 3689 [Ms.
934 3607 1326 3681 Arvagastem]
1380 3614 1631 3665 comitem
1684 3612 1822 3666 filius
1877 3612 2092 3668 Maximi

500 3710 718 3767 nomine
742 3708 927 3763 Victor
948 3708 1246 3761 exstinctus
1270 3713 1371 3759 est.

570 3802 842 3877 Cynegius
892 3799 1184 3855 Theodosii
1237 3796 1525 3869 praefectus
1565 3796 1795 3853 habetur
1842 3797 2088 3864 illustris,

497 3896 585 3967 qui
608 3892 764 3949 factis
793 3892 1093 3963 insignibus
1125 3890 1381 3959 praeditus
1408 3898 1463 3944 et
1506 3903 1675 3959 usque
1696 3889 1760 3943 ad
1796 3888 2089 3961 Egyptum

499 3995 789 4059 penetrans
815 3984 1052 4052 gentium
1083 3982 1372 4037 simulacra
1403 3982 1690 4036 subvertit.

567 4074 663 4131 XI.
688 4073 927 4145 (Olymp.
954 4075 1181 4143 ccxcn.)
1203 4072 1544 4130 Theodosius
1564 4088 1686 4129 cum
1711 4070 1950 4129 Honorio
1977 4069 2091 4128 tilio

476 4182 597 4224 .suo
625 4167 850 4222 Romam
875 4166 1146 4236 ingressus
1174 4172 1279 4220 est.

569 4258 685 4317 XII.

568 4354 707 4411 XIII.

2272 3247 2391 3303 XII.
2455 3246 2848 3319 Hierosolymis
2894 3248 3153 3316 Joannes,
3208 3247 3453 3305 Cassi-ea
3512 3249 3785 3321 Eulogius,

2198 3338 2378 3411 Cypro
2407 3338 2763 3412 Epiphanius,
2782 3340 3110 3397 Alexandria
3135 3340 3463 3414 Theophilus
3489 3342 3583 3416 qui
3604 3355 3785 3415 supra,

2198 3433 2439 3503 episcopi
2474 3431 2742 3487 habentur
2770 3433 3029 3503 insignes.

2272 3527 2637 3598 Hieronymus
2685 3527 3028 3600 presbyterio
3079 3527 3363 3597 praeditus,
3419 3527 3472 3583 In
3516 3527 3785 3584 Bethleem

2194 3617 2348 3675 Judtc
2364 3620 2539 3674 vicina
2558 3620 2886 3687 consistens,
2908 3623 3215 3691 praecipuus
3238 3621 3469 3677 habetur
3486 3621 3537 3677 In
3556 3623 3783 3677 cunctis.

2270 3711 2412 3769 XIII.
2440 3710 2570 3767 Post
2598 3726 2761 3783 supra
2792 3712 3029 3783 scriptos
3057 3726 3190 3768 sane
3233 3713 3493 3780 Arianos,
3523 3714 3613 3785 qui
3656 3712 3781 3767 Hie-

2195 3804 2488 3876 rosolymis
2528 3814 2660 3861 ante
2705 3804 2973 3862 Joannem
3031 3805 3275 3877 episcopi
3328 3804 3553 3871 fuerint,
3590 3804 3787 3860 Idatius

2193 3898 2286 3969 qui
2336 3896 2456 3953 haec
2503 3896 2717 3964 scribit,
2747 3898 2891 3954 scire
2923 3913 3031 3954 non
3078 3899 3274 3968 p0tuit.
3303 3896 3454 3952 Hunc
3509 3910 3635 3952 vero
3662 3909 3787 3949 san-

2192 3998 2340 4045 ctum
2372 4003 2495 4044 cum
2521 3990 2722 4043 sanctis
2756 3988 3006 4060 Eulogio,
3034 3989 3340 4059 Theophilo
3370 3996 3425 4043 et
3457 3987 3786 4058 Hieronymo

2191 4080 2349 4147 vidit,
2381 4090 2436 4136 et
2466 4080 2766 4136 infantulus
2796 4091 2850 4137 et
2881 4081 3139 4153 pupillus.

2263 4170 2405 4227 XIV.
2432 4172 2672 4245 (Olymp.
2706 4174 2961 4242 ccxcvn.)

2264 4263 2384 4320 XV.
2400 4264 2577 4330 Alani,
2594 4273 2647 4319 et
2669 4262 2943 4332 Wandali,
2964 4272 3016 4319 et
3039 4263 3201 4321 Suevl
3235 4262 3525 4333 Hispanias
3552 4261 3784 4332 ingressi

2193 4371 2300 4412 tera
2350 4371 2651 4425 cccchvu,
2685 4354 2776 4410 alii
2799 4362 2993 4427 quarto
3026 4355 3303 4423 kalendas,
3339 4355 3431 4411 alii
3474 4354 3630 4411 tertio
3663 4352 3787 4409 idus

562 4448 707 4505 XIV.
738 4447 1146 4504 Valentinianus
1178 4448 1367 4520 junior
1399 4447 1542 4518 apud
1574 4445 1837 4503 Viennam
1884 4446 2089 4502 scelere
2114 4511 2160 4520 ᾳ
2192 4449 2445 4505 Octobris
2484 4456 2785 4505 memorant
2825 4448 2930 4517 die,
2964 4449 3117 4504 tertia
3148 4449 3305 4517 feria,
3335 4448 3577 4505 Honorio
3609 4462 3709 4503 vm
3734 4456 3786 4502 et

495 4544 707 4602 comitis
753 4541 1045 4613 Arbogasti
1073 4511 1205 4618 [11⁸⁷.
1234 4511 1541 4616 Ατνειςέειί]
1578 4540 1859 4607 occiditur,
1888 4548 1942 4597 et
1982 4540 2089 4596 Eu-
2113 4511 2169 4575 D
2195 4540 2506 4599 Theodosio
2535 4538 2757 4596 Arcadii
2784 4539 2898 4595 ﬁlio
2917 4511 2983 4596 ἰιι
3014 4511 3357 4597 consulibus.

494 4639 686 4711 genius
710 4648 971 4711 tyrannus
998 4636 1249 4693 efiicitur.

562 4730 681 4787 XV.
717 4730 950 4805 (Olymp.
983 4743 1198 4785 ccxcnt.
1228 4728 1351 4782 ίΕν.
1388 4727 1536 4801 Hisp.
1562 4729 1788 4798 cnxxx.)

561 4822 706 4879 XVI.
758 4821 924 4897 (Eua.
968 4822 1207 4890 ucnx.)
1252 4822 1523 4892 Eugenius
1561 4837 1590 4875 a
1642 4821 1948 4878 Theodosio
1988 4836 2085 4877 au-

493 4923 648 4986 gusto
668 4924 953 4983 superatus
976 4912 1262 4969 occiditur.

561 5004 729 5063 XVII.
758 5003 1097 5061 Theodosius
1129 5004 1493 5063 invaletudine
1522 5004 1777 5079 hydropis
1802 5008 1938 5076 apud
1972 5007 2079 5064 Me-

487 5098 761 5153 diolanum
802 5094 1088 5151 defunctos
1134 5106 1215 5150 est
1246 5110 1387 5149 anno
1415 5097 1565 5167 regni
1604 5098 1684 5150 sui
1716 5113 1843 5151 xvtt.
1881 5099 1947 5152 Et
1978 5099 2080 5154 iste

488 5205 684 5259 annus,
718 5187 809 5262 qui
834 5186 1124 5244 Theodosii
1154 5204 1257 5242 xvn
1290 5188 1405 5261 ipse
1434 5187 1653 5244 Arcadii
1680 5196 1736 5243 et
1765 5188 1985 5245 Honorii
2021 5191 2076 5245 in

486 5281 646 5339 initio
676 5281 827 5352 regni
853 5296 1043 5338 eorum
1068 5279 1275 5352 primus
1302 5290 1387 5335 est
1420 5298 1430 5334 :
1462 5280 1605 5352 quod
1652 5280 1773 5337 ideo
1812 5282 2079 5339 indicatur

484 5389 557 5431 ne
587 5374 944 5447 Olympiadem
969 5374 1209 5446 quinque
1233 5388 1500 5431 annorum
1529 5373 1711 5433 turbet
1732 5373 1988 5449 adjectio,
2017 5376 2073 5433 in

484 5470 591 5525 hoc
621 5467 742 5523 loco
778 5473 983 5525 tantum
1026 5476 1250 5540 propter
1276 5475 1597 5540 regnantum
1626 5464 1833 5527 inserta
1858 5476 1885 5506 ι
1927 5469 2076 5542 prin-

482 5559 708 5632 cipium.

556 5687 586 5719 ι
617 5676 968 5748 Principium.
984 5675 1218 5748 caligius
1242 5676 1293 5748 in
1322 5675 1636 5746 prmfatione
1666 5673 1736 5732 ad
1761 5671 2072 5737 Cbronicon

556 5692 586 5719 ι
620 5692 957 5748 ιἠηειριωη.
984 5692 1093 5731 nan
1137 5692 1218 5731 ius
1242 5692 1292 5730 tn
1322 5692 1636 5746 prmtauone
1666 5692 1736 5732 an
1761 5692 2065 5737 unrontcon

485 5746 737 5816 paschale
769 5746 997 5819 pag.ii9,
1022 5742 1051 5818 ἥ
1072 5692 1160 5814 agi,
1196 5744 1323 5818 legit
1351 5751 1477 5804 item
1507 5747 1819 5825 principium
1842 5761 1913 5806 cx
1940 5748 2065 5805 cod.

2266 4635 2511 4691 Alaricus
2545 4673 2559 4697 ,
2588 4648 2683 4690 rex
2724 4632 3046 4703 Gothorum,
3079 4633 3306 4690 Romam
3338 4634 3635 4706 ingressus,
3663 4647 3782 4691 cum

2194 4728 2340 4783 intra
2368 4735 2422 4782 et
2446 4735 2601 4782 extra
2647 4727 2835 4783 urbem
2868 4729 3044 4783 caedes
3074 4737 3388 4799 agerentur,
3417 4726 3675 4783 omnibus
3702 4726 3784 4781 in-

2193 4820 2402 4877 dultum
2430 4828 2517 4875 est
2547 4819 2637 4889 qui
2674 4818 2742 4875 ad
2771 4818 3087 4877 sanctorum
3116 4818 3301 4876 limina
3331 4818 3708 4889 confugerunt.

2264 4913 2499 4972 Placidia
2544 4912 2835 4968 Theodosii
2867 4914 2999 4982 ﬁlia,
3029 4913 3256 4971 Honorii
3304 4913 3651 4985 imperatoris
3687 4927 3780 4969 so—

2184 5023 2300 5076 ror,
2332 5023 2362 5063 a
2386 5006 2582 5063 Gothis
2612 5006 2664 5061 in
2695 5006 2829 5061 urbe
2858 5016 3037 5081 capta.

2255 5099 2509 5155 Alaricus
2540 5096 2797 5164 moritur,
2830 5098 2917 5153 cui
2948 5095 3198 5152 Ataulfus
3226 5095 3473 5155 succedit
3504 5098 3557 5153 in
3585 5111 3779 5169 regno.

2256 5190 2478 5247 Barbari
2510 5190 2601 5259 qui
2650 5190 2703 5243 in
2755 5188 3041 5261 Hispanias
3089 5189 3323 5265 ingressi
3357 5184 3600 5257 fuerant,
3630 5187 3782 5246 czcde

2184 5284 2566 5356 deprzedantur
2589 5281 2797 5337 hostili.
2830 5281 3141 5341 Pestilentia
3163 5297 3291 5340 suas
3336 5291 3517 5359 partes
3544 5297 3655 5339 non
3680 5296 3777 5337 se-

2182 5377 2342 5455 gnius
2365 5385 2641 5445 operatur.
3445 5428 3448 5430 γ

2259 5464 2892 5522 XVI.Debacchantibus
2945 5479 3041 5535 per
3086 5463 3376 5536 Hispanias
3426 5462 3696 5530 barbaris,
3726 5473 3786 5519 et

2188 5561 2447 5620 saeviente
2486 5558 2832 5615 nihilominus
2861 5558 3183 5631 pesu'lentiat
3213 5557 3383 5633 malo,
3408 5569 3541 5633 Opes
3563 5563 3620 5615 et
3644 5568 3787 5613 cono

2180 5690 2308 5744 ms.,
2342 5689 2450 5731 non
2477 5672 2794 5745 principum,
2825 5678 2883 5729 ut
2906 5676 2994 5729 est
3021 5670 3078 5730 in
3106 5668 3239 5730 edit.
