4052 6338
517 333 629 395 8⁵19

1559 319 1766 379 ιυΑτιι
1806 316 2118 375 EPISCOPi‘
2138 314 2748 383 AQUEFLAVIENSIS

3678 319 3783 380 880

591 445 760 506 XXX.
790 442 1027 519 (Olymp.
1056 440 1221 510 CCCI.)
1254 436 1521 494 Honorius
1547 435 1680 491 actis
1710 431 2090 490 tricennalibus
2117 431 2171 492 Α
2264 427 2381 483 VII.
2411 428 2621 495 Aetius,
2646 428 2751 484 dux
2782 427 3061 501 utriusque
3104 430 3333 501 militia,
3373 430 3547 491 Noros
3567 434 3785 493 edomat

520 543 632 599 suis
662 539 934 594 Ravenna
961 536 1112 593 obiit.

590 631 849 689 Paulinus
874 627 1241 685 nobilissimus
1273 634 1327 681 et
1371 621 1868 694 eloquentissimus,
1897 616 2097 673 dudum

521 723 879 783 conversione
907 720 976 776 ad
1026 719 1197 775 Deum
1243 714 1474 772 nobilior
1507 716 1696 779 factus,
1742 711 1822 765 vir
1846 708 2099 780 apostoli-

522 830 641 883 cus,
672 813 805 870 Nola
828 810 1133 881 Campaniae
1160 809 1443 878 episcopus
1466 804 1692 859 habetur
1717 801 1939 871 insignis
1968 816 1982 853 :
2014 798 2100 854 cui

520 904 784 963 Therasia
828 903 896 959 de
935 902 1161 973 conjuge
1210 899 1347 953 facta
1400 911 1592 963 soror,
1630 893 1938 950 testimonio
1980 890 2102 946 vita

519 994 695 1054 beata
723 1004 965 1066 aquatur
985 1002 1041 1047 et
1067 991 1279 1046 merito.
1305 988 1529 1044 Exstant
1550 986 1731 1057 aperis
1758 983 1925 1053 ipsius
1950 995 2103 1052 egre-

522 1089 592 1160 gii
623 1085 799 1144 studia
822 1082 1184 1156 pradicanda.

594 1181 964 1236 Romanorum
993 1174 1132 1243 XLI,
1164 1173 1505 1229 Tueonosrus
1530 1169 1742 1226 Arcadii
1773 1168 1932 1233 filius,
1978 1172 2103 1220 ante

526 1272 735 1342 aliquot
763 1284 936 1325 annos
966 1282 1200 1337 regnans
1230 1267 1283 1320 in
1318 1264 1560 1335 partibus
1589 1259 1825 1318 Orientis
1854 1258 2103 1314 defuncto

523 1372 700 1435 patre,
732 1371 853 1433 post
881 1360 1088 1416 obitum
1114 1356 1339 1413 llonorii
1370 1356 1568 1426 patrui,
1616 1350 1981 1409 monarchiam
2023 1357 2104 1405 te-

524 1463 617 1513 net
638 1454 869 1526 imperii,
893 1468 1015 1509 cum
1036 1459 1181 1509 esset
1209 1464 1469 1505 annorum
1492 1448 1674 1520 viginti
1704 1462 1819 1504 sex.

594 1549 833 1605 Joannes
862 1545 1051 1614 arripit
1086 1542 1442 1615 tyrannidem.

593 1640 637 1696 I.
666 1638 1005 1695 Theodosius
1022 1634 1472 1698 Valentinianum,
1505 1632 1684 1689 amita
1714 1644 1827 1687 suae
1852 1627 2104 1684 Placidia

524 1733 717 1798 ﬁlium,
771 1726 1233 1797 Constantinopoli
1288 1724 1558 1781 Caesarem
1618 1723 1763 1788 facit,
1825 1731 1879 1777 et
1918 1729 2103 1776 contra

2198 520 2542 576 rebellantes.
2572 519 2803 576 Rursum
2834 520 2998 577 Suevi
3026 522 3213 577 initam
3254 538 3378 578 cum
3404 524 3660 581 Gallacis
3688 541 3779 598 pa-

2198 626 2315 669 cem
2343 612 2505 669 libata
2532 612 2634 667 sibi
2655 614 2939 670 occasione
2966 615 3311 670 conturbant.
3334 616 3415 671 Ob
3431 631 3661 687 quorum
3689 618 3781 676 de-

2198 704 2581 775 pradationem
2628 705 2829 762 Idatius
2868 708 3155 778 episcopus
3200 702 3270 763 ad
3323 710 3535 764 Aetium
3590 711 3781 769 ducem

2198 797 2289 867 qui
2311 797 2709 865 expeditionem
2730 798 2924 869 agebat
2956 799 3012 855 in
3052 798 3260 865 Galliis,
3292 801 3517 871 suscipit
3559 802 3784 873 legatio-

2202 901 2345 943 nem.
2374 887 2558 956 Vetto,
2588 889 2679 960 qui
2707 890 2775 946 de
2802 889 2993 947 Gothis
3027 891 3215 947 dolose
3242 891 3312 946 ad
3351 891 3663 951 Gallaciam
3690 910 3779 953 ve-

2201 988 2376 1046 nerat,
2407 980 2524 1035 sine
2552 980 2730 1051 aliquo
2753 980 2952 1037 eﬂ'ectu
2986 982 3129 1038 redit
3150 986 3217 1037 ad
3239 983 3465 1040 Gothos.

2273 1071 2407 1127 VIII.
2441 1072 2674 1146 (Olymp.
2703 1072 2908 1145 eccm.)
2933 1074 3215 1145 Superatis
3232 1090 3329 1146 per
3348 1076 3562 1132 Aetium
3595 1079 3650 1134 in
3670 1093 3787 1136 cer-

2203 1166 2403 1221 tamine
2432 1166 2654 1222 Francis
2689 1177 2745 1223 et
2773 1169 2825 1223 in
2868 1182 3003 1239 pace
3052 1170 3338 1239 susceptis,
3380 1170 3674 1227 Censorius
3697 1186 3790 1229 co-

2202 1271 2319 1313 mes
2344 1256 2551 1328 legatus
2575 1258 2807 1315 mittitur
2835 1259 2903 1315 ad
2933 1259 3161 1327 Suevos,
3208 1275 3368 1331 supra
3421 1261 3573 1334 dicto
3600 1276 3785 1321 secum

2202 1347 2370 1405 Idatio
2392 1349 2669 1405 redeunte.

2268 1438 2573 1495 Bonifacius
2622 1440 2678 1495 in
2723 1441 3123 1498 amulationem
3171 1445 3309 1500 Aetii
3361 1445 3430 1501 de
3480 1446 3662 1502 Africa
3694 1464 3787 1519 per

2204 1529 2494 1588 Placidiam
2523 1542 2779 1589 evocatus
2833 1534 2890 1589 in
2941 1533 3148 1591 Italiam
3204 1536 3272 1591 ad
3326 1536 3583 1608 palatium
3622 1541 3787 1596 redit.

2205 1621 2307 1689 Qui
2328 1624 2557 1695 depulso
2604 1627 2762 1683 Aetio
2788 1627 2841 1682 in
2870 1627 3044 1682 locum
3088 1628 3206 1699 ejus
3249 1631 3568 1700 succedens,
3602 1634 3791 1703 paucis

2205 1723 2329 1783 post
2350 1717 2645 1785 mensibus,
2674 1718 2807 1775 inito
2843 1718 3127 1775 adversum
3156 1720 3370 1776 Aetium
3399 1722 3678 1793 conﬂictu,
3720 1724 3787 1781 de

526 1826 790 1882 Joannem
820 1821 1011 1878 mittit:
1041 1819 1143 1876 sub
1171 1832 1275 1889 quo
1302 1834 1331 1872 a
1357 1817 1584 1873 ducibus
1611 1815 1700 1887 qui
1751 1828 1874 1869 cum
1917 1828 1982 1869 eo
2010 1828 2105 1882 per
2135 1806 2183 1866 B
2208 1808 2433 1865 vulnere
2457 1825 2564 1881 quo
2585 1810 2765 1867 fuerat
2793 1826 3082 1883 percussus
3120 1814 3339 1869 interiit.
3368 1814 3470 1871 Cui
3518 1815 3790 1873 Sebastia-

522 1917 888 1977 Theodosium
915 1914 1068 1970 missi
1106 1912 1339 1978 fuerant,
1390 1910 1531 1981 apud
1572 1909 1887 1989 Ravennam,
1931 1907 2143 1977 primm
2213 1914 2312 1954 nus
2340 1915 2505 1971 gener
2530 1902 2851 1958 substitutus
2891 1917 2989 1973 per
3036 1902 3249 1959 Aetium
3303 1904 3371 1960 de
3403 1905 3606 1976 palatio
3635 1922 3792 1979 supe-

522 2024 669 2067 anno
697 2010 897 2065 invasa
928 2006 1229 2079 tyrannidis
1250 2004 1537 2068 occiditur,
1583 2011 1636 2057 et
1662 2000 1813 2057 Felix
1855 1998 2108 2069 patricius

522 2103 805 2159 ordinatur
826 2116 891 2158 ex
918 2101 1172 2172 magistro
1199 2098 1425 2154 militum
1450 2094 1602 2170 [Ms.,
1636 2105 1690 2151 et
1727 2094 1982 2165 magister
2009 2092 2108 2146 mi-

521 2194 721 2267 litum].
1408 2192 1411 2193 ⁷

598 2285 1004 2343 Valentinianus
1033 2285 1125 2356 qui
1152 2293 1266 2341 erat
1286 2282 1489 2351 Caesar,
1514 2281 1701 2337 Roma
1724 2280 1993 2351 Augustus
2018 2291 2110 2349 ap-

497 2378 846 2525 Regimen
887 2467 1195 2524 Balearicas
1223 2465 1428 2523 insulas
1468 2462 1887 2535 depradantnr:
1919 2458 2110 2515 deinde

524 2559 853 2631 Carthagine
882 2559 1183 2629 Spartaria,
1215 2570 1268 2613 et
1291 2556 1493 2627 Hispali
1519 2571 1705 2612 eversa
1749 2564 1804 2610 et
1842 2552 2111 2623 Hispaniis

524 2651 873 2724 depradatis,
900 2650 1273 2706 Mauritaniam
1308 2649 1588 2705 invadunt.

501 2764 507 2791 ι
592 2742 660 2809 II.
686 2742 1217 2800 RomanaEcclesia
1250 2742 1362 2798 XLI
1393 2740 1519 2811 [Με.
1552 2740 1666 2811 XL]
1712 2737 1961 2811 prasidet
1989 2738 2110 2809 epi-

525 2850 720 2907 scopus
746 2835 1121 2893 Caussnnns.

709 3022 946 3094 (Olymp.
987 3024 1171 3092 cccn.)
1196 3019 1551 3085 Gundericus,
1577 3034 1673 3075 rex
1694 3016 2106 3083 Wandalorum,

2211 2000 2361 2048 ratus
2388 1994 2695 2063 expellitur,

2282 2088 2377 2145 IX.
2423 2087 2577 2162 (Eas.
2631 2092 2923 2164 nuccccs.)
2952 2091 3222 2163 Regresso
3247 2092 3509 2151 Censorio
3534 2096 3605 2151 ad
3651 2098 3792 2167 pala-

2213 2182 2367 2252 tium,
2401 2181 2747 2239 liermericus
2777 2199 2963 2255 pacem
2988 2199 3110 2240 cum
3136 2184 3383 2242 Gallacis
3407 2201 3549 2257 quos
3587 2187 3791 2258 prada-

2211 2274 2369 2331 batur
2395 2274 2630 2344 assidue,
2655 2276 2756 2332 sub
2781 2276 3086 2334 interventu
3111 2278 3404 2349 episcopali
3429 2277 3573 2335 datis
3588 2278 3690 2335 sibi
3710 2295 3791 2336 re-

2212 2363 2410 2420 format
2439 2366 2736 2424 obsidibus.

2286 2456 2640 2528 Symphosius
2668 2460 2953 2531 episcopus
2982 2475 3078 2532 per
3102 2476 3227 2518 eum
3284 2461 3351 2518 ad
3377 2463 3692 2521 comitatum
3721 2465 3794 2521 Ie-

2210 2560 2367 2623 gatus
2388 2553 2609 2622 missus,
2639 2554 2799 2610 rebus
2825 2554 2880 2609 in
2910 2568 3124 2611 cassum
3158 2555 3446 2612 frustratur
3472 2559 3725 2627 arreptis.

2284 2646 2343 2701 In
2370 2654 2640 2701 conventu
2672 2645 2921 2703 .Lucensi
2946 2654 3134 2703 contra
3163 2648 3502 2706 voluntatem
3540 2649 3795 2721 Agrestii,

2212 2736 2476 2794 Lucensis
2501 2737 2762 2811 episcopi,
2795 2737 2988 2797 Pastor
3014 2748 3071 2797 et
3094 2739 3355 2813 Syagrius
3379 2742 3627 2814 episcOpi
3654 2742 3798 2799 ordi-

2216 2837 2431 2885 nantnr.

2285 2921 2495 2990 Aetius,
2510 2922 2617 2978 dux
2640 2923 2922 2995 utriusque
2938 2923 3168 2993 militia,
3183 2924 3449 2982 Patricius
3478 2925 3795 2997 appellatur.

2286 3014 2356 3068 Χ.
2409 3013 2757 3071 Sebastianus
2792 3016 2946 3073 exsul
2974 3026 3028 3073 et
3058 3017 3317 3089 profugus
3346 3016 3596 3087 etl‘ectus,
3646 3018 3799 3074 navi-

530 3124 686 3185 capta
713 3115 940 3185 Hispali,
973 3130 1095 3169 cum
1126 3113 1292 3183 impie
1322 3113 1497 3169 elatus
1520 3126 1713 3166 manus
1739 3112 1793 3166 in
1824 3110 2109 3166 ecclesiam
2215 3114 2305 3176 gat
2329 3105 2395 3160 ad
2427 3106 2685 3175 palatium
2713 3107 2971 3163 Orientis.

528 3208 763 3264 civitatis
792 3208 963 3280 ipsius
988 3186 1344 3274 extendisset,
1364 3218 1491 3259 mox
1508 3203 1603 3259 Dei
1622 3202 1829 3273 judicio
1864 3202 2107 3257 daemone
2132 3185 2180 3248 C
2282 3196 2538 3253 Romana
2565 3197 2825 3255 Ecclesia
2849 3197 2989 3255 XLII
3014 3196 3144 3269 [Με.
3172 3197 3309 3273 XLI]
3336 3200 3568 3257 habetur
3589 3200 3799 3271 cpisco-

528 3310 811 3372 correptus
838 3300 1065 3357 interiit.
1107 3299 1207 3355 Cui
1236 3297 1544 3355 Gaisericns
1592 3294 1760 3353 frater
1788 3295 2026 3352 succedit
2055 3296 2108 3350 in

527 3409 713 3465 regno.
738 3393 838 3463 Qui
868 3402 927 3449 ut
964 3392 1265 3464 aliquorum
1295 3389 1489 3447 relatio
1517 3388 1699 3455 habet,
1727 3386 1951 3444 eﬂectus
1979 3400 2111 3458 apo-

526 3495 661 3542 stata
702 3485 771 3541 de
795 3484 902 3541 ﬁde
934 3483 1199 3542 catholica
1232 3483 1286 3540 in
1322 3480 1577 3538 Arianam
1618 3480 1795 3536 dictus
1825 3489 1908 3535 est
1935 3488 2109 3535 trans-

446 3622 449 3625 .
525 3579 632 3634 isse
656 3577 959 3648 perfidiam.

596 3668 659 3724 V.
678 3668 1004 3735 Gaisericus,
1021 3683 1120 3725 rex
1140 3666 1208 3724 de
1218 3666 1437 3723 Batica
1450 3663 1739 3736 provincia
1756 3663 1959 3731 littore,
1982 3677 2106 3718 cum

524 3760 806 3816 Wandalis
833 3760 1108 3829 omnibus,
1138 3774 1435 3829 eorumque
1477 3757 1719 3826 familiis,
1761 3770 1948 3813 mense
1970 3755 2111 3811 Maio

523 3853 589 3905 ad
613 3851 1006 3918 Mauritaniam,
1027 3860 1086 3908 et
1110 3850 1344 3907 Africam
1366 3850 1572 3906 relictis
1596 3850 1791 3905 transit
1818 3849 2108 3919 HiSpaniis.

524 3944 626 4011 Qui
673 3945 821 4014 prius
866 3959 1029 4015 quam
1058 3944 1441 4013 pertransiret,
1472 3942 1781 3998 admonitus
1829 3941 2114 4013 ﬂermiga-

528 4035 668 4089 rium
694 4035 931 4091 Saevum
969 4035 1178 4091 vicinas
1203 4036 1259 4091 in
1290 4036 1518 4092 transitu
1550 4051 1650 4091 suo
1682 4035 1986 4105 provincias
2011 4034 2111 4091 de-

527 4125 781 4197 pradari,
809 4140 1033 4181 recursu
1061 4140 1183 4180 cum
1222 4127 1511 4196 aliquantis
1536 4128 1647 4183 suis
1675 4126 1835 4195 facto,
1863 4126 2111 4197 pradan-

530 4235 640 4278 tcm
679 4217 731 4273 in
760 4216 1035 4274 Lusitania
1065 4218 1435 4287 consequitur.
1471 4218 1574 4285 Qui
1621 4219 1764 4275 haud
1808 4218 1997 4290 procul
2044 4217 2113 4273 de

528 4311 798 4378 Emerita,
824 4323 983 4380 quam
1005 4323 1128 4364 cum
1156 4319 1360 4364 sancta
1386 4310 1639 4379 martyris
1662 4310 1888 4364 Eulalia
1918 4308 2112 4379 injuria

527 4411 809 4473 spreverat
838 4402 1019 4457 multis
1049 4402 1143 4472 pel
1171 4400 1506 4457 Gaisericnm
1545 4403 1723 4469 casis,
1754 4416 1821 4456 ex
1851 4402 1933 4456 bis
1976 4415 2113 4470 quos

525 4509 711 4552 secum
741 4492 991 4562 habebat,
1042 4502 1275 4561 arrepto,
1307 4501 1367 4549 ut
1410 4492 1639 4563 putavit,
1686 4492 1832 4547 Euro
1870 4492 2109 4547 velocius

2212 3303 2313 3360 pus
2339 3288 2573 3345 Xvsrns.

2286 3381 2381 3437 XI.
2424 3382 2812 3455 Hierosolymis
2842 3385 3161 3443 Iuvenalem
3190 3385 3501 3457 episcopum
3538 3386 3798 3457 praside-

2211 3490 2294 3543 re,
2322 3474 2574 3531 Germani
2605 3477 2909 3550 presbyteri
2952 3478 3199 3537 Arabica
3228 3478 3464 3550 regionis
3507 3480 3703 3536 exinde
3731 3478 3798 3536 ad

2212 3565 2521 3624 Gallaciam
2544 3570 2827 3639 venientis,
2856 3578 2911 3626 et
2928 3571 3155 3627 aliorum
3192 3570 3505 3627 Graecorum
3533 3570 3797 3627 relatione

2214 3662 2601 3731 comperimus,
2655 3663 3035 3733 adjicientibus
3086 3665 3610 3737 Constantinopolim
3663 3679 3791 3723 eum

2213 3769 2337 3810 cum
2369 3755 2508 3824 aliis,
2539 3764 2595 3811 et
2622 3755 2918 3813 Palaestina
2944 3758 3232 3828 provincia
3257 3771 3313 3815 et
3331 3760 3565 3815 Orientis
3584 3759 3794 3830 episeo-

2214 3846 2296 3915 pis
2324 3846 2744 3913 evocatum,sub
2770 3848 3061 3918 prasentia
3086 3848 3379 3906 Theodosii
3400 3852 3635 3922 augusti,
3666 3865 3793 3907 con—

2216 3950 2388 3997 tracto
2416 3942 2793 4012 episc0pornm
2820 3943 3128 4000 interfuisse
3166 3942 3398 4000 concilio
3422 3943 3490 4000 ad
3511 3944 3791 4000 destruen-

2214 4034 2336 4091 dam
2387 4035 2797 4092 Hebionitarum
2826 4036 3103 4104 haresim,
3132 4052 3295 4107 quam
3320 4036 3598 4093 Nestorius
3630 4035 3789 4110 μὴ,

2214 4128 2448 4202 Atticus]
2479 4131 2720 4201 ejusdem
2766 4132 2917 4187 urbis
2943 4132 3231 4203 episcopus
3270 4146 3438 4204 pravo
3464 4132 3789 4189 stultissima

2214 4230 2376 4278 secta
2407 4222 2760 4277 resuscitabat
2789 4223 3029 4294 ingenio.

2284 4313 2402 4381 Quo
2430 4328 2560 4369 vero
2592 4323 2835 4383 tempore
2883 4314 3053 4371 sancti
3076 4314 3334 4380 Ioannes,
3365 4314 3720 4385 Hieronymus
3740 4322 3793 4369 et

2214 4404 2305 4460 alii
2336 4420 2474 4475 quos
2520 4419 2681 4472 supra
2711 4404 2967 4475 diximus,
2997 4406 3251 4473 obierint,
3306 4405 3394 4462 vel
3445 4404 3565 4476 quis
3603 4403 3789 4460 Joanni

2216 4508 2344 4552 ante
2372 4496 2435 4551 .Iu
2448 4496 2690 4556 venalem
2723 4498 3071 4563 successerit,
3099 4498 3241 4553 sicut
3267 4508 3322 4553 et
3367 4496 3560 4553 fecisse
3612 4496 3792 4565 cogni-

524 4587 665 4656 fuga
686 4582 947 4651 subsidio,
979 4561 1032 4639 in
1055 4584 1277 4639 ﬂumine
1303 4561 1425 4640 Ana
1460 4584 1642 4641 divino
1668 4583 1887 4639 brachio
1915 4585 2106 4654 praci-
2132 4561 2189 4623 D
2214 4597 2328 4644 tum
2383 4598 2467 4644 est
2494 4588 2547 4643 in
2595 4588 2746 4644 brevi
2798 4561 3069 4646 seniorem
3108 4588 3421 4660 quemdam,
3468 4561 3789 4643 referentum

527 4678 725 4745 pilatus
754 4675 975 4731 interiit.
1009 4674 1126 4741 Quo
1156 4674 1231 4730 ita
1253 4676 1542 4745 exstincto,
1576 4690 1699 4732 mox
1726 4691 1833 4747 quo
1870 4688 2109 4748 caperet

524 4769 829 4825 Gaisericus
859 4766 1179 4838 enavigavit.

600 4863 689 4917 IV.
719 4863 878 4919 Suevi
901 4862 1001 4921 sub
1030 4861 1342 4917 llermerico
1363 4876 1491 4933 rege
1521 4863 1724 4919 medias
1753 4870 1933 4933 partes
1980 4863 2107 4919 Gal-

526 4958 695 5012 lacia
720 4954 1117 5025 depradantes,
1152 4969 1248 5024 per
1276 4954 1488 5024 plebem
1518 4971 1637 5024 qua
1664 4956 1883 5011 castella
1907 4955 2104 5010 tutiora

526 5048 809 5114 retinebat,
838 5056 954 5103 acta
982 5062 1203 5104 suorum
1233 5048 1428 5116 partim
1453 5047 1627 5117 cade,
1658 5049 1850 5119 partim
1873 5046 2103 5118 captivi-

525 5147 655 5204 tate,
688 5151 871 5207 pacem
909 5153 1069 5207 quam
1109 5147 1387 5209 ruperant,
1438 5138 1758 5195 familiarum
1807 5154 1927 5210 qua
1957 5147 2106 5195 tene-

523 5230 740 5296 bantur,
764 5229 1123 5286 redhibitione
1151 5240 1477 5286 restanrant.

593 5321 697 5377 Per
724 5324 934 5378 Aetium
963 5325 1211 5380 comitem
1235 5325 1377 5381 haud
1407 5327 1593 5396 procul
1624 5327 1693 5383 de
1713 5327 1932 5384 Arelate
1956 5342 2104 5398 qua-

521 5416 644 5469 dam
668 5414 962 5472 Gnthorum
987 5433 1175 5475 manus
1194 5420 1574 5491 exstinguitur,
1597 5420 1824 5478 Anaolfo
1846 5422 2100 5492 optimate

517 5521 707 5563 eorum
736 5505 915 5577 capto.
959 5508 1216 5581 Juthungi
1246 5525 1342 5582 per
1366 5526 1490 5567 eum
1538 5510 1787 5567 similiter
1827 5512 2101 5570 debellan-

518 5609 603 5654 tur
627 5606 685 5654 et
710 5598 857 5654 Nori.

588 5691 739 5746 Felix
787 5691 879 5760 qui
929 5691 1207 5751 dicebatur
1236 5696 1498 5758 Patricius
1547 5698 1818 5759 Ravenna
1867 5701 2095 5765 tumultu

516 5780 777 5842 occiditur
802 5778 1042 5843 militari.

2212 4697 2396 4740 sermo
2421 4697 2528 4738 non
2553 4682 2742 4738 edidit.

2284 4773 2399 4828 XII.
2438 4772 2677 4845 (Olymp.
2707 4773 2907 4846 θεων.)
2933 4773 3181 4831 Narbona
3207 4772 3449 4831 obsideri
3489 4780 3662 4843 capta
3696 4785 3790 4842 per

2211 4867 2440 4925 Gothos.

2282 4960 2693 5032 Burgundiones
2713 4961 2805 5032 qui
2845 4959 3259 5027 rebellaverant,
3287 4974 3319 5014 a
3346 4957 3607 5015 Romanis
3650 4957 3786 5012 duce

2208 5053 2370 5109 Aetio
2398 5051 2759 5108 debellantur.

2281 5146 2404 5202 Uno
2431 5144 2735 5215 eodemque
2758 5153 3000 5216 tempore
3030 5142 3372 5199 Alexandria
3393 5140 3651 5215 Cyrillum
3676 5138 3782 5208 epi-

2208 5252 2432 5306 scopum
2486 5237 2797 5308 prasidere,
2853 5246 2909 5292 et
2953 5234 3423 5305 Constantinopoli
3478 5230 3779 5289 Nestorium

2209 5329 2522 5386 hareticum
2572 5329 2946 5395 Hebionaum,
2997 5327 3184 5399 Cyrilli
3223 5329 3392 5398 ipsius
3420 5326 3489 5381 ad
3536 5325 3791 5393 eumdem

2209 5422 2459 5493 epistola,
2493 5432 2546 5476 et
2573 5421 2821 5477 haresim
2844 5418 3171 5477 destruentis
3192 5430 3246 5474 et
3274 5418 3516 5488 regulam
3541 5416 3671 5472 fidei
3700 5429 3793 5471 ex-

2210 5516 2465 5583 ponentis
2487 5514 2742 5570 ostendit.
2777 5513 2903 5568 Haec
2952 5526 3073 5567 cum
3114 5510 3236 5566 aliis
3287 5509 3557 5565 habentur
3604 5505 3791 5562 allata.

2280 5605 2422 5663 XIII.
2452 5606 2702 5664 Narbona
2751 5604 3031 5662 obsidione
3078 5603 3335 5659 liberatur
3371 5598 3530 5658 Aetio
3569 5599 3712 5655 duce
3742 5606 3801 5656 et

2208 5700 2465 5773 magistro
2489 5700 2738 5757 militum.
2785 5696 3221 5771 Burgundionum
3248 5708 3388 5753 casa
3434 5694 3625 5767 viginti
3677 5691 3803 5752 mile

2205 5794 2300 5850 lia.
