4052 6338
284 439 379 502 831

1691 436 2096 498 CHRONIGON.

3430 446 3541 507 882

342 557 541 614 Rursus
568 553 861 613 Censorius
888 561 943 613 et
967 554 1350 613 Fretimundus
1374 554 1535 627 legati
1562 553 1845 609 mittuntur
1871 557 1923 618 Α
1950 556 2132 624 nopoli
2182 555 2320 628 fugit
2363 557 2707 629 admonitus,
2751 566 2805 615 et
2840 559 2907 615 ad
2957 560 3297 617 Theodorem
3351 574 3538 632 regem

284 650 345 705 ad
371 649 596 705 Suevos.

341 739 477 796 XIV.
503 737 802 795 Gothorum
839 753 979 796 casa
1005 748 1130 796 octo
1174 738 1346 794 millia
1373 737 1475 794 sub
1500 736 1659 794 Aetio
1683 736 1842 791 duce.

339 831 499 890 Suevi
524 847 646 888 cum
677 841 831 902 parte
857 832 1028 902 plebis
1057 831 1323 889 Callaecia
1351 832 1438 887 cui
1479 830 1843 886 adversaban-

276 936 374 991 tur,
398 926 542 995 pacis
560 924 680 993 jura
707 922 1051 979 conﬁrmant.

339 1017 679 1073 Hermericus
706 1032 803 1072 rex
831 1016 1023 1072 morbo
1051 1029 1343 1087 oppressus
1366 1013 1647 1072 Rechilam
1676 1013 1842 1070 ﬁlium

272 1126 424 1167 suum
478 1109 756 1165 substituit
794 1110 845 1164 in
900 1124 1165 1179 regnum:
1198 1108 1291 1178 qui
1344 1107 1683 1162 Andevotum
1720 1123 1844 1162 cum

268 1218 362 1259 sua
402 1217 562 1273 quam
617 1201 847 1259 habebat
900 1216 1061 1257 manu
1114 1202 1184 1257 ad
1220 1200 1591 1273 Singillionem
1630 1200 1845 1255 Batica

267 1295 480 1350 fluvium
504 1300 693 1363 aperto
731 1300 902 1349 marte
925 1292 1239 1363 prostravit,
1268 1292 1479 1363 magnis
1499 1290 1617 1361 ejus
1646 1291 1763 1346 auri
1792 1298 1846 1346 et

264 1383 470 1453 argenti
493 1382 682 1452 opibus
710 1382 1005 1452 occupatis.

333 1475 451 1530 XV.
480 1474 801 1546 Carthagine
825 1474 1012 1531 fraude
1040 1474 1265 1546 decepta
1288 1473 1378 1530 die
1417 1473 1628 1530 decimo
1654 1479 1843 1543 quarto

260 1565 441 1621 kalen.
493 1564 813 1621 Novembris
849 1579 1067 1620 omnem
1117 1563 1358 1620 Africam
1399 1578 1496 1619 rex
1540 1562 1845 1620 Gaisericus

260 1656 487 1713 invadit.

330 1750 485 1806 Bello
513 1751 743 1808 Gothico
763 1749 863 1805 sub
879 1748 1221 1806 Theoderico
1242 1764 1370 1822 rege
1396 1748 1539 1819 apud
1565 1748 1841 1815 Tolosam,

256 1844 492 1900 Litorius
514 1844 787 1900 Romanus
807 1842 917 1898 dux
940 1843 1294 1899 inconsultius
1320 1858 1441 1898 cum
1463 1840 1709 1896 auxiliari
1734 1841 1844 1895 Hu-

1947 646 2244 704 Gothorum
2284 651 2507 707 veniens
2534 692 2549 720 ,
2596 652 2986 723 conquasitam
3030 652 3157 721 sibi,
3208 667 3313 723 qua
3342 652 3537 723 potuit,

1946 738 2298 798 Barcinonam
2326 743 2498 801 hostis
2519 744 2691 801 factus
2708 746 3027 817 ingreditur.

2020 833 2162 889 XXI.
2186 834 2246 890 In
2274 834 2610 895 Asturicensi
2644 840 2775 897 urbe
2821 839 3108 909 Gallacia,
3154 838 3372 911 quidam
3412 844 3541 897 ante

1946 924 2151 997 aliquot
2170 941 2343 983 annos
2369 928 2598 986 latentes
2628 930 2904 987 Manichai
2938 931 3105 1001 gestis
3143 929 3541 1001 episcopalibus

1945 1017 2304 1091 deteguntur;
2344 1034 2464 1090 qua
2500 1020 2568 1077 ab
2610 1020 2781 1077 Idatio
2803 1032 2857 1078 et
2880 1022 3105 1078 Turibio
3150 1019 3422 1093 episcopis
3443 1018 3538 1092 qui

1946 1123 2042 1165 eos
2066 1108 2391 1177 audierant;
2424 1111 2493 1167 ad
2523 1112 2853 1170 Antoainum
2890 1111 3289 1170 Emeritensem
3316 1110 3536 1181 episcoc

1946 1216 2074 1272 pum
2101 1202 2310 1259 directa
2339 1212 2485 1259 sunt.
3548 1226 3551 1227 ν

2017 1295 2267 1352 Wandali
2290 1296 2517 1353 navibus
2562 1296 2803 1353 Turonio
2834 1296 2891 1353 in
2919 1298 3101 1355 littore
3122 1296 3395 1355 Gallacia
3440 1309 3537 1354 reo

1946 1398 2110 1459 pente
2139 1388 2376 1454 advecti,
2402 1387 2638 1445 familias
2665 1390 2885 1462 capiunt
2905 1390 3281 1461 plurimorum.

2018 1478 2373 1535 Sebastianus
2395 1479 2464 1536 de
2492 1480 2780 1537 Barcilone
2806 1480 3019 1553 fugatus
3039 1483 3235 1555 migrat
3273 1482 3343 1540 ad
3366 1480 3538 1541 Wan-

1947 1570 2120 1627 dalos.

2018 1663 2121 1719 Per
2147 1663 2463 1734 episcopum
2493 1662 2680 1719 Roma
2713 1673 2836 1721 tunc
2862 1663 3246 1736 prasidentem
3274 1672 3423 1738 gesta
3468 1665 3539 1725 de

1946 1755 2260 1813 Manichais
2290 1771 2385 1827 per
2419 1756 2722 1826 provincias
2751 1756 3075 1829 diriguntur.

2019 1845 2186 1903 XXII.
2214 1846 2365 1902 Vitus
2394 1848 2654 1919 magister
2684 1848 2965 1919 utriusque
2994 1846 3207 1902 militia
3252 1846 3447 1913 factus,
3469 1844 3540 1902 ad

256 1953 455 1994 norum
485 1953 646 1992 manu
671 1938 906 2003 irruens,
942 1937 1101 1992 casis
1130 1936 1238 2003 bis,
1272 1937 1390 2007 ipse
1417 1936 1731 1993 vulneratus
1754 1948 1841 1990 ca-
1867 1938 1918 2001 Β
1945 1936 2229 2009 Hispanias
2252 1938 2473 2007 missus,
2504 1953 2612 1993 non
2640 1940 2849 2009 exiguae
2884 1954 3072 1994 manus
3114 1938 3277 1994 fultus
3315 1937 3538 2007 auxilio,

251 2031 423 2101 pitur,
455 2039 509 2084 et
540 2038 662 2099 post
688 2028 806 2086 dies
831 2042 1031 2099 paucos
1060 2027 1343 2084 occiditur.

320 2125 475 2181 Inter
503 2124 776 2182 Romanos
801 2133 856 2181 et
875 2124 1081 2181 Gothos
1104 2140 1208 2195 pax
1233 2123 1482 2180 efﬁcitur;

319 2216 637 2273 Gaisericus
682 2218 857 2273 elatus
905 2217 1108 2287 impie,
1161 2218 1475 2288 episcopum
1528 2216 1843 2286 clerumque

248 2308 598 2380 Carthaginis
625 2309 846 2379 depellit
870 2324 937 2365 ex
964 2324 1053 2373 ea,
1095 2318 1151 2366 et
1165 2308 1319 2379 iuxta
1369 2309 1710 2380 prophetiam
1738 2310 1841 2365 Da-

248 2401 431 2465 nielis,
460 2400 753 2457 demutatis
773 2400 1087 2469 ministeriis
1108 2410 1440 2468 sanctorum,
1473 2402 1729 2458 ecclesias
1753 2415 1843 2457 ca-

248 2492 485 2549 ‘ltolicas
519 2493 681 2548 tradit
710 2490 865 2566 [Ms.,
890 2472 1129 2565 tradidit]
1154 2493 1391 2549 Arianis.

316 2584 574 2650 Rechila,
607 2600 703 2641 rex
729 2585 1056 2653 Suevorum,
1087 2585 1380 2642 Emeritam
1411 2585 1732 2656 ingreditur.

314 2675 462 2731 XVI.
494 2674 735 2747 (Olymp.
760 2678 938 2749 cccv.)
958 2677 1290 2745 Gaisericus,
1306 2678 1544 2735 Siciliam
1560 2678 1879 2762 deprada-_

243 2776 357 2836 tus,
384 2769 723 2824 Panormum
753 2769 845 2825 diu
872 2769 1115 2825 obsedit:
1140 2770 1234 2842 qui
1263 2770 1541 2826 damnatia
1563 2770 1843 2827 catholicis

241 2864 527 2935 episcopis
577 2863 880 2931 Maximini,
908 2865 1049 2934 apud
1091 2864 1332 2921 Siciliam
1388 2864 1715 2920 Arianorum
1744 2864 1843 2921 du-

240 2957 343 3025 cis,
371 2956 674 3013 adversum
700 2956 1001 3013 catholicos
1030 2956 1394 3028 pracipitatur
1456 2957 1739 3025 instinctu,
1785 2969 1845 3014 ut

240 3060 339 3103 eos
358 3062 588 3119 quoquo
613 3056 770 3117 pacto
802 3047 859 3103 in
904 3048 1243 3120 impietatem
1283 3056 1503 3119 cogeret
1546 3049 1837 3104 Arianam:

238 3140 536 3197 nonnullis
561 3139 977 3206 declinantibus,
997 3141 1256 3210 aliquanti
1287 3140 1547 3198 durantes
1578 3141 1631 3195 in
1657 3141 1843 3198 catho-

246 3230 356 3287 lica
386 3231 503 3287 ﬁde
532 3246 974 3288 consummavere
1002 3232 1340 3305 martyrium.

1945 2045 2069 2086 cum
2094 2028 2566 2101 Carthaginienses
2597 2038 2823 2087 vexaret
2850 2039 2904 2087 et
2940 2030 3196 2097 Baeticos,
3242 2030 3542 2087 succeden-

1947 2126 2090 2183 tibus
2116 2142 2238 2182 cum
2262 2142 2389 2198 rege
2422 2141 2521 2183 suo
2560 2126 2675 2184 illic
2717 2126 2929 2192 Suevis,
2971 2124 3240 2197 superatis
3277 2125 3437 2181 etiam
3482 2123 3540 2179 in

1944 2219 2331 2291 congressione
2354 2218 2445 2289 qui
2469 2219 2521 2273 ei
2550 2218 2617 2273 ad
2640 2217 3061 2288 depradandum
3106 2216 3163 2272 in
3208 2214 3538 2286 adiutorium

1944 2319 2224 2381 venerant,
2257 2310 2471 2377 Gothis,
2502 2310 2721 2365 territus
2761 2308 3055 2365 miserabili
3088 2308 3281 2363 timore
3304 2306 3537 2379 diffugit.

1943 2403 2106 2460 Suevi
2134 2404 2259 2460 exin
2293 2404 2410 2459 illas
2438 2404 2750 2473 provincias
2772 2417 2965 2474 magna
2989 2401 3388 2473 depradatione
3414 2399 3539 2457 sub-

1944 2504 2181 2552 vertunt.

2016 2584 2207 2643 XXIII.
2240 2585 2499 2640 Romana
2524 2583 2785 2640 Ecclesia
2806 2583 2969 2639 XLIII
2992 2583 3132 2658 [118.
3162 2583 3325 2655 XLII]
3352 2586 3542 2655 prasi-

1945 2676 2037 2735 det
2065 2678 2356 2747 episcopus
2382 2675 2495 2731 Leo
2528 2694 2539 2728 :
2569 2675 2728 2747 hujus
2764 2677 2962 2746 scripta
2991 2692 3087 2747 per
3116 2675 3354 2747 episcopi
3384 2676 3542 2731 Turi-

1945 2768 2023 2825 bii
2069 2768 2349 2824 diaconem
2388 2766 2707 2822 Pervincum
2745 2775 2935 2823 contra
2980 2766 3422 2823 Priscillianistas
3472 2766 3544 2823 ad

1947 2859 2334 2931 Hispanienses
2387 2856 2675 2931 episcopos
2726 2858 3067 2915 deferuntur.
3114 2858 3260 2913 Inter
3311 2871 3432 2928 qua
3472 2856 3542 2912 ad

1946 2954 2257 3025 episcopum
2280 2954 2561 3011 Turibium
2588 2955 2656 3010 de
2683 2953 3063 3009 observatione
3090 2954 3370 3010 catholica
3415 2952 3543 3011 ﬁdei

1946 3054 2000 3101 et
2028 3045 2095 3100 de
2124 3046 2389 3101 liaresum
2439 3046 2794 3116 hlasphemiis
2842 3044 3137 3115 disputatio
3164 3046 3320 3118 plena
3356 3045 3543 3118 dirigi-

1948 3148 2055 3205 tur,
2098 3154 2217 3210 qua
2263 3139 2330 3195 ab
2380 3140 2651 3211 aliquibus
2694 3137 2944 3196 Gallacis
3000 3138 3229 3197 subdolo
3279 3139 3541 3210 probatur

1946 3230 2191 3285 arbitrio.

306 3322 623 3380 Censorius
652 3338 834 3379 comes
856 3324 946 3395 qui
977 3324 1186 3395 legatus
1206 3323 1402 3381 missus
1427 3322 1597 3381 fuerat
1615 3324 1682 3380 ad
1709 3324 1843 3383 Sue-
1869 3319 1917 3384 C
2019 3324 2161 3380 Solis
2184 3323 2321 3380 facta
2348 3321 2579 3381 defectio
2599 3322 2688 3380 die
2713 3336 2857 3380 nono
2880 3320 2991 3377 kal.
3007 3319 3312 3391 Ianuarias,
3336 3319 3522 3393 quifui

238 3429 362 3480 vos,
392 3414 648 3472 residens
680 3415 876 3485 Mirtyli
906 3414 1178 3486 [Martyli],
1209 3416 1462 3473 obsessus
1489 3432 1518 3470 a
1543 3416 1763 3473 Rechila
1790 3418 1844 3472 in

236 3522 381 3577 pace
410 3523 477 3562 se
508 3506 749 3561 tradidit.

312 3596 501 3651 XVII.
543 3595 657 3648 Rex
691 3596 1013 3662 Suevorum,
1038 3595 1296 3652 diuturno
1327 3612 1423 3667 per
1444 3610 1614 3654 annos
1643 3610 1848 3669 septem

236 3687 452 3744 morbo
480 3686 735 3754 afflictus,
769 3688 998 3743 moritur
1027 3689 1390 3746 Hermericus.

316 3781 452 3836 Rex
481 3778 702 3834 Bechila
732 3780 935 3850 Hispali
961 3782 1199 3848 obtenta,
1249 3783 1501 3839 Baeticam
1532 3792 1588 3839 et
1631 3783 1853 3842 Cartha-

238 3871 565 3944 giniensem
588 3870 892 3939 provincias
922 3871 978 3926 in
998 3887 1151 3927 suam
1179 3873 1376 3944 redigit
1400 3884 1741 3945 potestatem.

318 3969 615 4042 [Romana
632 3966 878 4023 Ecclesia
905 3966 1107 4022 XLIII
1134 3969 1376 4039 preside:
1402 3971 1666 4041 episcopus
1695 3968 1855 4041 Leo.]

316 4062 546 4119 Sabino
589 4061 849 4131 episcopo
896 4060 966 4117 de
995 4062 1199 4133 Hispali
1225 4062 1460 4120 factione
1509 4064 1759 4134 depulso,
1803 4064 1859 4119 in

238 4155 438 4211 locum
465 4152 591 4222 eius
614 4151 945 4223 Epiphanius
970 4153 1249 4210 ordinatur
1278 4155 1489 4225 fraude,
1518 4171 1621 4211 non
1641 4157 1786 4227 jure.

1951 3417 2107 3472 tertia
2134 3416 2291 3471 feria.

2022 3509 2213 3565 XXIV.
2252 3508 2487 3582 (Olymp.
2531 3510 2750 3581 cccvn.)
2784 3509 3038 3576 Bechila,
3072 3523 3168 3565 rex
3197 3508 3493 3565 Suevorum
3521 3552 3541 3579 ,

1951 3600 2204 3656 Emerita
2230 3602 2451 3670 gentilis
2492 3603 2720 3657 moritur
2749 3614 2936 3657 mense
2980 3602 3221 3672 Augusto
3250 3618 3263 3654 :
3292 3602 3378 3657 cui
3406 3616 3540 3657 mox

1952 3694 2093 3750 ﬁlius
2120 3709 2251 3749 suus
2277 3694 2574 3751 catholicus
2598 3693 2916 3752 Bechiarius
2940 3692 3183 3749 succedit
3207 3692 3263 3748 in
3292 3708 3540 3765 regnum,

1954 3787 2229 3844 nonnullis
2251 3786 2469 3859 quidem
2492 3786 2594 3842 sibi
2624 3787 2691 3843 de
2711 3794 2870 3857 gente
2890 3800 2985 3842 sua
3006 3784 3235 3851 amulis,
3251 3784 3346 3840 sed
3376 3785 3542 3840 laten-

1954 3890 2067 3939 ter:
2092 3881 2315 3937 obtento
2340 3888 2519 3936 tamen
2548 3881 2865 3951 regno,gsine
2886 3893 3035 3935 mora
3062 3876 3349 3933 ulteriores
3365 3876 3542 3947 regio-

1957 3987 2055 4028 nes
2084 3972 2286 4028 invadit
2310 3972 2375 4027 ad
2406 3971 2661 4043 pradam.

2030 4065 2369 4119 Pascentium
2400 4063 2683 4135 quemdam
2708 4061 2857 4117 urbis
2876 4060 3063 4118 Roma
3084 4060 3174 4131 qui
3203 4059 3272 4115 de
3295 4058 3543 4115 Asturica

1959 4158 2262 4229 diffugerat,
2292 4157 2646 4213 Mauichaum
2691 4154 2991 4211 Antoninus
3016 4152 3301 4224 episcopus
3328 4150 3544 4207 Emeri-

316 4244 619 4311 Asturius,
636 4242 750 4299 dux
781 4245 1061 4317 utriusque
1089 4246 1312 4313 militia,
1338 4248 1406 4303 ad
1419 4249 1704 4318 Hispanias
1731 4250 1859 4305 mis-

238 4354 371 4407 sus,
433 4338 935 4393 Tarraconensium
987 4338 1154 4395 cadit
1215 4340 1615 4397 multitudinem
1646 4342 1862 4411 .Bacau-

236 4432 482 4487 darum.

1961 4262 2031 4308 ta
2069 4250 2497 4321 comprehendit,
2545 4250 2891 4321 auditumque
2943 4247 3102 4305 etiam
3151 4245 3218 4302 de
3270 4244 3543 4316 provincia

1962 4344 2237 4401 Lusitania
2269 4344 2398 4399 facit
2422 4344 2642 4412 expelli.

2036 4439 2141 4495 Per
2165 4437 2436 4509 Agiulfum
2462 4435 2667 4506 Hispali
2693 4433 2980 4488 Censorius
3006 4430 3297 4502 iugulatur.

318 4521 532 4579 XVIII.
559 4520 797 4580 Cometa
830 4523 980 4581 sidus
1006 4538 1268 4597 apparere
1298 4525 1485 4596 incipit
1529 4540 1715 4583 mense
1760 4527 1865 4583 De-
2038 4529 2207 4585 XXV.
2240 4527 2551 4584 Bechiarius
2581 4534 2800 4592 accepta
2829 4523 2883 4579 in
2911 4523 3218 4594 coniugium
3250 4518 3545 4578 Theodoris

238 4616 513 4679 cembri;
544 4616 687 4687 quod
712 4631 807 4687 per
834 4630 1049 4673 menses
1074 4618 1280 4687 aliquot
1303 4618 1500 4685 visum,
1530 4619 1863 4689 subsequen-
1893 4688 1930 4695 _
1965 4623 2109 4695 regis
2132 4621 2262 4687 ﬁlia,
2289 4620 2594 4688 auspicatus
2616 4617 2824 4672 initium
2847 4616 3017 4688 regni,
3034 4613 3323 4672 Vasconias
3342 4614 3547 4683 depra-

241 4710 322 4766 tis
347 4710 412 4766 in
449 4707 761 4779 pestilentia
789 4708 955 4779 plaga
980 4724 1103 4779 qua
1130 4708 1243 4765 fere
1270 4710 1324 4765 in
1354 4718 1466 4766 toto
1501 4712 1634 4768 orbe
1662 4688 1855 4769 diffusa
1888 4688 1943 4750 Β
1965 4688 2125 4768 datur
2155 4723 2342 4765 mense
2371 4707 2682 4764 Februario.

239 4812 359 4870 θην
393 4802 672 4874 Pramisit
704 4810 995 4859 ostentum.
2036 4806 2263 4862 Basilius
2291 4805 2362 4861 ob
2388 4801 2753 4859 testimonium
2784 4800 2982 4871 egregii
3013 4812 3175 4854 ausus
3202 4798 3286 4853 sui
3312 4811 3547 4868 congre-

320 4892 958 4964 Constantinopolitana
1017 4894 1264 4951 ecclesia
1317 4896 1543 4966 depulso
1613 4898 1859 4957 Nestorio
1964 4900 2102 4969 gatis
2131 4897 2397 4953 Bacaudis
2426 4895 2483 4951 in
2519 4894 2748 4951 ecclesia
2775 4892 3099 4963 Tyriassone
3125 4888 3418 4946 faderatos
3447 4903 3545 4945 oc-

241 4985 539 5058 Ρτεείάθι
564 4985 846 5055 episcopus
876 4984 1181 5042 Flavianus.
1966 4988 2141 5045 ctdit:
2182 4988 2271 5043 ubi
2308 4996 2364 5043 et
2406 4984 2518 5042 Leo
2556 4984 2799 5056 ejusdem
2837 4982 3082 5037 ecclesia
3124 4979 3428 5051 episcopus,
3479 4978 3549 5031 ab

322 5077 495 5137 XIX.
529 5074 683 5147 (Eua.
716 5075 1042 5147 IICCCCLX.)
1067 5075 1286 5133 Asturio
1305 5080 1560 5148 magistro
1584 5082 1862 5153 utriusque
1970 5080 2172 5137 eisdem
2198 5079 2437 5151 quicum
2467 5077 2663 5134 Basilio
2690 5074 2934 5139 aderant,
2968 5072 3021 5127 in
3049 5084 3115 5127 eo
3136 5071 3254 5127 loco
3274 5069 3409 5125 obiit
3430 5068 3549 5124 vul-

245 5167 876 5236 militia,generipsius
902 5180 1182 5223 successor
1211 5169 1312 5239 ipsi
1340 5170 1864 5241 mittituriMerobau-
1969 5182 2204 5229 neratus.

242 5263 369 5330 dis,
406 5267 553 5317 natu
579 5258 774 5314 nobilis
822 5268 877 5315 et
900 5258 1223 5330 eloquentia
1252 5262 1469 5329 merito,
1501 5263 1587 5319 vel
1630 5266 1866 5324 maxime
2042 5266 2358 5323 Bechiarius
2399 5277 2583 5321 menso
2630 5261 2771 5317 Julio
2819 5258 2888 5314 ad
2915 5256 3254 5315 Theodorem
3300 5267 3549 5311 socerum

246 5358 311 5413 in
347 5352 642 5427 poematis
662 5352 840 5408 studio
860 5352 1134 5408 veteribus
1180 5354 1597 5426 comparandus,
1626 5359 1868 5416 testimo-
1971 5359 2267 5431 profectus,
2298 5358 2831 5427 Casaraugustanam
2871 5351 3150 5423 regionem
3189 5363 3313 5405 cum
3351 5347 3549 5404 Basilio

246 5450 355 5505 nio
388 5446 573 5504 etiam
597 5444 910 5515 provehitur
937 5454 1253 5502 statuarum.
1284 5446 1441 5503 Brevi
1486 5457 1731 5519 tempore
1776 5465 1869 5520 po-
1973 5454 2025 5509 in
2069 5452 2246 5508 reditu
2276 5448 2633 5519 depradatur.
2676 5446 2881 5516 lrrupta
2908 5459 3006 5516 per
3049 5440 3235 5499 dolum
3287 5439 3549 5498 Ilerdensi

250 5538 501 5597 testatis
530 5550 643 5592 sua
669 5537 1152 5594 Aracellitanorum
1182 5538 1378 5611 frangit
1396 5540 1739 5599 insolentiam
1768 5542 1872 5599 Ba-
1973 5544 2126 5609 urbe,
2157 5552 2273 5599 acta
2299 5550 2381 5598 est
2408 5555 2512 5597 non
2544 5554 2704 5609 parva
2732 5537 3035 5609 captivitas.

249 5632 616 5691 caudarum.
640 5627 766 5685 Ilox
788 5631 1167 5689 nonnullorum
1206 5632 1403 5689 invidia
1434 5644 1776 5707 perurgente,
1806 5636 1873 5692 ad
2050 5636 2231 5693 XXVI.
2269 5634 2515 5692 Asturius
2554 5633 2633 5688 vir
2658 5632 2883 5688 illustris
2911 5630 2979 5687 ad
3004 5628 3263 5687 honorem
3292 5622 3546 5697 provehi-

248 5726 480 5785 nrbem
518 5720 748 5778 Romam
778 5738 931 5779 sacra
961 5727 1319 5796 praeceptione
1347 5740 1651 5784 revocatur.
1977 5738 2063 5786 tur
2093 5729 2423 5786 consulatus.

332 5814 479 5873 XX.
522 5814 761 5886 (Olymp.
796 5815 997 5885 cccvt.)
1026 5816 1376 5875 Sebastianus
1410 5820 1521 5877 illic
1536 5837 1646 5892 quo
1684 5822 1874 5878 confn-
2048 5822 2397 5879 Sebastianus
2416 5820 2567 5876 exsul
2590 5820 2763 5876 factus
2786 5817 2853 5875 ad
2878 5817 3234 5891 perniciosam
3263 5814 3388 5882 sibi,
3416 5812 3547 5870 sicut

243 5917 453 5985 gerat.
488 5903 871 5978 deprehensus
893 5907 994 5966 sibi
1023 5909 1248 5971 advers:
1283 5911 1480 5982 moliri,
1512 5927 1543 5971 e
1571 5912 1875 5973 Constanti-
1979 5925 2102 5987 post
2126 5914 2301 5973 exitus
2339 5912 2539 5983 docuit,
2594 5910 2859 5970 Gaiserici
2904 5907 3142 5980 confugit
3184 5912 3547 5981 potestatem:
