4052 6338
561 408 670 491 883

1566 426 1777 485 lDATlI
1815 422 2116 486 EPISCOPI
2154 422 2766 498 ΑρυΑεηΑγιΕΝειε

3736 432 3846 492 884

558 554 724 614 parvo
756 547 876 615 post
918 547 1164 612 tempore
1190 555 1349 613 quam
1379 548 1602 597 venerat
1634 554 1728 609 per
1767 554 1887 596 eum
1930 540 2149 610 jubetur
2173 541 2226 603 Δ
2256 542 2455 597 Fronto
2480 542 2727 600 similiter
2753 532 2960 611 comes,
2994 540 3154 617 legati
3178 558 3278 619 pro
3302 559 3436 619 pace
3461 547 3756 604 mittuntur
3790 558 3844 606 et

558 636 922 787 negglGalliis
948 727 1196 802 epistola:
1222 726 1541 784 deferuntur
1552 722 1794 784 Flaviani
1814 725 2048 801 episc0pi
2074 724 2144 785 ad

550 806 790 883 Leonem
819 824 1129 898 episcopum
1162 824 1362 889 missae,
1408 838 1529 878 cum
1560 822 1779 893 scriptis
1802 821 1990 895 Cyriili
2030 824 2145 893 epi-

545 910 703 992 icopi
739 915 1097 977 Alexandrini
1146 912 1212 971 ad
1261 913 1568 971 Nestorium
1596 912 2143 985 Constantinopolita—

550 1012 681 1067 num
702 1009 771 1068 de
794 1004 1098 1080 Eutychete
1120 1006 1404 1064 Hebionita
1429 1007 1706 1075 haeretico,
1732 1014 1788 1062 et
1806 1002 2006 1062 Leonis
2029 1004 2142 1076 epi-

550 1086 699 1174 scopi
724 1096 1059 1158 ad'eumdem
1089 1112 1371 1171 responsa,
1395 1114 1517 1171 quae
1538 1112 1658 1155 cum
1689 1099 1915 1155 aliorum
1934 1097 2140 1170 episcm

546 1210 747 1279 porum
772 1203 830 1253 et
862 1195 1029 1269 gestis
1081 1205 1134 1250 et
1198 1194 1413 1264 scriptis
1459 1208 1556 1264 per
1584 1188 1843 1249 ecclesias
1897 1192 2142 1269 dirigun-

551 1292 653 1343 tur.
690 1290 695 1293 ’

620 1377 834 1441 XXVII.
862 1372 1207 1437 Theodosius
1249 1377 1540 1447 imperator
1567 1376 1794 1433 moritur
1831 1373 2140 1434 Constantio

547 1468 728 1544 nopo'Ii
760 1480 902 1527 anno
938 1469 1116 1527 relatis
1154 1484 1265 1526 sua:
1295 1469 1707 1541 quadragesimo
1734 1478 1948 1526 octavo.

617 1564 748 1620 Post
787 1578 946 1635 quem
991 1562 1155 1621 XLIII
1202 1564 1380 1617 statim
1433 1562 1573 1632 apud
1615 1558 2137 1632 Constantinopolim

540 1636 861 1713 bimensus
892 1670 921 1711 a
951 1654 1209 1711 militibus
1230 1663 1283 1710 et
1305 1655 1371 1709 ab
1399 1654 1660 1723 eaercltu,
1691 1654 1925 1711 instante
1950 1670 2140 1711 sorore

544 1748 844 1807 .Theodosii
879 1746 1157 1807 Pulcheria
1186 1745 1395 1818 regina,
1427 1745 1658 1803 efficitur
1684 1748 1996 1817 imperator.
2023 1746 2138 1819 Qua

549 1837 650 1897 sibi
681 1839 733 1896 in
755 1838 1065 1913 coniugium
1080 1848 1383 1910 assumpta,
1398 1845 1587 1911 regnat
1614 1839 1670 1895 in
1681 1838 1924 1911 partibus
1947 1836 2139 1896 Orien-

548 1945 636 1987 IIS.

615 2019 855 2081 XXVIII.
890 2020 1125 2098 (Olymp.
1154 2016 1767 2098 cccvm.)Valentlniani
1796 2020 2136 2096 imperatoris

548 2127 721 2171 mater
740 2112 979 2176 Placidia
1012 2120 1243 2175 moritur
1267 2116 1414 2187 apud
1441 2112 1692 2174 Romam.

618 2209 677 2267 In
731 2209 981 2269 Callaecia
1032 2219 1385 2269 terraemotus‘
1416 2211 1638 2280 assidui,
1707 2209 1856 2285 signa
1913 2210 1967 2268 in
1999 2211 2140 2269 cmlo

534 2304 778 2385 plurima
810 2305 1193 2363 ostenduntur.
1225 2302 1357 2361 Nam
1390 2304 1567 2379 pridie
1596 2318 1766 2362 nonas
1797 2302 2002 2377 Aprilis
2033 2312 2141 2361 ter-

552 2400 618 2454 tia
654 2396 805 2469 feria,
835 2408 957 2471 post
979 2398 1111 2456 solis
1136 2414 1411 2468 occasum,
1443 2399 1512 2455 ab
1536 2399 1818 2471 Aquilonis
1846 2398 2001 2470 plaga
2030 2410 2139 2455 cur.

549 2492 656 2547 lum
690 2492 899 2553 rubens
936 2492 1077 2553 sicut
1121 2493 1260 2565 ignis
1287 2502 1381 2549 aut
1416 2493 1636 2565 sanguis
1663 2491 1913 2562 efﬁcitur,
1971 2492 2139 2548 inter-

547 2583 727 2641 mixtis
774 2599 872 2658 per
917 2584 1133 2657 igneum
1187 2585 1442 2641 ruborem
1510 2584 1669 2641 lineis
1713 2580 2032 2643 clarioribus
2084 2585 2138 2641 in

545 2680 782 2750 speciem
832 2676 1106 2739 hastarum
1150 2680 1491 2737 rutilantium
1539 2677 1859 2736 deiormatis
1907 2695 1922 2734 :
1972 2694 2002 2735 a
2052 2676 2141 2737 die

544 2770 731 2829 clauso
754 2785 923 2844 usque
944 2771 996 2827 in
1027 2770 1215 2827 horam
1241 2770 1417 2829 noctis
1444 2769 1557 2826 fere
1580 2770 1794 2825 tertiam
1816 2768 1953 2845 signi
1980 2770 2141 2826 durat

545 2866 805 2933 ostensio,
837 2879 959 2939 qua
986 2882 1112 2922 mox
1142 2864 1343 2937 ingenti
1372 2865 1520 2921 exitu
1547 2862 1893 2937 perdocetur.

615 2954 760 3017 Gens
786 2957 1100 3019 Hunnorum
1126 2974 1264 3032 pace
1292 2968 1447 3031 rupta
1472 2957 1811 3033 depraedatur
1832 2958 2140 3033 provincias

545 3045 841 3113 Galliarum
874 3064 890 3104 :
924 3049 1170 3123 plurima:
1217 3050 1463 3107 civitates
1516 3048 1775 3117 eii'ractae,
1822 3050 1875 3106 in
1931 3051 2139 3124 campis

545 3141 925 3211 Gatalaunicis,
958 3140 1100 3198 haud
1136 3140 1293 3215 longe
1321 3143 1390 3199 de
1440 3142 1659 3199 civitate
1705 3159 1864 3215 quam
1910 3142 2138 3216 eii‘rege-

545 3243 685 3305 rant,
713 3231 921 3301 Mortis.
976 3234 1137 3295 Aetio
1184 3234 1307 3290 duci
1356 3243 1409 3290 et
1460 3234 1574 3307 regi
1603 3233 1894 3300 Theodori,
1943 3234 2136 3305 quibus

2255 634 2505 691 obtinent
2530 637 2869 694 conditiones
2896 638 3187 709 iniunctas.

2318 725 2629 795 Thorismo,
2658 742 2759 785 rex
2781 727 3104 796 Gothorum,
3136 730 3351 799 spirans
3374 730 3589 787 hostilia
3615 747 3641 783 a
3664 728 3845 789 'I'lteu-

2248 820 2431 877 dorico
2460 830 2514 878 et
2541 818 2828 879 Frederico
2848 816 3104 878 fratribus
3127 818 3439 894 iugulatur:
3470 823 3559 879 cui
3589 819 3843 881 Theode-

2249 914 2392 970 ricus
2431 914 2673 971 succedit
2705 917 2757 971 in
2789 930 2977 987 regno.

2316 1003 2489 1061 XXX.
2512 1004 2699 1061 Tertio
2723 1006 2876 1078 regni
2895 1020 3041 1061 anno
3070 1006 3330 1078 principis
3361 1005 3619 1063 Marciani
3648 1007 3834 1079 regina

2242 1100 2473 1154 moritur
2501 1098 2784 1156 Pulcheria
2816 1108 3004 1155 mense
3026 1099 3190 1156 Iulio.

2319 1190 2419 1247 Per
2468 1190 2812 1249 Fredericum
2870 1192 3192 1248 Theudorici
3251 1192 3393 1263 regis
3449 1190 3678 1248 fratrum
3734 1192 3837 1250 Βιο

2242 1282 2429 1339 cauda:
2455 1283 2891 1341 Tarraconenses
2918 1283 3202 1340 caeduntur
3251 1297 3321 1340 ex
3367 1284 3696 1342 auctoritate
3721 1283 3836 1342 Ito-

2242 1392 2422 1433 mana.

2312 1467 2370 1522 In
2394 1466 2648 1523 Callaecia
2678 1477 3038 1538 terrtemotus,
3066 1472 3121 1525 et
3160 1468 3213 1524 in
3243 1468 3361 1524 sole
3381 1468 3597 1541 signum
3621 1469 3675 1525 in
3693 1477 3833 1537 ortu,

2240 1559 2393 1631 quasi
2419 1561 2592 1615 altero
2620 1575 2801 1616 secum
2827 1570 3176 1617 concertante
3203 1554 3561 1617 monstratur.

2312 1651 2503 1708 Aetius
2530 1653 2636 1709 dux
2664 1663 2719 1710 et
2751 1655 3008 1725 patricius
3031 1654 3397 1711 fraudulenter
3423 1655 3724 1725 singularis
3744 1667 3833 1714 ιφ

2238 1743 2381 1802 citus
2412 1746 2551 1802 intra
2583 1746 2839 1816 palatium
2870 1762 3033 1804 manu
3062 1748 3229 1819 ipsius
3252 1748 3621 1805 Valentiniani
3667 1750 3834 1822 impe-

2243 1837 2438 1895 ratoris
2468 1838 2752 1896 occiditur.
2800 1839 2868 1897 Et
2916 1854 3038 1897 cum
3083 1840 3200 1913 ipso
3230 1856 3327 1910 per
3375 1842 3676 1911 spatarinm
3721 1842 3835 1913 ejtl

2174 1930 2219 1995 Β
2248 1931 2411 2006 aliqui
2435 1934 2777 2006 singulariter
2806 1934 3098 1992 intromissi
3127 1935 3445 2007 iugulantur
3467 1935 3746 1992 honorati.

2322 2026 2412 2082 His
2441 2029 2608 2098 gestis
2637 2028 2841 2099 legatos
2871 2026 3284 2083 Valentinianus
3332 2028 3495 2081 mittit
3521 2026 3594 2083 ad
3621 2035 3830 2099 genus,

2244 2132 2309 2175 ex
2340 2120 2535 2190 quibus
2562 2118 2628 2175 ad
2655 2118 2861 2177 Suevos
2884 2120 3034 2175 venit
3058 2114 3409 2177 Iustinianus.

2314 2208 2509 2268 XXXI.
2537 2214 2741 2281 Quarto
2786 2217 2936 2286 regni
2983 2228 3125 2270 anno
3173 2215 3426 2285 principis
3455 2213 3714 2271 Marciani
3739 2230 3830 2286 per

2243 2300 2377 2363 duos
2406 2306 2662 2362 barbaros
2702 2306 2842 2363 Aetii
2870 2306 3165 2363 familiares
3203 2305 3620 2364 Valentinianus
3647 2308 3829 2364 Roma

2228 2396 2538 2470 imperator
2562 2400 2825 2456 occiditur
2853 2400 2907 2455 in
2947 2410 3159 2471 campo,
3192 2401 3431 2457 exercitu
3478 2401 3828 2456 circumstan-

2244 2503 2317 2559 te,
2358 2509 2499 2548 anno
2528 2495 2700 2549 atatis
2728 2506 2839 2549 sum
2865 2506 3050 2560 xxxvr,
3080 2500 3136 2549 et
3156 2494 3307 2564 regni
3341 2507 3487 2550 aut.
3518 2492 3650 2548 Post
3674 2504 3827 2564 quem

2244 2600 2367 2641 mox
2400 2582 2660 2640 Maximus
2700 2598 2765 2641 ex
2796 2585 3108 2642 consulibus
3137 2594 3265 2641 mn
3321 2582 3509 2640 Roma
3565 2586 3828 2655 Augustus

2242 2674 2543 2750 appellatur
2568 2697 2580 2734 :
2610 2677 2700 2749 qui
2730 2692 2854 2734 cum
2902 2678 3197 2749 imperator
3244 2676 3419 2733 factus
3450 2672 3699 2734 reiictam
3728 2678 3829 2735 Va-

2242 2768 2519 2828 lentiniani
2550 2768 2653 2827 sibi
2682 2768 2930 2829 duxisset
2961 2780 3207 2836 uxorem,
3233 2776 3290 2827 et
3311 2769 3419 2825 tilio
3438 2782 3542 2825 suo
3564 2783 3630 2825 ea
3653 2770 3828 2840 priore

2240 2865 2467 2936 conjuge
2521 2860 2759 2921 Palladio
2810 2878 2968 2937 quem
3020 2863 3292 2922 Cmsarem
3341 2863 3563 2929 fecerat,
3596 2863 3826 2921 Valenti-

2240 2960 2387 3015 niani
2417 2956 2581 3016 illiam
2610 2962 2661 3016 in
2684 2957 2991 3031 coniugium
3018 2956 3347 3025 tradidisset,
3376 2966 3690 3027 magnorum
3712 2966 3827 3011 mo-

2242 3060 2389 3108 tuum
2434 3064 2568 3124 quos
2620 3050 2926 3119 verebatur,
2989 3053 3393 3124 perturbatione
3447 3050 3723 3118 distortus,
3770 3058 3825 3105 et

2240 3146 2366 3215 quia
2395 3144 2446 3198 in
2495 3143 2796 3200 occisorum
2839 3156 2937 3214 per
2968 3140 3424 3209 Valentinianum,
3472 3152 3529 3198 et
3579 3141 3637 3198 in
3664 3141 3829 3213 ipsius

2241 3234 2515 3292 interitum
2545 3233 2929 3304 Valentiniani,
2978 3234 3180 3291 ambitu
3233 3234 3383 3306 regni
3427 3230 3657 3291 consilia
3706 3243 3828 3291 see-

542 3312 737 3380 eratin
758 3340 889 3397 pace
914 3322 1169 3392 societas,
1193 3335 1381 3398 aperto
1409 3334 1581 3381 marte
1607 3322 1924 3397 confligens,
1948 3312 2204 3382 divinoC
2238 3321 2371 3383 lesta
2420 3335 2623 3399 patrata
2683 3330 3007 3395 contulerat,
3062 3338 3183 3383 cum
3234 3326 3514 3398 imperium
3564 3326 3828 3381 deserere

544 3432 685 3481 causa
713 3429 997 3493 superatur
1023 3418 1223 3479 auxilio
1257 3437 1271 3475 :
1302 3420 1500 3476 bellum
1534 3436 1642 3477 nox
1698 3420 2022 3490 intempesta
2053 3414 2133 3474 di-

545 3509 721 3569 remit.
779 3508 894 3569 Rex
949 3508 1060 3569 illic
1114 3508 1428 3570 Theodores
1488 3520 1791 3585 prostratus
1836 3513 2129 3570 occubuit:

543 3620 642 3664 ccc
670 3604 844 3665 ferme
869 3602 1032 3667 millia
1062 3604 1340 3665 hominum
1368 3605 1422 3665 in
1448 3622 1513 3663 eo
1545 3606 1844 3665 certamine
1866 3606 2132 3664 cecidisse

543 3710 933 3759 memorantur.

612 3794 775 3853 Multa
806 3811 950 3854 anno
979 3795 1130 3866 signa
1164 3794 1482 3867 procedunt.
1515 3792 1713 3865 Quinto
1739 3793 1849 3850 kal.
1882 3792 2131 3854 Octobris

542 3902 571 3941 a
602 3896 755 3957 parte
800 3888 1038 3944 Orientis
1070 3888 1193 3943 luna
1234 3884 1495 3944 fuscatur.
1547 3885 1606 3943 In
1635 3884 1826 3945 diebus
1855 3890 2130 3961 sequentis

543 3980 755 4050 pascha
783 3982 895 4037 visa
920 3982 1162 4051 quaedam
1190 3981 1242 4037 in
1281 3981 1422 4038 coelo
1454 3980 1763 4054 regionibus
1810 3979 2127 4052 Galliarum,

540 4072 770 4143 epistola
798 4073 866 4129 de
897 4073 978 4128 his
1005 4072 1246 4129 Eufronii
1275 4073 1774 4145 Augustodunensis
1794 4075 2033 4148 episcopi
2062 4077 2130 4134 ad

539 4163 895 4237 Agrippinum
925 4164 1178 4221 comitem
1209 4161 1348 4221 facta
1376 4167 1651 4223 evidenter
1681 4158 1934 4223 ostendit.
1963 4167 2127 4227 Stella

538 4263 777 4311 cometes
806 4271 837 4311 a
866 4255 1077 4312 decimo
1119 4266 1311 4326 quarto
1353 4252 1468 4312 kal.
1504 4254 1673 4314 Julius
1700 4274 1963 4329 apparere
1995 4261 2129 4317 inci-

540 4350 637 4419 pit,
667 4365 785 4420 quae
814 4366 873 4409 III
896 4349 1007 4409 Ital.
1033 4350 1272 4409 diluculo
1294 4351 1361 4409 ab
1389 4344 1612 4407 Oriente
1634 4350 1767 4419 visa,
1797 4364 1922 4424 post
1966 4370 2126 4412 occa-

534 4456 661 4498 sum
689 4442 820 4499 solis
865 4443 933 4498 ab
962 4442 1183 4499 occidua
1217 4453 1367 4513 parte
1407 4459 1533 4498 mox
1561 4442 1820 4500 cernitur.
1867 4444 2126 4504 [alendis

493 4587 499 4593 .
536 4534 760 4606 Augusti
782 4549 812 4591 a
846 4541 996 4605 parte
1021 4533 1313 4592 occidentis
1342 4545 1588 4607 apparet.

604 4624 797 4681 Occiso
827 4624 1113 4681 Theodore
1139 4625 1425 4684 'I‘ltorismo
1459 4624 1598 4683 illius
1626 4626 1744 4698 ejus
1783 4624 2025 4688 succedit
2068 4631 2122 4687 in

534 4732 721 4790 regno.

606 4809 785 4868 Hunni
838 4826 962 4870 cum
1009 4826 1136 4883 rege
1190 4826 1289 4871 suo
1323 4814 1503 4883 Attila,
1536 4812 1738 4872 relictis
1767 4814 1955 4873 Galliis
2005 4826 2127 4890 post

530 4911 828 4975 certamen,
856 4903 1065 4964 Italiam
1098 4916 1301 4974 petunt.

603 4995 796 5055 XXIX.
816 4996 970 5069 (Em.
989 5000 1336 5071 IICCCGLXI.)
1361 5000 1609 5059 Secundo
1631 5000 1777 5073 regni
1801 5018 1944 5057 anno
1973 5003 2121 5073 prin-

533 5090 667 5160 cipis
693 5091 969 5155 Marciani,
1002 5091 1175 5146 Hunni
1211 5094 1300 5161 qui
1342 5093 1547 5148 Italiam
1580 5095 1979 5165 praedabantur,
2023 5099 2121 5154 ali—

528 5186 740 5255 quantis
767 5185 931 5244 etiam
960 5185 1275 5243 civitatibus
1318 5185 1563 5257 irruptis,
1608 5187 1867 5245 divinitus
1922 5191 2116 5261 partim

531 5274 692 5343 fame,
725 5280 920 5349 partim
974 5280 1167 5337 morbo
1197 5280 1429 5353 quodam
1463 5282 1631 5353 plagis
1680 5283 1997 5341 coelestibus
2036 5286 2115 5341 fe-

529 5367 740 5426 riuntur
762 5387 776 5423 :
801 5373 979 5430 missis
995 5372 1155 5430 etiam
1179 5385 1274 5444 per
1296 5372 1623 5432 Marcianum
1651 5374 1943 5445 principem
1963 5378 2118 5435 Aetio

528 5460 667 5517 duce
690 5459 970 5515 caduntur
1000 5464 1243 5533 auxiliis;
1271 5465 1578 5536 pariterque
1605 5465 1656 5522 in
1681 5466 1901 5523 sedibus
1926 5469 2039 5525 suis
2063 5480 2118 5527 et

525 5551 839 5613 omlestibtts
863 5554 1059 5627 plagis,
1087 5565 1141 5613 et
1172 5571 1267 5629 per
1306 5556 1562 5613 Marciani
1610 5556 1932 5631 subiguntur
1962 5577 2115 5618 exer-

523 5648 691 5702 citum
724 5664 739 5701 :
769 5654 826 5703 et
850 5647 923 5701 ita
951 5646 1179 5716 subacti,
1209 5663 1343 5720 pace
1372 5649 1509 5705 facta
1543 5664 1664 5708 cum
1705 5648 1963 5709 Romanis
1989 5669 2112 5725 pro-

2239 3420 2399 3476 veilet
2432 3426 2485 3475 et
2520 3420 2765 3487 Romam,
2810 3422 2901 3476 vix
2952 3429 3184 3492 quatuor
3229 3418 3377 3489 regni
3417 3418 3498 3473 sui
3549 3418 3829 3473 mensibus

2235 3515 2483 3586 expietis,
2519 3515 2573 3570 in
2599 3516 2715 3587 ipsa
2743 3516 2876 3571 urbe
2904 3516 3132 3571 tumultu
3166 3509 3343 3585 papull
3365 3521 3421 3569 et
3444 3508 3712 3568 seditione
3739 3526 3829 3569 oc-

2236 3602 2436 3661 ciditur
2466 3604 2705 3662 militari.

2308 3698 2429 3767 ipso
2456 3714 2596 3753 anno
2626 3699 2677 3753 in
2700 3692 2891 3755 Galliis
2906 3696 3093 3754 Avitus
3114 3694 3298 3756 Gallus
3319 3697 3458 3753 civis
3485 3692 3554 3752 ab
3574 3695 3821 3753 exercitu

2235 3784 2509 3845 Gallicano
2538 3799 2593 3845 et
2632 3788 2700 3845 ab
2730 3790 3031 3859 benoratis,
3086 3790 3318 3861 primum
3354 3784 3592 3853 Tolosae,
3630 3787 3826 3844 dehinc

2233 3882 2371 3953 apud
2402 3880 2680 3938 Arelatum
2725 3880 2993 3954 Augustus
3023 3880 3346 3957 appellatus,
3391 3876 3621 3938 Romam
3652 3880 3823 3953 pergit

2234 3982 2289 4030 et
2312 3972 2622 4045 suscipitur.

2306 4066 2484 4139 Usque
2496 4069 2562 4124 ad
2577 4063 3008 4123 Valentinianum
3034 4064 3322 4123 Theodosii
3342 4064 3625 4138 generatio
3644 4066 3823 4122 tenuit

2232 4162 2618 4234 principatum.

2302 4252 2666 4309 Romanorum
2699 4248 2884 4319 XLIII,
2927 4250 3238 4310 Mucianus
3282 4262 3474 4325 quarto
3507 4252 3620 4324 iam
3664 4253 3822 4325 regni

2230 4343 2313 4399 sui
2346 4356 2490 4398 anno
2519 4342 2727 4399 obtinet
2746 4342 3138 4399 monarclriam.

2301 4437 2342 4492 I.
2371 4436 2607 4509 (Olymp.
2635 4436 2832 4501 cccnt.)
2865 4434 2968 4491 Per
3006 4438 3238 4501 Avitum,
3275 4437 3365 4506 qui
3412 4450 3442 4491 a
3471 4435 3729 4493 Romanis
3759 4444 3823 4493 et

2230 4537 2485 4588 evocatus
2539 4536 2592 4584 et
2643 4536 2929 4599 susceptus
2978 4526 3151 4584 fuerat
3196 4528 3514 4599 imperator,
3545 4526 3709 4599 legati
3751 4527 3821 4585 ad

2229 4622 2557 4679 Marcianum
2586 4635 2685 4691 pro
2714 4621 3067 4677 unanimitate
3092 4620 3379 4676 mittuntur
3403 4621 3639 4691 Imperii.

2148 4704 2206 4768 D
2300 4714 2610 4772 Gaiscricus
2665 4714 2980 4770 sollicitatus
3028 4724 3057 4767 a
3106 4712 3291 4769 relicta
3334 4710 3712 4779 Valentiniani,
3761 4721 3821 4769 ut

2229 4809 2429 4864 malum
2466 4808 2604 4862 fama
2644 4808 2923 4878 dispergit,
2966 4808 3117 4877 prius
3153 4816 3314 4877 quam
3352 4804 3544 4861 Avitus
3564 4814 3819 4875 angustus

2230 4900 2403 4963 fieret,
2438 4900 2660 4955 Romam
2690 4898 3005 4971 ingreditur,
3039 4898 3370 4968 direptisque
3398 4897 3594 4966 opibus
3619 4894 3819 4951 Roma-

2229 5009 2420 5049 norum
2472 4992 2846 5063 Carthaginem
2876 4989 3042 5058 redit,
3083 4991 3328 5047 relictam
3356 4988 3727 5046 Valentiniani
3765 4995 3819 5044 et

2225 5084 2362 5140 iiiias
2384 5084 2536 5154 duas,
2556 5094 2607 5140 et
2634 5083 2774 5141 Aetii
2791 5082 2955 5174 tilium
2979 5076 3334 5140 Gaudentium
3361 5082 3598 5148 nomine,
3630 5090 3817 5137 secum

2223 5177 2457 5330 (1υὲῖέῗὶ
2480 5268 2959 5343 Carthaginienses
2984 5268 3231 5339 regiunes
3258 5281 3389 5339 quas
3409 5264 3672 5323 Romanis
3688 5265 3817 5324 red—

2222 5366 2489 5433 diderant,
2519 5365 2919 5437 depraedantur.

2293 5458 2592 5516 Marcianus
2622 5468 2675 5516 et
2704 5458 2897 5513 Avitus
2920 5450 3222 5513 concordes
3248 5453 3554 5527 principatu
3578 5450 3810 5508 Romani

2221 5562 2444 5609 Utuntur
2473 5550 2704 5624 imperii.

2288 5642 2390 5703 Per
2420 5655 2699 5717 augustum
2733 5643 2951 5700 Avitum
2983 5634 3186 5697 Fronto
3225 5648 3408 5697 cernes
3448 5636 3661 5710 legatus
3684 5639 3811 5693 mit~

524 5740 670 5811 prias
717 5738 955 5799 universi
997 5748 1247 5811 repetunt
1291 5741 1469 5811 sedes,
1503 5742 1570 5801 ad
1616 5757 1749 5817 quas
1800 5759 1896 5802 rex
1924 5760 2111 5801 eorum
2217 5744 2345 5797 titur
2369 5738 2436 5795 ad
2468 5739 2692 5796 Suevos.
2721 5735 2984 5796 Similiter
3011 5744 3066 5793 et
3087 5748 3114 5789 a
3143 5748 3273 5805 rege
3299 5730 3599 5789 Gothorum
3625 5728 3811 5785 Theu-

525 5834 690 5891 Attila
716 5847 842 5892 mox
869 5847 1127 5891 reversus
1154 5833 1379 5893 interiit.

2217 5832 2433 5900 dorico;
2465 5835 2588 5905 quia
2623 5833 2758 5889 fidus
2788 5834 3033 5889 itomano
3062 5838 3211 5886 esset
3250 5826 3497 5901 imperio,
3545 5825 3712 5897 legati
3742 5823 3808 5883 ad

596 5923 680 5979 Ad
727 5924 931 5984 Suevos
981 5926 1292 5985 Mansuetus
1347 5941 1530 5985 comes
1583 5928 1997 6002 Hispaniarum,
2052 5940 2107 5989 et
2214 5927 2435 5987 eosdem
2457 5928 2765 5995 mittuntur,
2790 5934 2850 5985 ut
2879 5934 2988 5985 tam
3009 5937 3194 5987 secum
3222 5934 3529 5997 quamcum
3558 5916 3809 5976 Romane
