4052 6338
440 338 547 398 887

1434 324 1644 384 IDATII
1684 320 1981 381 EPISCOI’I
2021 318 2636 381 AOUJZFLAVIENSIS

3612 321 3719 384 888

437 465 617 527 partes
640 468 759 511 cum
792 452 1021 517 Maldra,
1052 447 1140 503 alii
1161 462 1283 503 cum
1314 442 1687 501 Rechimundo
1708 439 2014 497 Gallaeciam
2046 440 2100 498 Α
2195 438 2562 494 Romanorum
2600 436 2765 505 XLV,
2796 436 3044 494 Ssvsnus
3073 451 3104 493 a
3133 445 3325 495 senatu
3379 438 3575 499 Reme
3621 458 3717 500 au-

438 548 833 618 deprmdantur.

506 641 657 697 Eruli
690 639 963 695 maritima
991 644 1290 692 conventus
1316 632 1580 689 Lucensis
1611 630 1728 685 loca
1758 625 2022 682 nonnulla

436 736 815 793 crudelissime
852 733 1108 789 invadunt
1136 731 1201 786 ad
1228 730 1477 785 Baeticam
1509 723 1912 796 pertendentes.

508 830 741 886 Maldras
762 843 1073 900 germanum
1100 841 1251 881 suum
1276 824 1499 878 fratrem
1524 819 1800 882 lnterficit,
1816 824 1869 871 et
1892 814 2025 870 Por—

438 924 614 979 tucale
642 932 874 977 castrum
907 920 1047 975 idem
1076 918 1244 973 hostis
1274 914 1490 971 invadit.

510 1016 657 1071 Inter
688 1015 893 1072 Suevos
922 1022 977 1067 et
1004 1011 1267 1068 Gallzncos
1291 1004 1588 1064 interfectis
1618 1000 1909 1072 aliquantis
1931 999 2027 1053 ho-

436 1110 607 1164 uestis
638 1119 788 1170 natu,
820 1106 1017 1160 malum
1050 1104 1246 1158 hostile
1274 1100 1551 1156 miscetur.

510 1201 692 1270 Legati
726 1215 754 1253 a
800 1199 1097 1268 Nepotiane
1128 1196 1387 1264 magistro
1434 1191 1660 1255 militiae,
1692 1196 1745 1243 et
1773 1202 1802 1241 a
1831 1184 2024 1242 Sunie-

442 1293 555 1346 rice
586 1292 784 1346 comite
815 1292 964 1345 missi
1011 1290 1236 1344 veniunt
1264 1286 1329 1340 ad
1361 1285 1662 1347 Gallmcios,
1719 1281 2027 1335 nuntiantes

442 1386 792 1456 Maiorianum
822 1393 1102 1454 augustum
1130 1392 1181 1436 et
1203 1378 1597 1434 'I‘heudoricum
1624 1388 1803 1443 regem
1828 1373 2026 1426 ﬁrmis-

440 1478 575 1533 sima
608 1478 748 1532 inter
776 1492 834 1531 se
866 1475 1010 1545 pacis
1036 1475 1157 1543 jura
1187 1472 1453 1537 sanxisse,
1494 1467 1682 1524 Gothis
1710 1466 1763 1519 in
1792 1462 2025 1535 quodam

441 1571 738 1625 certamine
767 1566 1054 1636 superatis.

513 1661 603 1715 IV.
641 1659 795 1729 (Eur.
828 1655 1235 1723 ulccccuxxx.)
1284 1654 1517 1709 Maldras
1564 1652 1619 1706 in
1661 1650 1770 1705 fine
1824 1645 2027 1702 mensis

443 1750 726 1803 Februarii
754 1749 1028 1818 jugulatus
1060 1746 1253 1801 merito
1283 1744 1423 1814 perit
1454 1743 1698 1798 interitu.

2128 540 2319 600 gustus
2344 531 2815 601 appellatur'anno
2845 530 3060 600 imperii
3089 528 3291 587 Leonis
3328 533 3546 603 quinto.

2125 636 2137 683 t
2194 626 2282 680 Vl.
2315 624 2598 699 I.(0lgmp.
2630 625 2833 696 cccxr.)
2861 623 3181 680 Suniericus
3226 623 3371 680 redit
3398 624 3468 680 ad
3494 625 3717 686 Gallias.

2127 719 2457 789 Nepotianus
2482 718 2824 775 Theudorice
2863 717 3150 776 ordinante
3187 718 3485 777 Arborium
3524 722 3721 793 accipit

2128 825 2520 867 successorem.

2200 904 2255 957 In
2289 901 2561 972 provincia
2590 902 2840 959 Gallazcia
2871 901 3240 974 prodigiorum
3266 903 3531 961 videntur
3570 906 3720 977 signa

2129 998 2361 1054 diversa.
2395 997 2526 1053 Era
2556 1014 2612 1067 υ,
2642 1013 2695 1053 v1
2726 1012 2893 1053 nonas
2952 997 3169 1053 Martias
3209 998 3484 1068 pullorum
3533 1007 3715 1064 cantu,

2129 1091 2198 1146 ab
2227 1104 2421 1146 occasu
2454 1091 2585 1145 solis
2613 1082 2736 1144 luna
2757 1090 2809 1144 in
2836 1090 3153 1161 sanguinem
3178 1089 3337 1161 plena
3363 1090 3719 1146 convertitur.

2135 1182 2282 1238 Idem
2312 1182 2427 1236 dies
2448 1192 2597 1237 sexta
2629 1181 2764 1236 feria
2795 1181 2913 1235 fuit.

2201 1272 2483 1327 Antiochia
2514 1272 2686 1342 major
2728 1270 2951 1328 Isauriae
3003 1268 3213 1344 [Forte,
3246 1271 3470 1341 majoris
3510 1270 3719 1343 Syria]

2131 1365 2447 1421 inobediens
2477 1366 2695 1420 monitis
2725 1364 3074 1429 salutaribus,
3110 1374 3252 1420 terra
3281 1364 3607 1422 dehiscente
3635 1365 3723 1422 de-

2132 1458 2414 1527 mergitur,
2448 1466 2655 1513 tantum
2686 1458 2857 1530 ipsius
2876 1458 3113 1513 civitatis
3150 1457 3446 1530 aliquantis
3477 1459 3571 1529 qui
3599 1472 3720 1514 eum

2133 1552 2487 1608 obaudientes
2518 1552 2695 1606 timori
2726 1552 2938 1606 Domini
2994 1560 3121 1606 sunt
3148 1552 3343 1617 secuti,
3384 1551 3455 1607 de
3496 1553 3718 1608 interitu

2133 1642 2395 1711 liberatis,
2425 1644 2653 1699 turrium
2691 1645 2853 1699 etiam
2885 1642 3019 1699 solis
3061 1644 3435 1700 cacuminibus
3464 1646 3723 1701 exstanti-

2133 1743 2239 1799 bus
2269 1759 2429 1813 super
2459 1752 2674 1798 terram.

515 1842 619 1896 Per
668 1843 877 1896 Suevos
921 1841 1071 1895 Luco
1122 1839 1449 1904 habitantes,
1485 1838 1538 1891 in
1570 1836 1763 1892 diebus
1792 1834 2027 1905 paschae,
2061 1818 2110 1878 Β
2209 1836 2516 1892 Gaisericus
2543 1834 2904 1890 Valentiniani
2931 1833 3171 1890 relictam
3199 1833 3723 1904 Constantinopolim

444 1934 672 1989 Romani
704 1934 965 2003 aliquanti
997 1949 1121 1988 cum
1154 1941 1368 1988 rectore
1396 1947 1497 1987 suo
1529 1932 1758 1985 honeste
1789 1938 1915 1982 natu
1949 1943 2034 1982 re-

443 2026 668 2096 pentino
694 2025 871 2081 securi
903 2025 970 2079 de
998 2026 1305 2080 reverentia
1335 2024 1547 2078 dierum
1594 2021 1916 2077 occiduntur
1947 2022 2032 2074 in-

442 2133 627 2172 CIII‘SU.

517 2210 704 2265 Mense
735 2210 875 2264 Maio
926 2208 1250 2277 Majerianus
1283 2206 1571 2275 Ilispanias
1604 2202 1904 2275 ingreditur
1935 2202 2036 2257 im—

445 2307 665 2369 perator
698 2316 712 2353 :
746 2314 854 2368 quo
886 2299 1391 2368 Carthaginiensem
1443 2295 1774 2367 provinciam
1818 2303 2036 2364 perlenc

446 2392 630 2457 dente,
688 2391 992 2459 aliquantas
1022 2406 1183 2445 naves
1216 2406 1349 2459 quas
1380 2391 1479 2445 sibi
1512 2389 1577 2442 ad
1623 2388 1907 2443 transitum
1939 2385 2037 2440 ad-

446 2498 665 2539 versum
702 2483 990 2537 Wandales
1022 2483 1379 2550 prmparabat,
1427 2481 1493 2536 de
1524 2479 1707 2534 littore
1752 2477 2035 2546 Carthagi-

446 2576 622 2628 nicnsi
654 2575 969 2629 commoniti
999 2573 1249 2628 Wandali
1283 2589 1379 2645 per
1407 2572 1717 2643 proditores
1739 2571 2034 2639 abripiunt.

448 2667 773 2736 Majorianus
803 2667 875 2720 ita
906 2681 1001 2721 sua
1033 2665 1378 2722 ordinatione
1407 2664 1702 2720 frustratus
1731 2662 1799 2717 ad
1828 2661 2032 2716 Italiam

448 2760 759 2814 revertitur.

521 2852 655 2906 Pars
684 2850 902 2906 Gothici
934 2850 1206 2904 exercitus
1236 2864 1266 2904 a
1296 2849 1581 2905 Suuierico
1626 2856 1680 2903 et
1724 2847 2034 2916 Nepotiane

448 2941 743 2997 comitibus
771 2942 838 2997 ad
882 2941 1194 2998 Gallaeciam
1231 2942 1456 3006 directa,
1496 2941 1703 2997 Suevos
1743 2938 1886 3009 apud
1933 2940 2038 2994 Lu-

450 3048 572 3089 cum
602 3034 988 3104 depraedantur
1020 3052 1034 3087 :
1068 3050 1186 3104 qua:
1224 3034 1456 3088 Dictinio
1488 3033 1615 3105 [Μδ.
1648 3034 1855 3090 Suevos
1899 3032 2037 3102 apud

450 3126 657 3182 Lucum
689 3128 1035 3197 deprmdatur
1067 3127 1394 3192 habitantes,
1436 3142 1556 3197 qum
1589 3127 1864 3198 Dictinio],
1918 3127 2039 3196 Spi-

2138 1928 2389 1983 remittit.
2421 1927 2573 1983 Filia:
2605 1928 2797 1995 ipsius,
2859 1941 2962 1981 una
2993 1926 3225 1983 Gentoni
3274 1924 3537 1981 Gaiserici
3594 1926 3723 1992 filio,

2138 2024 2238 2078 alia
2271 2023 2494 2095 Olybrio
2525 2021 2762 2078 senatori
2794 2021 2945 2077 urbis
2987 2020 3177 2076 Romae
3226 2020 3347 2090 iure
3391 2021 3723 2077 matrimonii

2137 2116 2479 2186 copulantur.

2209 2206 2536 2277 Agrippinus
2565 2206 2751 2261 Gallus
2779 2213 2835 2261 et
2863 2220 3048 2262 comes
3103 2214 3158 2261 et
3198 2206 3355 2272 civis,
3387 2205 3613 2278 Egidio
3638 2221 3728 2263 co-

2140 2299 2255 2354 tniti
2285 2298 2401 2353 viro
2433 2298 2628 2368 insigni
2661 2298 2942 2365 inimicus,
2990 2307 3048 2351 ut
3079 2296 3379 2353 Gothorum
3426 2306 3725 2354 mereretur

2138 2392 2360 2458 auxilia,
2393 2390 2697 2445 Narbonam
2731 2390 2951 2445 tradidit
2971 2389 3332 2446 Theudorico.

2210 2486 2485 2541 Adversus
2532 2484 2807 2553 IEgidium
2866 2485 3118 2540 comitem
3173 2484 3459 2555 utriusque
3498 2482 3727 2551 militiae,

2141 2579 2349 2645 virum,
2388 2586 2449 2633 ut
2498 2577 2638 2631 fama
2678 2576 3051 2642 commendat,
3109 2576 3222 2632 Deo
3276 2576 3435 2633 bonis
3476 2575 3730 2645 operibus

2141 2664 2588 2742 complacentem,
2621 2670 2675 2725 in
2729 2670 3083 2725 Armoricana
3114 2669 3390 2739 provincia
3437 2668 3730 2724 Fretiricus

2141 2764 2305 2817 frater
2343 2762 2670 2818 Theuderici
2697 2761 2839 2831 regis
2866 2762 3170 2831 insurgens,
3201 2775 3326 2817 cum
3359 2760 3444 2815 his
3469 2776 3592 2816 cum
3614 2761 3731 2833 qui-

2139 2854 2241 2909 bus
2269 2853 2468 2921 fuerat,
2497 2862 2783 2922 superatus
2812 2852 3100 2909 occiditur.

2211 2943 2347 2999 Cum
2378 2945 2661 3014 Palegorio
2687 2945 2807 2999 viro
2832 2943 3000 2999 nobili
3028 2942 3317 3009 Callaeciae,
3347 2943 3439 3014 qui
3468 2942 3537 2998 ad
3563 2957 3724 3014 supra

2142 3037 2343 3093 dictum
2375 3037 2549 3092 fuerat
2600 3050 2780 3105 regem
2810 3033 2990 3103 Cyrila
3020 3035 3255 3104 legatus,
3306 3034 3374 3089 ad
3414 3034 3727 3091 Gallzciam

2144 3131 2390 3197 veniens,
2422 3139 2614 3186 euntes
2644 3129 2710 3184 ad
2760 3128 3011 3184 eumdem
3050 3143 3239 3197 regem
3287 3127 3495 3199 legatos
3547 3127 3731 3183 obviat

452 3219 617 3275 nione
664 3228 721 3272 et
769 3218 1004 3273 Ascanio
1045 3218 1411 3282 delatoribus,
1457 3219 1941 3287 spargenlibusque
1970 3219 2034 3274 ad
2064 3201 2110 3263 Ο
2146 3221 2505 3277 Rechimundi
2544 3221 2681 3291 :qui
2711 3221 2945 3291 regressi
2988 3219 3044 3275 in
3098 3219 3304 3289 celeri,
3357 3228 3729 3277 revertentem

455 3317 719 3364 terrorem
754 3310 985 3379 propria:
1016 3323 1223 3365 venena
1256 3310 1521 3381 perfidiae,
1549 3310 1781 3365 indicata
1806 3312 2039 3367 recurrit

452 3402 521 3457 ad
550 3417 678 3457 suos
709 3422 721 3455 :
756 3418 821 3457 ac
854 3418 981 3457 mox
1031 3402 1226 3459 iisdem
1259 3402 1593 3458 delatoribus
1625 3404 1817 3471 quibus
1848 3419 2032 3473 supra,

453 3493 771 3549 Frumarius
799 3508 920 3550 cum
953 3509 1114 3550 manu
1156 3494 1458 3550 Suevorum
1490 3508 1646 3564 quam
1673 3494 1907 3559 habebat
1937 3496 2037 3550 im-

454 3587 662 3656 pulsus,
694 3597 853 3657 capte
884 3586 1054 3641 Idatio
1106 3587 1364 3656 episcopo
1415 3588 1647 3654 septimo
1678 3586 1898 3643 kalend.
1932 3589 2041 3643 Au-

455 3680 593 3751 gusti
626 3680 679 3733 in
709 3678 1125 3748 Aquwﬂaviensi
1155 3679 1405 3745 ecclesia,
1441 3678 1689 3733 eumdem
1714 3691 2039 3736 conventum

456 3771 643 3843 grandi
677 3771 873 3826 evertit
901 3770 1131 3824 excidio.

528 3863 933 3920 Rechimundus
957 3866 1129 3920 vicina
1147 3864 1245 3920 sibi
1268 3866 1468 3934 pariter
1482 3864 1872 3936 Auregensium
1896 3866 2037 3932 loca,

459 3968 514 4015 et
544 3958 800 4013 Lucensis
822 3965 1119 4012 conventus
1148 3956 1414 4010 maritima
1446 3957 1752 4025 populatur.

532 4052 674 4103 Inter
692 4051 1031 4103 Frumarium
1062 4058 1116 4103 et
1147 4048 1575 4103 Rechimundum
1598 4050 1771 4104 oritur
1796 4049 1865 4104 de
1892 4052 2041 4121 regni

461 4152 728 4216 potestate
758 4142 1045 4197 dissensio.

531 4236 910 4291 Gallteciorum
940 4242 997 4288 et
1024 4233 1325 4289 Suevorum
1358 4233 1505 4301 pacis
1549 4233 1799 4303 quaedam
1853 4235 2043 4291 umbra

462 4326 784 4383 conseritur.

533 4422 579 4475 A
610 4419 948 4476 'I‘heudorico
979 4417 1140 4489 legati
1169 4418 1235 4473 ad
1276 4417 1483 4474 Suevos
1515 4419 1736 4475 veniunt
1781 4430 1835 4477 et
1865 4435 2042 4477 recur-

461 4523 608 4570 runt.

2142 3313 2376 3385 Cyrilam
2404 3314 2457 3368 in
2484 3311 2715 3368 Lucensi
2744 3312 2875 3370 urbe
2902 3310 3229 3381 suscipiunt.
3260 3310 3382 3368 Post
3416 3309 3575 3381 cujus
3602 3327 3733 3367 mox

2142 3418 2419 3474 egressum
2451 3403 2517 3458 de
2549 3403 2823 3471 Gallaecia,
2857 3402 3018 3459 Suevi
3052 3402 3469 3472 promissionum
3498 3417 3728 3458 suarum

2143 3504 2202 3549 ut
2231 3511 2445 3565 semper
2472 3494 2697 3551 fallaces
2725 3503 2782 3551 et
2810 3494 3025 3565 perfidi,
3062 3493 3278 3551 diversa
3340 3494 3459 3550 loca
3493 3493 3731 3551 infelicis

2144 3584 2412 3641 Gallzeciac
2440 3587 2601 3641 solito
2630 3586 3035 3656 depraedantur.

2216 3678 2322 3732 Per
2349 3678 2746 3734 Theodericum
2774 3677 2841 3732 ad
2868 3678 3073 3734 Suevos
3094 3675 3515 3733 Remismundus
3544 3685 3599 3731 et
3626 3674 3730 3747 οι.

2146 3770 2243 3826 rila
2266 3787 2387 3827 cum
2413 3772 2700 3842 aliquantis
2726 3773 2918 3828 Gothis
2938 3772 3025 3842 qui
3059 3774 3204 3841 prius
3230 3779 3517 3836 venerant,
3546 3772 3733 3829 remit-

2147 3871 2352 3919 tuntur.
2380 3864 2561 3936 Cyrila
2592 3865 2645 3918 in
2674 3864 2930 3921 Gallmcia
2960 3872 3299 3929 remanente,
3331 3861 3729 3919 Remismundo

2146 3971 2269 4012 mox
2303 3965 2618 4046 recurrentc
2646 3957 2714 4012 ad
2738 3972 2942 4027 regem,
2975 3958 3121 4012 inter
3144 3954 3409 4013 Galltecos
3436 3964 3494 4011 et
3522 3954 3733 4012 Suevos

2147 4046 2543 4117 indisciplinata
2572 4046 2909 4117 perturbatio
2943 4047 3275 4102 dominatur.

2217 4139 2475 4194 Romana:
2506 4139 2761 4196 Ecclesia:
2790 4137 2952 4194 XLIV
2974 4137 3104 4212 [‘Ms.
3133 4137 3320 4209 XLIII]
3350 4137 3607 4210 praesidet
3624 4137 3735 4209 epi-

2147 4249 2343 4305 scepus
2375 4238 2633 4294 HILAIIUS.

2220 4328 2330 4383 VII.
2359 4328 2426 4385 ll.
2455 4330 2785 4400 Nepotianus
2816 4329 3021 4385 recedit
3046 4344 3078 4385 e
3116 4343 3371 4400 corpore.

2219 4420 2499 4474 Frutnario
2525 4429 2757 4484 mortuo,
2789 4419 3197 4477 Rechimundus
3235 4420 3489 4477 omnibus
3538 4420 3733 4478 Suevis

2148 4520 2375 4570 insuam
2407 4514 2663 4569 ditionem
2690 4515 2855 4584 regali
2884 4515 3005 4585 jure
3026 4516 3316 4582 revocatis,
3338 4529 3529 4585 pacem
3554 4512 3732 4570 refor-

531 4607 846 4665 Suniericus
901 4605 1190 4661 Scallabim
1241 4608 1323 4660 cui
1367 4606 1779 4673 adversabatur,
1835 4610 2042 4665 obtinet
2072 4577 2123 4636 D
2153 4616 2261 4661 mat
2285 4608 2543 4675 elapsam.

460 4698 755 4755 civitatem.

533 4790 729 4845 Idalius
756 4788 845 4859 qui
876 4804 1059 4856 supra,
1094 4789 1264 4843 tribus
1286 4790 1566 4845 mensibus
1594 4790 1925 4860 captivitatis
1948 4790 2045 4847 im~

460 4882 642 4954 pletis,
660 4898 848 4938 mense
870 4883 1185 4951 Novembri,
1202 4884 1509 4939 miserantis
1529 4884 1619 4937 Dei
1643 4886 1837 4954 gratia,
1854 4896 2041 4941 contra

460 4985 645 5029 vowm
676 4983 733 5028 et
788 4974 1179 5029 ordinationem
1212 4990 1373 5044 supra
1419 4974 1687 5029 dictorum
1738 4977 2038 5033 delatorum

461 5066 607 5122 redit
634 5066 701 5120 ad
733 5065 965 5121 Flavias.

531 5158 609 5215 De
634 5173 762 5229 rege
797 5157 1137 5215 Theudorico
1178 5161 1340 5232 legati
1371 5162 1548 5231 gentis
1594 5162 1811 5231 perfidae
1858 5176 2041 5218 rever-

461 5258 667 5305 IIIIIIIII‘.

534 5339 841 5397 Gaisericus
870 5356 963 5397 rex
984 5356 1014 5396 a
1036 5342 1331 5412 Majeriano
1358 5345 1689 5413 imperatore
1716 5359 1810 5414 per
1839 5346 2043 5415 legatos

461 5432 699 5502 postulat
726 5446 935 5501 pacem.

537 5522 601 5574 ν.
634 5522 988 5593 Majoriauum
1018 5524 1085 5581 de
1115 5524 1305 5582 Galliis
1339 5527 1560 5582 Romam
1601 5527 1942 5596 redeuntem,
1990 5542 2044 5589 et

463 5614 708 5670 Remane
765 5616 995 5685 imperio
1025 5618 1107 5671 vel
1140 5619 1340 5673 nomini
1395 5635 1484 5674 res
1516 5621 1848 5677 necessarias
1893 5624 2041 5678 ordi-

463 5718 706 5775 nantem,
739 5710 1024 5766 Rechimer
1056 5711 1226 5767 livore
1257 5715 1493 5782 percitus
1509 5724 1563 5770 et
1584 5716 1882 5772 invidorum
1914 5732 2043 5775 con-

468 5798 590 5852 silio
621 5800 805 5867 fultus,
840 5803 1029 5862 fraude
1062 5805 1315 5862 interficit
1336 5807 1786 5866 circumventum.

2222 4697 2405 4751 Mense
2444 4696 2583 4752 Maio
2629 4712 2791 4766 supra
2838 4696 2965 4753 dicti
3017 4698 3116 4752 viri
3168 4697 3371 4779 Egidii
3416 4698 3582 4769 legati
3634 4712 3732 4769 per

2151 4788 2422 4844 Oceanum
2451 4789 2521 4843 ad
2554 4789 2824 4845 Vandalos
2875 4799 3176 4858 transeunt,
3204 4791 3297 4861 qui
3337 4790 3528 4847 eodem
3570 4805 3734 4847 cursu

2154 4882 2458 4953 Septembri
2490 4897 2677 4938 mense
2702 4893 3046 4939 revertuntur
3075 4883 3141 4939 ad
3186 4899 3336 4940 suos.

2223 4974 2446 5030 Decimo
2482 4975 2641 5030 tertio
2673 4973 2889 5030 kalend.
2918 4976 3142 5047 Augusti
3174 4975 3285 5046 die,
3308 4976 3546 5033 secunda
3577 4975 3731 5041 feria,

2151 5069 2206 5124 in
2236 5070 2473 5140 speciem
2503 5069 2641 5125 luna:
2670 5067 2870 5139 quintae
2898 5070 2979 5124 sol
3021 5069 3090 5125 de
3119 5069 3321 5125 lumine
3356 5084 3458 5125 suo
3482 5068 3551 5124 ab
3601 5068 3730 5125 hora

2153 5162 2308 5218 tertia
2341 5162 2393 5216 in
2424 5162 2611 5216 heram
2637 5170 2843 5216 sextam
2866 5158 3105 5217 cernitur
3127 5161 3450 5217 minoratus.

2222 5254 2451 5325 Legatos
2468 5252 2892 5310 Remismundus
2910 5252 3078 5308 mittit
3098 5252 3165 5307 ad
3191 5251 3617 5317 Theodericum;
3642 5251 3730 5322 qui

2150 5348 2405 5405 similiter
2427 5362 2553 5403 suos
2581 5347 2649 5402 ad
2704 5346 3145 5403 Remismundum
3176 5344 3426 5411 remittit,
3483 5360 3605 5400 cum
3644 5360 3729 5400 ar-

2152 5455 2363 5497 morum
2395 5438 2701 5509 adjectione
2730 5438 2817 5494 vel
2848 5452 3153 5504 munerum,
3185 5438 3390 5493 directa
3423 5444 3479 5492 et
3504 5435 3729 5506 conjuge

2153 5549 2311 5606 quam
2342 5532 2585 5588 haberet.

2221 5626 2445 5682 Vandali
2479 5641 2575 5698 per
2598 5625 2967 5682 Marcellinum
2991 5625 3043 5680 in
3070 5622 3247 5680 Sicilia
3276 5621 3405 5679 caesi
3436 5619 3730 5691 eil‘ugantur

2150 5736 2216 5777 ει
2246 5735 2329 5775 ea.

2220 5810 2471 5882 Egidius
2500 5813 2747 5883 moritur,
2802 5811 2888 5869 alii
2917 5811 3099 5868 dicunt
3128 5807 3359 5876 insidiis,
3393 5806 3483 5864 alii
3520 5819 3729 5862 veneno
