4052 6338
184 387 279 448 889

1599 367 1686 426 Cll
1695 366 1987 426 RONICON
1998 410 2010 425 .

3336 370 3442 426 890

187 504 440 570 deceptus.
462 495 584 565 Quo
606 493 922 559 desistente,
953 504 1077 546 mox
1109 487 1270 546 Gothi
1299 485 1550 558 regiones
1587 483 1744 540 inva-
1769 484 1823 547 Α
1845 500 1988 551 rum,
2051 485 2555 560 habitatoribusque
2597 487 2774 560 captis
2823 495 2989 560 atque
3039 485 3324 559 disponis,
3381 497 3440 546 et

187 594 310 648 dunt
331 603 458 657 quas
490 587 732 641 Romano
760 583 967 641 nomini
1010 581 1283 637 tuebatur.

251 681 402 739 Suevi
422 678 817 734 Conimbricam
841 675 1031 731 dolose
1061 672 1313 746 ingressi,
1364 669 1624 726 familiam
1654 683 1752 724 no~

187 776 336 832 bilem
395 769 646 828 Cantabri
697 769 976 841 spoliant,
1027 777 1082 824 et
1145 766 1414 838 captivam
1478 762 1754 820 abducunt

187 873 400 922 matrem
429 877 550 918 cum
583 860 729 916 filiis.

248 953 427 1026 Legati
452 952 644 1009 eodem
675 967 818 1008 anno
842 951 1051 1008 duabus
1090 950 1296 1006 vicibus
1328 965 1357 1004 a
1389 963 1514 1020 rege
1547 947 1754 1004 Suevo-

183 1063 292 1104 rum
315 1049 598 1102 mittuntur
635 1043 702 1098 ad
733 1058 916 1115 regem
939 1041 1366 1107 Theudoricum,
1402 1040 1471 1096 ad
1510 1055 1670 1112 quem
1701 1048 1755 1094 et

187 1140 437 1199 Arborius
470 1137 831 1209 proﬁciscitur
859 1147 1133 1193 evocatus.

250 1231 406 1304 [VIIL
438 1227 548 1300 lll.J
577 1229 800 1284 Reversi
823 1229 983 1299 legati
1033 1210 1337 1286 Suevorum
1386 1227 1586 1283 obiisse
1622 1241 1758 1281 nun-

183 1323 306 1376 tiant
336 1321 595 1375 Severum
625 1319 837 1389 imperii
892 1320 973 1374 sui
1005 1334 1150 1373 anno
1191 1325 1405 1390 quarto,
1449 1317 1544 1388 qui
1596 1331 1758 1386 supra

180 1418 523 1470 remittuntur
552 1410 619 1466 ad
658 1410 1078 1468 Conimbricam.

248 1503 380 1574 Ajax
412 1504 632 1558 natione
658 1501 876 1572 Galata,
936 1503 1160 1559 effectus
1189 1512 1432 1573 apostata
1480 1511 1536 1557 et
1580 1500 1762 1556 senior

181 1601 431 1663 Arianus.
467 1601 610 1655 inter
665 1600 875 1656 Suevos
903 1602 1046 1672 regis
1094 1602 1177 1656 sui
1217 1602 1422 1656 auxilio
1468 1601 1643 1657 hostis
1674 1615 1763 1655 ca-

181 1693 392 1748 tholica:
421 1692 548 1748 fidei
574 1702 628 1747 et
649 1692 845 1747 divinae
871 1693 1152 1748 Trinitatis
1185 1693 1434 1762 emergit.
1476 1693 1559 1748 Ad
1590 1692 1762 1748 Galli-

178 1800 362 1841 canam
389 1784 693 1842 Gothorum
727 1784 1118 1840 habitationem
1147 1785 1250 1839 hoc
1294 1784 1614 1854 pestiferum
1672 1787 1766 1841 ini-

179 1877 298 1932 mici
329 1876 569 1931 hominis
596 1876 745 1930 virus
775 1876 1082 1931 advectum.

241 1969 408 2026 Suevi
455 1969 744 2024 adversum
797 1973 1182 2025 Auuonensem
1235 1971 1464 2026 serviunt
1516 1971 1762 2042 plebem:

177 2078 273 2134 qua
305 2062 376 2118 tle
399 2076 567 2118 causa
597 2063 757 2134 legati
788 2078 818 2118 a
849 2063 1187 2121 Theuderico
1219 2066 1287 2122 ad
1319 2067 1766 2124 Remismuudum

178 2155 468 2210 mittuntur
500 2154 792 2221 incassum,
825 2155 1103 2226 spretique
1123 2155 1191 2210 ab
1221 2172 1287 2211 eo
1316 2172 1448 2212 mox
1480 2157 1728 2213 redettnt.

243 2245 322 2301 De
350 2244 828 2315 ConstantinOpoli
877 2261 906 2299 a
946 2245 1129 2302 Leone
1178 2256 1405 2319 augusto
1447 2248 1770 2305 Anthemius

175 2336 338 2392 frater
367 2335 625 2405 Procopii
672 2351 796 2391 cum
821 2334 1165 2405 Marcellino,
1198 2337 1430 2409 aliisque
1481 2342 1772 2397 comitibus

175 2428 303 2484 viris
333 2427 551 2494 electis,
593 2435 648 2481 et
697 2441 819 2483 cum
853 2428 1055 2498 ingenti
1102 2429 1451 2485 multitudine
1500 2433 1772 2489 exercitus

173 2521 402 2593 copiosi,
437 2523 513 2577 ad
558 2520 765 2576 Italiam
821 2521 934 2578 Deo
981 2521 1262 2579 ordinante
1313 2523 1552 2582 directus
1584 2542 1774 2584 ascen-

175 2616 272 2672 dit.

241 2709 625 2764 Romanorum
656 2708 840 2776 XLVI,
870 2710 1184 2768 Anrlnrtus
1207 2720 1398 2770 octavo
1424 2714 1680 2771 milliario
1708 2717 1778 2773 de

175 2802 342 2859 Roma
372 2801 658 2872 Augustus
686 2803 1012 2874 appellatur,
1037 2819 1178 2860 anno
1199 2805 1398 2862 Leonis
1446 2808 1658 2879 imperii
1688 2824 1778 2864 oc-
1809 2825 1820 2840 ε

173 2903 317 2966 tavo,
354 2909 559 2953 mense
589 2897 853 2966 Augusto.

242 2986 342 3044 ιι.
393 2986 437 3041 l.
469 2986 764 3056 Expeditio
789 2986 857 3042 ad
907 2987 1142 3043 Africam
1189 2988 1450 3046 adversus
1483 2991 1779 3048 Wandalus

173 3080 426 3137 ordinata
459 3078 859 3136 metabularum
888 3083 1307 3138 commutatione
1336 3092 1392 3138 et
1418 3085 1782 3156 navigationis

175 3174 476 3245 inOpportu
491 3173 655 3227 nitate
685 3180 992 3228 revocatur.

1853 579 1999 650 regio
2023 579 2300 637 desolatur
2320 593 2374 638 et
2404 581 2616 638 civitas.

1924 669 2107 742 Legati
2132 672 2198 728 de
2228 673 2459 731 Gothico
2482 673 2689 731 reversi
2717 681 2964 745 portenta
2988 712 3004 738 ,
3035 673 3088 727 in
3112 671 3298 728 Galliis
3328 672 3440 727 visa

1856 765 2150 838 aliquanta,
2177 767 2230 823 in
2251 777 2565 840 conspectu.
2591 808 2604 823 .
2640 810 2654 822 .
2691 808 2705 821 .
2741 808 2756 822 .
2787 767 3019 823 similem
3048 765 3148 834 ipsi
3175 765 3243 820 de
3271 764 3443 821 conti-

1855 873 1964 914 nuo
1993 861 2240 929 paruisse
2261 861 2431 916 solem
2457 862 2621 916 alium
2638 861 2813 917 visum
2840 900 2855 914 .
2890 901 2903 912 .
2939 897 2958 916 .
2986 899 3001 914 .
3031 898 3043 912 .
3069 857 3201 915 solis
3226 873 3440 915 occasu.

1855 945 2207 1021 Congregatis
2235 951 2398 1006 etiam
2428 951 2661 1020 quodam
2716 951 2803 1007 die
2841 949 3057 1008 concilii
3103 951 3184 1005 sui
3231 949 3441 1016 Gothis,

1859 1041 1963 1097 tela
1989 1057 2108 1111 qua
2136 1041 2408 1097 habebant
2439 1043 2494 1098 in
2517 1045 2770 1100 manibus
2807 1060 2836 1098 a
2865 1053 3016 1115 parte
3045 1042 3172 1099 ferri
3195 1043 3279 1098 vel
3307 1042 3444 1109 acie,

1857 1135 1963 1190 alia
1987 1134 2168 1202 viridi,
2199 1135 2303 1190 alia
2334 1149 2515 1202 roseo,
2547 1139 2651 1192 alia
2699 1153 2917 1205 croceo,
2949 1138 3053 1192 alia
3079 1138 3234 1208 nigro
3263 1135 3448 1190 colore

1859 1231 2160 1287 naturalem
2189 1230 2323 1287 ferri
2371 1231 2608 1300 speciem
2664 1233 2995 1303 aliquamdiu
3038 1247 3144 1287 non
3195 1230 3448 1286 habuisse

1861 1334 2087 1381 mutata.
2109 1324 2286 1380 Medio
2311 1323 2524 1380 Tolosae
2555 1323 2786 1380 civitatis
2814 1326 3025 1381 hisdem
3045 1325 3237 1381 diebus
3258 1333 3448 1380 eterra

1863 1416 2183 1486 sanguinem
2211 1415 2474 1486 erupisse,
2512 1424 2733 1486 totoque
2771 1415 2882 1472 diei
2913 1416 3136 1474 ﬂuxisse
3161 1417 3448 1472 curriculo.

1936 1509 2024 1564 III.
2059 1509 2379 1578 Legatorum
2411 1508 2710 1564 Suevorum
2758 1507 2987 1563 reditum
3031 1509 3300 1579 aliquanta
3346 1507 3454 1564 Go-

1869 1603 2080 1658 thorum
2113 1615 2304 1655 manus
2337 1601 2624 1670 insequens
2655 1599 2948 1655 Emeritam
2977 1599 3131 1668 petit.

1940 1698 2276 1771 Ulyxippona
2305 1713 2337 1753 a
2368 1697 2562 1754 Suevis
2592 1705 2911 1766 occupatur,
2954 1698 3072 1753 cive
3109 1711 3206 1751 suo
3232 1696 3322 1764 qui
3348 1695 3459 1751 illic

1872 1802 2122 1863 praeerat,
2157 1792 2405 1848 tradente
2434 1790 2678 1846 Lusidio.
2706 1791 2815 1846 Hac
2835 1805 2895 1845 re
2924 1789 3139 1860 cognita
3168 1787 3329 1846 Gothi
3369 1789 3458 1858 qui

1796 1863 1847 1925 Β
1872 1898 2150 1953 venerant,
2183 1888 2451 1944 invadunt
2470 1896 2524 1942 et
2549 1887 2757 1942 Suevos
2800 1884 3206 1956 depraedantur,
3258 1882 3462 1955 pariter

1869 1997 1923 2042 et
1951 1986 2225 2042 Romanos
2247 1983 2380 2054 ipsis
2411 1982 2464 2037 in
2496 1979 2794 2037 Lusitania:
2813 1977 3460 2049 regionibusservientes.

1941 2076 2125 2147 Legati
2157 2074 2248 2144 qui
2275 2074 2342 2128 ad
2362 2075 2750 2142 imperatorem
2773 2070 2926 2127 missi
2955 2069 3189 2137 fuerant,
3208 2068 3459 2135 redeunt,

1871 2168 2180 2225 nuntiantes
2209 2166 2309 2220 sub
2336 2164 2624 2235 praesentia
2658 2164 2740 2218 sui
2771 2177 3028 2234 magnum
3063 2160 3224 2216 valde
3250 2159 3462 2215 exerci-

1874 2272 1986 2319 tum
2012 2277 2137 2317 cum
2171 2259 2339 2315 tribus
2369 2258 2596 2314 ducibus
2628 2257 2784 2312 lectis
2825 2256 3115 2312 adversum
3161 2251 3459 2309 Wandalos

1874 2373 1905 2412 a
1935 2357 2116 2413 Leone
2143 2356 2470 2424 imperatore
2499 2351 2871 2416 descendisse,
2895 2349 3106 2405 directo
3144 2345 3456 2402 Marcellino

1876 2450 2079 2524 pariter
2105 2462 2228 2502 cum
2251 2459 2412 2500 manu
2456 2458 2646 2514 magna
2702 2441 2878 2497 eidem
2937 2454 3034 2510 per
3080 2439 3466 2508 imperatorem

1876 2541 2224 2599 Anthemium
2254 2539 2475 2594 sociata.
2501 2537 2888 2593 Rechimerum
2914 2546 3172 2604 generum
3195 2527 3470 2586 Anthemii

1877 2631 2241 2703 imperatoris,
2272 2639 2326 2685 ct
2352 2628 2636 2698 patricium
2669 2628 2868 2682 factum
2905 2642 2918 2680 :
2981 2625 3249 2693 Asparem
3273 2620 3469 2690 degra-

1880 2727 2064 2783 datum
2090 2725 2154 2780 ad
2185 2725 2444 2795 privatam
2483 2721 2668 2784 vitam,
2715 2719 2879 2774 filium
2925 2717 3043 2787 ejus
3073 2716 3339 2777 occisum,
3371 2712 3472 2767 ad-

1881 2834 2096 2874 versum
2128 2817 2429 2871 Romanum
2463 2813 2771 2883 imperium,
2804 2812 2945 2866 sicut
2996 2809 3300 2877 detectique
3325 2815 3472 2872 sunt,

1881 2912 2158 2970 Wandalis
2186 2911 2555 2966 consulentes.

1956 3006 2137 3061 Hilaro
2166 3003 2416 3059 defuncto
2435 3015 2534 3056 sex
2563 2997 2849 3055 sacerdotii
2873 2997 2957 3052 sui
3014 2994 3172 3050 annis
3213 2991 3470 3064 expletis,

1883 3098 2022 3154 XLV
2053 3098 2312 3153 Romana:
2341 3092 2599 3150 Ecclesiae
2648 3090 2955 3148 Sntrmcrus
2985 3088 3277 3158 episcopus
3325 3084 3476 3141 ordi-

1888 3199 2074 3246 natur.

248 3264 358 3322 Per
406 3263 813 3320 Theudericum
844 3265 983 3320 Salla
1017 3266 1224 3336 legatus
1271 3268 1507 3324 mittitur
1561 3271 1627 3325 ad
1675 3271 1784 3326 Re-
1812 3239 2320 3337 Cmﬂﬁonenm
2346 3292 2533 3348 pacem
2557 3290 2677 3332 cum
2733 3288 2860 3344 rege
2899 3271 3103 3327 faciunt
3153 3268 3480 3330 Suevorum,

181 3353 560 3411 mismundutn
588 3369 768 3424 regem
809 3356 1134 3422 Suevorum,
1165 3359 1255 3428 qui
1281 3375 1530 3416 reversus
1555 3363 1621 3417 ad
1665 3363 1792 3419 Gal-

176 3447 280 3502 lias
309 3461 443 3502 eum
478 3460 508 3499 a
553 3445 717 3501 fratre
749 3460 847 3501 suo
897 3448 1092 3502 Eurico
1124 3448 1216 3521 [In
1247 3467 1342 3503 ms.
1382 3452 1668 3522 EuveriCo]
1704 3470 1790 3509 re-

181 3541 322 3609 perit
348 3536 725 3593 interfectum.

251 3630 506 3686 Euricus
533 3628 649 3700 pari
676 3627 881 3684 scelere
920 3644 1026 3701 quo
1079 3629 1268 3699 frater,
1324 3634 1565 3691 succedit
1617 3636 1670 3690 in
1702 3652 1791 3693 re-

175 3742 348 3798 gnum
379 3744 393 3779 :
427 3726 522 3796 qui
553 3724 760 3780 honore
787 3734 1074 3795 provectus
1099 3734 1157 3782 et
1192 3727 1443 3797 crimine,
1493 3730 1698 3800 legatos
1725 3732 1790 3786 ad

178 3835 374 3890 regem
411 3817 602 3888 dirigit
629 3815 952 3884 Suevorum,
978 3820 1168 3887 quibus
1191 3822 1308 3878 sine
1339 3838 1489 3879 mora
1530 3839 1559 3878 a
1584 3824 1795 3880 Remis-

175 3911 392 3967 mundo
421 3909 696 3974 remissis,
713 3908 951 3979 ejusdem
972 3913 1115 3981 regis
1139 3913 1294 3984 legati
1309 3916 1374 3969 ad
1390 3917 1793 3985 imperatorem,

177 4003 270 4058 alii
299 4001 373 4057 ad
406 3999 736 4066 Wandalus,
765 4001 856 4055 alii
884 4001 1186 4074 diriguntur
1227 4005 1294 4060 ad
1324 4005 1552 4062 Gothos.

249 4096 333 4150 De
361 4094 701 4163 ,Aunoncnsi
733 4095 889 4164 plebe
915 4098 999 4152 cui
1052 4099 1351 4156 Suevorum
1405 4102 1798 4160 adversabatur

177 4186 502 4250 hostilitas,
535 4184 711 4252 Opilio
738 4201 858 4241 cum
889 4187 1020 4243 viris
1057 4204 1241 4246 secum
1291 4207 1319 4246 a
1344 4208 1472 4264 rege
1520 4195 1796 4264 profectis,

170 4288 227 4332 et
260 4294 396 4333 cum
430 4277 738 4347 aliquantis
782 4282 870 4350 qui
902 4298 1022 4337 cum
1067 4284 1183 4354 ipso
1227 4285 1377 4340 missi
1428 4288 1663 4356 fuerant,
1712 4305 1800 4345 re-

175 4373 453 4426 vertitur.

245 4462 430 4518 Gothi
464 4462 562 4533 qui
592 4461 660 4518 ad
683 4462 978 4521 Wandalos
1009 4469 1157 4525 missi
1185 4470 1422 4538 fuerant,
1451 4488 1610 4545 supra
1641 4475 1800 4530 dictas

169 4553 571 4626 expeditionis
595 4569 812 4613 rumore
844 4560 1116 4629 perterriti
1148 4567 1563 4623 revertunturin
1591 4569 1757 4625 celeri
1785 4589 1797 4622 :

169 4650 398 4718 pariter
430 4657 501 4705 et
533 4647 718 4716 Suevi,
749 4651 838 4720 qui
868 4663 990 4723 post
1040 4654 1266 4726 legatos,
1316 4675 1469 4716 more
1514 4662 1676 4718 solito
1707 4679 1801 4734 per

167 4743 406 4799 diversa
442 4743 572 4798 loca
605 4743 658 4799 in
687 4744 922 4816 praedam
939 4747 1168 4820 dispersi
1187 4751 1423 4822 fuerant,
1446 4766 1799 4816 revocantur:

165 4835 269 4938 sed
308 4834 525 4938 paucis
556 4843 678 4938 post
703 4839 978 4896 mensibus
1007 4841 1122 4912 ipse
1149 4858 1243 4899 rex
1275 4844 1575 4904 Suevorum
1603 4850 1669 4905 ad
1694 4850 1803 4906 Lu-

167 4928 457 4985 sitaniam
487 4927 701 4982 transit.

243 5019 318 5076 ll.
355 5018 619 5093 (Olymp.
641 5022 860 5093 cccxtt.)
877 5020 1222 5084 Conitnbrica
1254 5031 1304 5085 in
1328 5047 1457 5099 pace
1487 5035 1706 5106 decepta
1725 5037 1804 5092 di-

164 5113 424 5185 ripitur;
461 5111 662 5170 domus
702 5115 1052 5175 destruuntur
1081 5137 1202 5177 cum
1225 5125 1400 5196 aliqua
1447 5138 1597 5196 parte
1619 5145 1799 5186 muro-

1893 3374 1985 3444 qui
2018 3384 2070 3429 et
2099 3371 2390 3429 Lusitania:
2420 3379 2476 3426 ct
2500 3375 2797 3425 conventus
2830 3363 3201 3421 Asturicensis
3238 3357 3484 3430 quaedam

1894 3466 2009 3520 loca
2041 3465 2345 3534 praedantes
2377 3461 2659 3516 invadunt.

1965 3554 2126 3610 Gothi
2153 3555 2295 3610 circa
2321 3551 2568 3607 eumdem
2586 3555 2908 3606 conventum
2922 3546 3042 3617 pari
3067 3544 3361 3600 hostilitate
3385 3543 3486 3599 do-

1894 3648 2143 3712 saeviunt,
2171 3654 2350 3716 partes
2370 3647 2532 3703 etiam
2559 3642 2848 3699 Lusitania:
2868 3639 3272 3711 depraedantur.

1966 3739 2214 3795 Lusidius
2235 3753 2334 3810 per
2361 3735 2810 3793 Remismundum
2830 3749 2954 3789 cum
3010 3733 3124 3790 suis
3173 3730 3485 3788 hominibus

1898 3833 2088 3891 Suevis
2108 3831 2172 3887 ad
2193 3833 2576 3902 imperatorem
2604 3830 2657 3884 in
2688 3827 2960 3898 legatione
2994 3823 3269 3895 dirigitur.

1969 3927 2303 3982 Durissimus
2332 3933 2483 3980 extra
2513 3921 2732 3978 solitum
2758 3919 2862 3976 hoc
2891 3917 3083 3976 eodem
3124 3927 3370 3986 tempore
3393 3929 3490 3969 an-

1901 4037 2004 4078 nus
2027 4019 2267 4085 hiberni,
2301 4018 2468 4082 veris,
2497 4016 2721 4079 aestatis,
2745 4014 2994 4070 autumni
3017 4014 3071 4068 in
3097 4010 3263 4076 aeris,
3293 4017 3350 4066 et
3373 4023 3492 4066 om-

1902 4115 2050 4171 nium
2078 4113 2348 4167 fructuum
2379 4108 2777 4180 permutatione
2799 4104 3136 4162 diffunditur.

1975 4207 2137 4276 Signa
2157 4204 2317 4258 etiam
2343 4203 2618 4272 aliquanta
2647 4209 2702 4256 et
2725 4197 2964 4268 prodigia
2991 4196 3044 4251 in
3067 4193 3202 4251 locis
3219 4193 3495 4250 Galltecim

1903 4300 2270 4371 pervidentur.
2317 4295 2374 4351 In
2418 4294 2644 4352 flumine
2691 4293 2883 4360 Minio,
2929 4291 2998 4346 de
3037 4288 3332 4357 municipio
3371 4287 3496 4342 Lais

1904 4393 2140 4448 milliaro
2172 4390 2338 4444 ferme
2367 4389 2580 4458 quinto,
2608 4385 2900 4454 capiuntur
2922 4382 3097 4451 pisces
3120 4390 3354 4450 quatuor
3373 4376 3496 4432 novi

1904 4484 2024 4541 visu
2052 4491 2107 4540 et
2134 4481 2336 4553 specie,
2357 4480 2495 4536 sicut
2524 4476 2759 4533 retulere
2784 4474 2874 4543 qui
2895 4481 3173 4541 coeperant
3201 4468 3492 4526 Christiani

1906 4587 1960 4634 et
1990 4573 2246 4646 religiosi,
2275 4571 2512 4628 llebrtnis
2533 4568 2807 4624 etercis
2829 4565 3051 4630 litteris,
3085 4563 3287 4620 Latinis
3315 4572 3491 4616 autem

1907 4684 2141 4726 terarum
2168 4665 2407 4722 numeris
2434 4661 2694 4733 insigniti,
2723 4660 2795 4715 ita
2828 4674 3031 4716 cccuv
3072 4659 3198 4712 anni
3229 4655 3493 4711 circulum

1908 4761 2267 4824 continentes,
2300 4755 2417 4826 pari
2465 4752 2732 4810 mensium
2769 4751 3080 4808 intervallo.
3120 4745 3274 4803 Haud
3304 4745 3495 4814 procul

1908 4856 1977 4910 de
2005 4867 2167 4923 supra
2195 4849 2340 4904 dicto
2370 4846 2670 4915 municipio
2695 4847 2750 4901 in
2779 4845 3016 4917 speciem
3062 4837 3334 4896 lenticula:
3361 4836 3492 4892 viri-

1907 4947 2250 5003 dissimorum
2277 4949 2337 4997 ut
2358 4941 2526 4997 herba
2550 4938 2796 5011 quaedam
2821 4937 2993 4992 forma
3017 4945 3307 5004 granorum
3339 4929 3498 5000 plena

1910 5035 2266 5095 amaritudine
2293 5033 2519 5090 deﬂuxit
2572 5048 2606 5088 e
2635 5031 2799 5097 caelo,
2833 5039 2890 5086 et
2927 5026 3095 5084 multa
3123 5023 3229 5080 alia
3281 5029 3533 5081 ostenta.

1908 5148 2030 5205 quae
2059 5144 2361 5186 memorare
2383 5126 2653 5199 prolixum
2683 5132 2789 5181 est.

1605 5430 2086 5700 Ψ
