4052 6338
1481 270 1880 330 DESCRIPTIO
1917 273 2304 332 CONSULUM.
3425 276 3531 336 898

1869 393 1920 453 Α
1949 392 2053 447 645
2093 391 2308 449 Metello
2329 389 2618 448 Numidico
2647 401 2703 450 et
2726 391 2914 450 Silano
2942 392 3071 466 (Cic.
3110 392 3261 461 δοιά..
3287 369 3452 464 tas)?

1944 487 2051 543 646
2088 487 2319 559 Sulpitio
2352 497 2409 546 et
2428 488 2654 546 Scauro.

1946 581 2048 638 647
2089 583 2334 655 Longino
2359 591 2417 641 et
2437 583 2607 640 Mario
2635 581 2768 656 (Cie.
2792 584 2943 651 ibid.,
2978 582 3126 654 161).

284 289 375 348 897

227 400 232 403 ’
280 402 376 460 692
416 397 666 468 Scipione
695 392 888 450 Nasica
917 403 972 450 et
998 386 1210 463 Figulo.

480 491 534 547 In
587 491 778 545 horum
821 488 1039 554 locum,
1091 487 1214 558 quia
1259 484 1390 540 vitio
1434 484 1601 540 creati
1648 492 1839 553 erant,

413 580 751 639 sufﬂciuntur
778 579 1038 634 Lentulus
1076 587 1132 633 et
1167 575 1454 632 Domitius.

277 677 376 735 595
413 674 633 731 Messala
655 683 710 728 et
733 671 982 728 Carbone
1009 668 1117 744 [AL
1141 665 1448 739 Strabone].

275 767 377 825 594
412 765 564 822 Gallo
591 773 648 819 et
672 763 931 832 Cethego.

274 859 376 916 595
411 856 685 913 Dolabella
714 864 772 911 et
798 853 990 910 Fulvio
1025 851 1322 909 Nobiliore.

273 950 374 1006 596
412 948 616 1020 Lepido
643 958 698 1004 et
729 946 948 1002 Laenate
975 960 1035 1001 ιι.

273 1040 372 1098 597
408 1039 622 1096 Caesare
644 1049 700 1095 et
729 1037 945 1095 Oreste.

273 1133 376 1190 598
412 1132 642 1188 Lentulo
667 1140 722 1187 et
743 1129 934 1203 Figulo
959 1128 1090 1202 (Cic.
1130 1129 1183 1183 in
1212 1128 1394 1195 Bruto,
1429 1126 1540 1197 79).

269 1225 372 1282 599
410 1223 600 1281 Nasica
621 1233 677 1281 et
697 1223 978 1280 Marcello.

269 1314 370 1372 600
408 1315 622 1387 Opimio
644 1327 698 1372 et
725 1315 944 1371 Albino.

269 1413 364 1468 601
407 1410 686 1467 Nobiliore
713 1421 769 1466 et
797 1409 972 1465 Lusco
1009 1407 1140 1481 (Cic.
1171 1408 1344 1477 ibid).

269 1506 369 1562 602
408 1504 666 1560 Marcello
694 1519 732 1558 ιι
757 1512 812 1558 et
839 1501 1058 1557 Flacco.

267 1600 369 1656 603
407 1597 639 1654 Lucullo
667 1607 720 1653 et
749 1595 944 1651 Albino
977 1592 1109 1666 (Cic.
1143 1592 1297 1662 ibid.,
1329 1591 1442 1660 81).

267 1693 368 1748 604
407 1691 678 1747 Flaminio
708 1698 763 1746 et
785 1689 968 1744 Balbo.

262 1786 367 1842 605
406 1785 707 1841 Censorino
737 1793 790 1839 et
811 1781 1028 1837 Manilio
1058 1778 1191 1852 (Cic.
1223 1781 1274 1834 in
1308 1777 1491 1844 Bruto,
1524 1776 1638 1850 61).

261 1877 366 1935 606
403 1877 605 1934 Albino
630 1886 686 1933 et
718 1876 934 1932 Pisone.

257 1972 362 2027 607
404 1971 665 2042 Scipione
695 1969 902 2026 .Emilii
934 1968 1042 2040 [AL
1077 1965 1397 2038 Emiliano]
1421 1975 1474 2023 et
1502 1966 1692 2022 Druso.

256 2062 363 2118 608
403 2062 641 2118 Lentulo
669 2070 726 2118 et
749 2061 1000 2118 Numicio
1027 2060 1134 2133 [AL
1170 2057 1472 2130 Mummio].

255 2155 366 2213 609
405 2155 644 2212 Maximo
673 2153 879 2212 Emilii
907 2152 1014 2227 [AL
1047 2149 1364 2222 Emiliano]
1405 2160 1460 2206 et
1488 2149 1755 2206 Mancino.

255 2247 365 2305 610
403 2248 584 2305 Galba
615 2257 671 2304 et
693 2246 851 2303 Cotta
877 2247 1011 2314 (Cic.
1043 2246 1106 2300 de
1132 2245 1338 2299 Amicit.
1375 2243 1490 2313 96).

253 2341 356 2397 611
400 2339 639 2396 Claudio
668 2347 725 2395 et
749 2338 991 2394 Metello.

251 2433 358 2491 612
397 2433 626 2490 Metello
654 2447 690 2488 ιι
719 2441 774 2489 et
803 2433 1037 2488 Maximo
1068 2431 1199 2503 (Cic.
1228 2432 1282 2484 in
1311 2430 1493 2499 Bruto,
1526 2429 1673 2501 161).

248 2526 357 2581 615
399 2526 603 2580 Omisai
626 2523 799 2596 Caepio
819 2535 865 2580 et
889 2525 1078 2597 Rufus.

248 2615 354 2673 614
395 2619 663 2689 Caepione
697 2625 752 2672 et
776 2617 943 2672 Lazlio
970 2616 1104 2687 (Cic.
1136 2615 1286 2682 ibid.,
1313 2616 1425 2686 85).

245 2709 353 2767 615
395 2709 629 2765 Laenate
654 2719 708 2764 et
736 2708 932 2764 Pisone
960 2707 1091 2780 (Cic.
1123 2707 1273 2775 ibid.,
1321 2706 1466 2778 106).

248 2799 355 2856 616
396 2800 604 2857 Nasica
635 2800 890 2870 Scipione
916 2809 970 2856 et
1001 2800 1186 2855 Bruto.

243 2893 350 2950 617
390 2894 614 2966 Lepido
642 2893 872 2966 Porcina
895 2902 951 2949 et
980 2893 1252 2950 Mancino.

242 2989 350 3045 618
394 2989 566 3044 Philo
592 2997 647 3043 et
671 2987 906 3044 Servilio
934 2987 1041 3059 [AL
1072 2987 1202 3042 Sex.
1228 2985 1437 3058 Atilio].

240 3085 300 3140 6|
315 3084 349 3141 9
389 3084 607 3141 Flacco
637 3091 693 3138 et
718 3081 936 3137 Pisone.

243 3176 354 3234 620
392 3175 664 3248 Scipione
689 3175 945 3231 Africano
972 3182 1026 3229 et
1050 3173 1266 3229 Flacco.

239 3267 342 3324 621
388 3267 649 3325 Scaevola
686 3276 739 3322 et
767 3265 1080 3337 Calpurnio.

237 3359 352 3414 622
390 3358 626 3416 Laenate
652 3367 708 3414 et
730 3358 933 3413 Rutilio
966 3358 1072 3429 [AL
1101 3355 1359 3426 Rupilio].

240 3453 356 3510 625
393 3453 613 3509 Crasso
639 3461 694 3507 et
714 3451 908 3506 Flacco
945 3449 1076 3520 (Cic.
1105 3451 1167 3502 de
1199 3450 1456 3512 Amicitia,
1485 3448 1600 3516 57).

237 3545 352 3604 624
392 3545 644 3602 Lentulo
675 3543 783 3616 [AL
809 3544 946 3614 App.
980 3539 1228 3612 Claudio]
1261 3550 1315 3596 et
1345 3541 1650 3610 Perpenna.

237 3637 354 3697 625
395 3637 685 3694 Tuditano
726 3646 782 3692 et
809 3635 1010 3690 Auulio
1049 3633 1180 3704 [Cic.
1219 3633 1283 3685 de
1331 3631 1460 3686 Nat.
1520 3632 1735 3685 deorum
1791 3630 1858 3686 14

474 3727 748 3800 Aquilio].
1334 3765 1336 3770 .

236 3824 351 3884 626
393 3824 638 3882 Octavio
667 3821 886 3878 etRul‘o
914 3821 1020 3894 [AL
1055 3821 1121 3876 T.
1155 3819 1379 3893 Annio].

236 3922 349 3979 627
395 3918 660 3990 Longino
686 3927 741 3974 et
771 3916 942 3972 Cinna
977 3916 1107 3988 (Cic.
1136 3914 1290 3984 ibid.,
1321 3913 1466 3985 109).

235 4016 351 4075 628
395 4012 623 4085 Lepido
648 4021 703 4068 et
729 4012 941 4066 Oreste.

234 4109 348 4166 629
393 4108 647 4180 Hypsaeo
668 4111 724 4160 et
751 4103 968 4158 Flacco.

234 4201 349 4258 650
393 4197 662 4268 Longino
687 4204 742 4251 et
767 4195 1016 4250 Calvino.

231 4295 340 4351 651
393 4291 633 4350 Metello
662 4300 718 4346 et
748 4287 1054 4344 Flaminino
1077 4287 1210 4360 (Cic.
1241 4303 1333 4356 pro
1359 4285 1541 4355 Domo,
1568 4283 1712 4356 156).

231 4387 350 4443 652
392 4383 784 4442 Ahenobarbo
808 4391 863 4437 et
893 4381 1100 4436 Fannio
1130 4377 1262 4450 (Cic.
1285 4380 1338 4432 in
1365 4377 1550 4444 Bruto,
1579 4377 1696 4446 90).

228 4483 347 4538 655
389 4479 630 4552 Opimio
655 4486 711 4534 et
740 4477 974 4532 Maximo
1001 4473 1208 4530 Emilii
1237 4472 1347 4546 [AL
1377 4469 1720 4540 Emiliano].

229 4573 348 4630 654
393 4571 642 4630 Manilio
673 4569 782 4645 [AL
814 4567 1034 4640 Manlio]
1063 4576 1118 4623 et
1143 4566 1414 4622 Carbone.

227 4670 350 4729 635
393 4666 639 4726 Metello
666 4675 721 4722 et
745 4665 925 4720 Cotta.

229 4765 349 4820 656
392 4761 627 4818 Catone
653 4769 709 4815 et
737 4757 939 4814 Marcio
971 4771 1119 4827 rege.

1950 675 2055 735 648
2093 677 2328 736 Serrano
2350 688 2406 736 et
2431 679 2710 750 Cepione.

2163 770 2259 826 liis
2283 785 2469 828 conss.
2497 781 2655 827 natus
2693 778 2778 826 est
2805 768 2994 826 Cicero
3031 768 3119 825 die
3148 781 3240 824 VIII
3265 763 3530 825 kalendas

2093 863 2263 919 Maias
2288 863 2368 937 [ιιι
2401 863 2539 921 Νοη.
2569 865 2692 922 Jan.
2724 865 2792 918 ad
2819 865 2922 918 Att.
2950 878 3045 933 vn,
3077 861 3153 934 5].

1950 953 2055 1010 649
2094 953 2234 1010 Rufo
2253 963 2308 1010 et
2329 955 2507 1012 Mallio
2537 956 2647 1028 [AL
2670 955 2932 1028 Manilio].

1952 1045 2058 1104 650
2094 1047 2260 1102 Mario
2289 1063 2326 1103 ιι
2346 1057 2400 1102 et
2421 1047 2680 1104 Fimbria.

1951 1137 2052 1193 651
2095 1137 2265 1192 Mario
2288 1153 2348 1193 ιιι
2377 1147 2433 1194 et
2457 1137 2671 1194 Oreste.

1943 1225 2061 1283 652
2099 1228 2267 1284 Mario
2297 1243 2350 1284 tv
2376 1236 2434 1284 et
2455 1226 2668 1284 Catulo.

1952 1319 2060 1376 655
2097 1319 2270 1376 Mario
2296 1335 2329 1374 ν
2359 1329 2416 1376 et
2440 1319 2701 1389 Aquillio.

1960 1409 2064 1468 654
2103 1411 2276 1468 Mario
2302 1427 2356 1468 vr
2385 1420 2442 1468 et
2467 1411 2666 1467 Flacco
2697 1410 2832 1482 (Cic.
2855 1427 2948 1483 pro
2970 1413 3173 1480 Rabir.,
3199 1412 3310 1483 20).

1955 1501 2060 1558 655
2098 1504 2338 1560 Antonio
2354 1513 2409 1560 et
2430 1503 2631 1560 Albino
2653 1502 2786 1576 (Cic.
2811 1513 2924 1573 post
2940 1504 3113 1573 redit.,
3138 1504 3206 1559 ad
3231 1503 3404 1572 Quin,
3421 1502 3533 1571 11).

1955 1594 2062 1651 656
2100 1594 2315 1651 Metello
2342 1595 2549 1667 Nepote
2578 1605 2635 1652 et
2659 1595 2784 1652 Tito
2811 1595 2984 1652 Didio.

1960 1687 2064 1744 657
2104 1687 2337 1744 Lentulo
2368 1697 2426 1744 et
2453 1686 2671 1744 Crasso.

1881 1765 1932 1829 Β
1960 1781 2064 1838 658
2108 1782 2472 1842 Ahenobarbo
2496 1791 2552 1841 et
2573 1782 2837 1855 Longino.

1957 1874 2063 1932 659
2102 1877 2304 1933 Crasso
2330 1887 2386 1933 et
2410 1877 2654 1935 Scaevola
2683 1876 2812 1949 (Cie.
2842 1876 2896 1930 in
2926 1875 3109 1944 Bruto,
3132 1872 3285 1945 229).

1957 1969 2065 2026 660
2103 1969 2268 2026 Calva
2300 1970 2408 2045 [AL
2431 1969 2623 2042 Caldo]
2643 1979 2700 2027 et
2727 1968 3113 2026 Ahenobarbo.

1957 2061 2054 2117 661
2101 2061 2295 2118 Flacco
2325 2072 2380 2118 et
2411 2062 2708 2118 Herennio.

1957 2155 2064 2211 662
2103 2154 2340 2212 Pulchro
2363 2166 2418 2212 et
2445 2155 2742 2227 Perperna.

1957 2247 2064 2304 663
2103 2247 2352 2319 Philippo
2377 2257 2433 2304 et
2463 2247 2681 2303 Casare
2712 2245 2819 2320 [AL
2841 2245 2973 2302 Sex.
3003 2244 3115 2300 Jul.
3147 2244 3330 2315 Cen].

1957 2340 2066 2396 664
2104 2341 2320 2398 Caesare
2345 2341 2453 2415 [AL
2481 2340 2544 2397 L.
2575 2339 2688 2397 Jul.
2715 2338 2854 2397 Caes.
2887 2337 2926 2410 ι]
2954 2348 3010 2396 et
3040 2339 3208 2409 Lupo.

1957 2433 2065 2489 665
2105 2433 2377 2490 Strabone
2398 2440 2457 2488 et
2480 2433 2688 2488 Catone
2711 2431 2845 2504 (Cie.
2873 2431 3071 2497 Divin.,
3099 2428 3178 2499 4).

1959 2527 2064 2584 666
2102 2526 2250 2600 Sylla
2283 2535 2338 2582 et
2360 2526 2504 2582 Rufo
2530 2525 2716 2597 (Cic.2
2742 2527 2792 2580 in
2819 2524 2994 2590 Rull.,
3034 2523 3153 2592 58).

1958 2619 2062 2675 66³7
2102 2620 2329 2676 Octavio
2359 2628 2416 2676 et
2436 2617 2608 2675 Cinna
2637 2616 2767 2688 (Cic.
2797 2615 3037 2684 TuaenL,
3062 2615 3176 2684 55).

1959 2711 2065 2768 668
2105 2710 2369 2766 Marium
2399 2719 2454 2766 et
2472 2708 2640 2765 Cinna
2673 2725 2729 2764 ιι.

2178 2804 2272 2859 llis
2301 2818 2488 2860 conss.
2521 2810 2683 2860 natus
2728 2811 2810 2859 est
2851 2800 3145 2858 Sallustius
3173 2799 3262 2857 die
3291 2797 3548 2855 kalendas

2105 2897 2327 2954 Octobr.

1961 2989 2067 3046 669
2108 2989 2278 3046 Cinna
2310 3006 2367 3046 ιιι
2397 2998 2452 3046 et
2480 2988 2746 3045 Carbone.

1962 3085 2070 3142 670
2107 3082 2358 3140 Carbone
2379 3099 2417 3140 ιι
2443 3091 2499 3139 et
2524 3081 2806 3140 Scribonio
2837 3081 2944 3153 [AL
2969 3080 3141 3136 Cinna
3164 3078 3261 3150 tv].

1887 3155 1933 3220 ο
1967 3177 2064 3234 671
2111 3178 2368 3250 Scipione
2398 3186 2452 3233 et
2479 3175 2737 3231 Norbano
2760 3172 2890 3246 (Cic.
2915 3190 3007 3245 pro
3037 3172 3273 3239 Quintia,
3295 3169 3415 3242 24).

1961 3272 2067 3328 672
2107 3273 2354 3328 Carbone
2383 3285 2440 3326 ιιι
2471 3280 2526 3326 et
2551 3270 2722 3325 Mario
2748 3267 2880 3340 (Cic.
2905 3269 2938 3322 3
2958 3267 3010 3321 in
3040 3264 3209 3333 RulL,
3241 3264 3319 3335 7).

1964 3365 2069 3418 675
2108 3363 2308 3420 Decula
2330 3372 2383 3418 et
2413 3361 2692 3417 Dolabella
2716 3360 2845 3433 (Cic.
2875 3360 2909 3414 2
2941 3360 2994 3412 in
3023 3357 3196 3422 ΒΜΔ,
3219 3355 3336 3427 55).

1963 3455 2067 3510 674
2105 3456 2252 3525 Sylla
2283 3463 2340 3509 et
2366 3452 2582 3508 Metello
2606 3452 2703 3506 Pio
2734 3449 2864 3520 (Cic.
2900 3466 2994 3519 pro
3028 3447 3265 3514 Plancio,
3299 3447 3414 3515 69).

1965 3545 2072 3599 675
2108 3546 2263 3600 Vatia
2294 3553 2348 3599 et
2369 3544 2623 3599 Pulchro;

1964 3637 2068 3694 676
2109 3637 2315 3707 Lepido
2336 3647 2391 3693 et
2413 3635 2604 3691 Catulo
2633 3635 2762 3706 (Cic.
2787 3651 2880 3705 pro
2907 3632 3091 3697 Balbo,
3128 3629 3242 3702 54).

1965 3730 2070 3786 677
2113 3731 2279 3786 Bruto
2302 3738 2357 3785 et
2401 3729 2672 3784 Mamerco
2704 3725 2835 3798 (Cic.
2862 3727 2913 3780 in
2939 3724 3122 3791 Bruto,
3151 3724 3297 3793 175).

1965 3823 2072 3880 678
2111 3821 2336 3878 Octavio
2358 3831 2415 3877 et
2436 3819 2671 3876 Curione
2696 3818 2827 3890 (Cic.
2855 3817 3008 3883 ibid.,
3040 3818 3192 3886 217).

1965 3915 2072 3972 679
2106 3913 2398 3971 Octavioet
2423 3915 2582 3968 Cotta
2611 3910 2742 3983 (Cic.
2772 3911 2799 3966 1
2841 3908 3011 3975 Verr.,
3055 3909 3204 3978 150).

1965 4009 2074 4066 680
2111 4006 2334 4064 Lucullo
2360 4016 2414 4064 et
2444 4006 2621 4063 Cotta.

1967 4102 2067 4160 681
2111 4101 2292 4157 Marco
2335 4101 2561 4157 Lucullo
2598 4108 2652 4156 et
2696 4097 2886 4157 Cassio
2932 4095 3178 4167 Longino
3225 4091 3426 4167 (Cicero
3458 4110 3554 4167 pro

2183 4193 2415 4260 Cluent.,
2450 4192 2595 4264 157).

1967 4289 2074 4345 682
2113 4288 2214 4342 Cn.
2245 4284 2496 4343 Lentullo
2525 4295 2579 4342 et
2605 4285 2780 4341 Gellio
2801 4281 2936 4356 (Cic.
2967 4283 2998 4339 4
3042 4281 3211 4348 Verr.,
3234 4280 3351 4352 95).

1967 4381 2073 4438 685
2112 4380 2172 4435 P.
2201 4379 2430 4436 Lentulo
2450 4387 2504 4434 et
2527 4378 2742 4434 Oreste.

1968 4475 2075 4532 684
2114 4475 2376 4545 Pompeio
2405 4484 2460 4531 et
2489 4471 2687 4528 Crasso
2717 4471 2849 4542 (Cic.
2885 4471 2920 4526 5
2953 4468 3127 4533 Verr.,
3159 4468 3306 4540 125).

1888 4540 1945 4605 D
1973 4568 2079 4626 685
2118 4540 2420 4624 Hortensio
2447 4576 2502 4620 et
2532 4540 2749 4619 Metello
2778 4559 2908 4633 (Cic.
2939 4577 3033 4634 pro
3059 4558 3244 4615 Cluent
3272 4558 3312 4628 ).

2186 4660 2286 4716 His
2317 4673 2500 4715 conss.
2528 4667 2687 4712 natus
2719 4667 2802 4711 est
2830 4653 3089 4725 Virgilius
3120 4653 3208 4708 die
3236 4653 3310 4706 id.
3335 4649 3554 4705 Octobr.

1972 4755 2079 4813 686
2119 4755 2320 4811 Marcio
2346 4752 2498 4822 Rege
2525 4761 2578 4805 et
2609 4749 2826 4807 Metello
2856 4747 2989 4819 (Cic.
3017 4751 3069 4802 in
3097 4745 3236 4814 Ρη,
3271 4743 3347 4815 8).

226 4861 342 4918 657
391 4857 636 4918 Metello
683 4855 1001 4912 Diademato
1048 4851 1184 4923 [Vel
1218 4847 1556 4921 Dalmatico]
1600 4859 1655 4906 et
1703 4849 1867 4905 Mutio
1972 4846 2076 4902 687
2119 4846 2313 4902 Pisone
2334 4853 2390 4900 et
2414 4841 2710 4899 Glabrione
2742 4841 2932 4914 (Cia?
2959 4837 3224 4909 Philipp.)

482 4947 762 5008 Scaavtila.

228 5051 348 5108 658
395 5047 553 5105 Geta
581 5051 637 5098 et
662 5041 894 5098 Maximo
923 5038 1270 5096 Serviliano.‘

229 5145 352 5201 639
400 5141 634 5200 Scauro
664 5145 720 5192 et
751 5134 988 5191 Metello.

225 5239 354 5296 640
400 5233 595 5291 Balbo
624 5241 679 5287 et
707 5230 938 5286 Catone.

229 5331 342 5387 611
398 5324 640 5384 Metello
666 5333 720 5380 et
753 5323 1020 5378 Carbone.

225 5423 353 5480 642
398 5420 604 5476 Druso
633 5427 691 5472 et
720 5416 940 5472 Pisone.

487 5508 591 5566 His
622 5523 805 5564 conss.
832 5508 1048 5563 initium
1079 5505 1203 5560 belli
1235 5501 1567 5574 Jugurlhini.

1975 4936 2078 4993 688
2123 4937 2365 4992 Volcatio
2407 4945 2462 4992 et
2500 4935 2681 4992 Tullo.
2710 4932 2878 5003 (Duos
2925 4946 3106 4986 exuno
3149 4928 3287 4998 fecit.
3327 4925 3560 4982 Volcatio

2188 5027 2345 5082 Tullo
2387 5028 2586 5100 collega
2630 5027 2731 5098 fuit
2778 5023 3028 5079 zEmilius
3083 5018 3311 5089 Lepidus
3357 5015 3558 5090 (Cia!

2191 5119 2346 5177 Catil.
2374 5119 2486 5192 15).

1979 5215 2083 5273 689
2121 5214 2274 5270 Cotta
2298 5225 2354 5270 et
2381 5215 2658 5286 Torquato
2683 5211 2816 5273 (Cic.
2841 5211 2876 5266 5
2905 5208 3086 5275 Catil.,
3121 5209 3231 5278 19).

1977 5307 2084 5365 690
2124 5309 2185 5364 L.
2215 5307 2431 5364 Caesare
2450 5318 2504 5364 et
2532 5306 2726 5376 Figulo
2754 5303 2888 5379 (Cic.
2924 5319 3018 5374 pro
3045 5301 3220 5372 Sylla,
3250 5297 3363 5371 56).

1979 5401 2078 5459 691
2121 5401 2386 5456 Cicerone
2414 5409 2469 5454 et
2494 5397 2754 5454 Ant0uio.

2195 5493 2290 5548 llis
2316 5505 2501 5548 conss.
2531 5491 2732 5546 bellum
2757 5487 3006 5544 Catilina:
3029 5477 3236 5557 gestum
3268 5492 3373 5541 est.

223 5614 350 5670 645
397 5606 616 5665 Nasica
663 5602 918 5672 Scipione
955 5612 1010 5658 et
1058 5599 1234 5655 Bestia
1283 5596 1575 5667 Calpurnio
1618 5596 1762 5668 (Cic.
1818 5597 1870 5652 in
1977 5588 2084 5646 692
2122 5589 2309 5645 Silano
2337 5597 2392 5642 et
2417 5586 2634 5642 Murena
2665 5584 2797 5654 (Cie.
2832 5598 2924 5652 pro
2961 5581 3174 5647 Flacco,
3215 5577 3330 5647 30).

491 5695 684 5763 Bruto,
716 5695 863 5765 128).

221 5795 353 5860 644
401 5792 569 5854 Rufo
598 5803 654 5851 et
684 5787 902 5856 Albino,

1980 5686 2088 5742 695
2127 5685 2324 5740 Pisone
2355 5682 2514 5751 Frugi
2550 5691 2602 5735 et
2639 5679 2862 5734 Messala
2893 5677 3071 5748 Nigro.

1980 5779 2086 5837 694
2127 5777 2350 5834 Afranio
2391 5785 2446 5831 et
2494 5773 2707 5829 Metello
2754 5769 2947 5827 Celere
2997 5764 3128 5842 (Cie.
3157 5764 3228 5820 ad
3253 5764 3360 5820 Att.
3390 5752 3548 5830 ι,1δ)
