4052 6338
1776 410 2192 469 MARCELLINI
2227 412 2499 470 COMITIS

3696 408 3811 483 016

505 534 831 589 laudabiliter
854 532 1123 604 percurrit.
1148 530 1221 585 Et
1243 529 1368 584 alibi
1385 530 1460 599 (α)
1480 547 1490 579 ;
1508 526 1970 591 Marcellinus,ait,
1996 527 2107 595 pari
2134 528 2189 590 Α
2211 527 2413 597 aliquot
2452 527 2723 583 variantes
2747 528 3144 594 annotavimus,
3173 540 3237 585 ac
3265 526 3553 585 noonullas
3582 528 3710 584 item
3735 543 3813 587 ex

506 646 630 682 cura
658 626 931 698 legendum
958 632 1050 692 est,
1083 624 1170 693 qui
1197 621 1819 689 Constantinopolituuam
1844 622 2099 675 civitatem

505 731 550 776 et
576 720 752 774 urbem
782 717 1264 787 Hierosolymorum
1294 717 1633 769 minutissima
1671 714 1964 768 narratione
2006 713 2101 767 de-

505 814 727 885 scripsit.
758 813 949 867 Verum
976 821 1259 879 utrumque
1291 810 1514 863 Comitis
1542 810 1714 863 nostri
1748 819 2102 862 memoratum

508 919 645 973 opus
687 902 773 958 vel
814 917 1039 971 prorsus
1090 899 1394 961 intercidit.
1445 900 1529 955 vel
1572 899 1865 954 etiamnum
1909 898 2104 953 alicubi

510 996 797 1052 delitescit.
824 994 1003 1064 Pergit
1021 1008 1182 1063 porro
1198 993 1426 1047 Senator
1448 992 1548 1059 (b):
1575 990 1828 1045 Chronica
1856 1006 1969 1059 qua:
1984 998 2106 1043 sunt

511 1090 758 1162 pitagines
782 1086 1111 1140 historiarum
1150 1086 1551 1153 brevissimazque
1582 1082 2106 1146 commemorationes,

506 1176 909 1247 scripsiLGrece
934 1177 1204 1243 Eusebius,
1230 1192 1376 1246 quem
1398 1174 1658 1228 transtulit
1686 1172 2035 1243 Hieronymus
2054 1172 2110 1226 in

510 1271 773 1335 Latinum,
796 1281 842 1323 et
863 1286 1018 1339 usque
1039 1270 1105 1323 ad
1128 1278 1358 1338 tempora
1378 1284 1471 1319 sua
1493 1265 1704 1319 deduxit
1727 1264 1929 1317 eximie.
1952 1261 2111 1317 Hunc

519 1366 814 1418 subsecutus
838 1375 910 1417 est
937 1381 1093 1435 supra
1130 1364 1346 1433 scriptus
1382 1358 1719 1414 Marcellinus
1749 1358 2110 1429 Illyricianus,

514 1459 597 1526 qui
628 1457 794 1510 adhuc
813 1457 1015 1525 patricii
1033 1454 1321 1509 Iustiniani
1352 1456 1513 1523 fertur
1540 1454 1700 1523 egisse
1722 1447 2002 1513 cancellos;
2023 1455 2113 1505 sed

518 1550 731 1603 meliore
760 1548 1052 1603 conditione
1082 1548 1309 1611 devotus,
1342 1562 1373 1598 a
1404 1554 1628 1613 tempore
1657 1541 1932 1597 Theodosii
1966 1541 2112 1611 prin-

516 1642 643 1705 cipis
674 1657 830 1709 usque
857 1640 923 1693 ad
955 1642 1085 1707 [ores
1116 1638 1313 1705 imperii
1345 1635 1665 1705 triumphalis
1694 1634 1902 1708 augusti
1943 1633 2115 1687 Justi-

518 1733 658 1784 uiani
680 1748 807 1801 opus
836 1748 982 1784 suum
1012 1730 1227 1783 Domino
1245 1733 1457 1801 jnumtte
1484 1726 1756 1793 perduxit:
1786 1724 1841 1780 id
1887 1733 1972 1781 est
1992 1765 2009 1791 ,
2048 1724 2116 1780 ab

520 1840 662 1879 anno
677 1824 960 1879 Theodosii
983 1823 1209 1879 senioris
1230 1825 1399 1892 primo
1416 1837 1583 1890 usque
1599 1820 1664 1875 ad
1689 1828 1938 1890 quartum
1962 1817 2118 1875 Justi-

2204 622 2415 675 schedis
2446 621 2546 675 viri
2572 622 2717 677 docti
2750 632 2907 692 atque
2937 623 2988 677 in
3021 623 3369 678 recensendis
3395 633 3641 678 veterum
3665 626 3808 681 scri-

2204 714 2311 784 ptis
2332 714 2791 780 exercitatissimi,
2844 714 2989 769 Petri
3040 713 3316 770 Fraucisci
3365 714 3667 783 (.‘hil‘lletii,
3715 725 3811 789 qui

2205 806 2638 863 Sirmondiauam
2684 808 2941 863 Chronici
2992 809 3283 864 Marcellini
3335 810 3631 866 editionem
3684 826 3809 867 cum

2208 906 2374 954 veteri
2415 902 2600 957 codice
2645 902 2900 971 Brugensi
2941 913 3374 971 comparaverat.
3426 902 3634 959 Praeter
3676 904 3811 961 istas

2210 1010 2373 1066 porro
2398 996 2636 1065 aliasque
2659 1013 2789 1062 quas
2834 996 2944 1051 suis
2972 995 3105 1050 locis
3133 996 3512 1064 indicavimus,
3540 998 3809 1054 lectiones

2213 1103 2397 1150 novas,
2435 1089 2769 1155 p05tmolum
2808 1096 2860 1143 et
2898 1087 3017 1141 alia:
3061 1086 3213 1141 nobis
3257 1084 3513 1143 Chronici
3566 1089 3812 1158 ejusdem

2212 1178 2264 1231 in
2295 1177 2545 1233 Chil‘ﬂetii
2575 1179 2789 1234 schedis
2818 1190 3203 1245 occurrerunt,
3234 1193 3459 1248 quarum
3508 1179 3813 1237 indiculnm

2213 1272 2389 1325 statim
2432 1272 2700 1325 dabimus.
2733 1289 2751 1321 ι
2798 1270 2905 1324 Has
2949 1286 3079 1324 vero
3134 1268 3460 1340 posteriores
3504 1270 3813 1339 lectiones,

2211 1378 2343 1437 quas
2374 1378 2495 1418 sero
2524 1363 2763 1418 delectas
2802 1362 3023 1417 editioni
3062 1378 3174 1418 suae
3220 1362 3618 1418 Sirmondiana:
3664 1363 3809 1419 Bau-

2215 1460 2333 1514 nius
2378 1458 2640 1526 subjicere
2694 1456 2836 1510 haud
2880 1457 3085 1519 valuit,
3134 1471 3232 1510 nos
3272 1456 3377 1509 suis
3408 1474 3654 1529 quasque
3684 1459 3817 1513 locis

2213 1553 2582 1622 apposuimus.
2617 1548 2815 1603 Verum
2854 1564 2975 1601 cum
3028 1547 3159 1602 alias
3210 1548 3261 1601 in
3306 1546 3452 1603 idem
3500 1548 3813 1604 Chronicon

2217 1642 2617 1698 observationes
2667 1641 2937 1712 longiores
2983 1638 3214 1693 ediderit
3258 1640 3311 1693 in
3361 1652 3455 1692 sua
3502 1638 3821 1708 prmiatione

2216 1736 2463 1791 laudatus
2514 1734 2766 1801 Baunius,
2814 1746 2906 1787 eas
2954 1730 3041 1786 hic
3088 1729 3467 1799 opportunius,
3518 1739 3573 1783 et
3620 1732 3821 1801 aptiori

2218 1829 2433 1898 quidem
2467 1826 2653 1881 ordine
2684 1825 2950 1896 digestas,
2994 1820 3348 1894 prolerendas
3397 1820 3673 1876 duximus.
3731 1823 3824 1880 Sic

523 1919 665 1973 niani
697 1918 1052 1983 ροιιειιιίιιιιηι,
1081 1918 1169 1987 qui
1199 1926 1280 1971 est
1307 1916 1513 1987 imperii
1541 1914 1658 1985 ejus
1678 1928 1852 1969 annus
1872 1922 2114 1981 octavus,

2227 1931 2400 1976 autem
2430 1936 2486 1975 se
2518 1921 2715 1975 habent
2740 1937 2753 1970 :

522 2010 723 2064 Christi
754 2010 876 2072 454,
907 2025 1167 2064 annorum
1195 2009 1446 2064 nimirum
1494 2008 1595 2065 156
1632 2006 1920 2080 periodum
1960 2007 2119 2078 perli-

526 2105 696 2169 ciens,
718 2114 773 2157 ut
802 2106 1024 2171 ipsemet
1040 2113 1229 2158 auctor
1252 2105 1301 2157 in
1322 2118 1416 2158 sua
1433 2102 1750 2174 prtet‘atione
1773 2109 2002 2158 testatur
2024 2102 2119 2174 (c).

596 2191 660 2248 ll.
690 2195 859 2250 Porro
889 2195 1182 2250 Marcellini
1212 2194 1514 2251 Chronieon
1545 2193 1687 2263 quod
1730 2203 1851 2264 post
1890 2194 2117 2264 primam

532 2288 745 2342 Antonii
802 2286 1129 2342 Sdtonhovii
1184 2287 1426 2342 canonici
1477 2287 1769 2359 Brugensis
1824 2285 2118 2342 editionem

533 2379 733 2447 pluries
750 2378 965 2447 prodiit,
983 2379 1394 2445 eaStigalissime
1407 2381 1642 2433 omnium
1660 2377 1889 2434 Parisiis
1905 2378 2122 2448 evulga—

532 2474 608 2525 vit
646 2471 967 2526 Sirmondus
997 2486 1141 2525 anno
1174 2472 1327 2533 1619,
1352 2474 1438 2542 qui
1484 2471 1555 2525 de
1579 2487 1645 2525 eo
1672 2470 1787 2525 hmc
1815 2470 1975 2525 habet
2002 2470 2078 2545 (ά)
2105 2487 2118 2525 :

538 2582 555 2613 ι
588 2563 664 2617 De
709 2561 957 2618 Chronici
1002 2560 1159 2629 hujus
1202 2574 1421 2615 auctore
1470 2562 1780 2615 necessario
1821 2562 2122 2617 monendus

532 2672 632 2717 es,
681 2655 882 2719 lector,
936 2668 1040 2708 non
1096 2655 1314 2707 omnino
1362 2653 1655 2709 Marcellini
1714 2668 1834 2709 esse
1892 2670 2011 2723 qum
2068 2655 2121 2708 in

530 2745 624 2802 illo
647 2748 1005 2803 continentur.
1040 2744 1289 2800 TeSIatut-
1321 2750 1461 2799 enim
1495 2746 1809 2817 praefatione
1850 2763 1943 2801 sua
1981 2746 2122 2803 Mar-

531 2838 755 2895 cellinus
784 2855 844 2894 se
870 2854 1008 2910 Opus
1036 2855 1192 2895 suum
1232 2840 1298 2892 ab
1341 2839 1492 2894 initio
1531 2842 1791 2910 principis
1826 2840 2120 2896 Theodosii

531 2934 595 3007 ad
619 2934 787 3005 Magni
807 2949 976 3005 usque
995 2935 1328 2990 consulatum
1354 2950 1447 3003 per
1464 2951 1632 2989 annos
1654 2936 1756 2989 HO
1780 2936 2117 3005 perduxisse;

535 3036 644 3078 tmn
665 3024 859 3081 deinde
882 3026 1015 3080 alios
1041 3034 1245 3080 tantum
1280 3027 1345 3081 l6
1372 3041 1539 3081 annos
1562 3026 1825 3095 adjeeisse
1846 3072 1858 3093 ,
1889 3042 1916 3079 a
1950 3045 1995 3093 pl
2014 3028 2120 3079 imo

534 3118 730 3172 Justini
760 3118 825 3172 ad
856 3129 1104 3187 quartum
1133 3130 1303 3186 usque
1328 3117 1610 3174 Iustiniani
1657 3116 1880 3187 Augusti
1923 3133 2120 3173 consu-

542 3211 731 3273 latum,
761 3208 869 3262 hoc
897 3216 1000 3274 est,
1039 3206 1103 3263 ad
1159 3224 1356 3265 annum
1388 3210 1583 3265 Christi
1613 3210 1738 3266 434.
1784 3211 1933 3266 Ultra
1976 3211 2122 3267 hunc

2294 2012 2381 2068 IV.
2420 2031 2437 2062 ι
2466 2010 2617 2078 Quod
2660 2025 2829 2064 annus
2871 2008 2968 2065 581
3021 2007 3329 2063 inscribitur
3367 2005 3631 2063 Eucherio
3668 2007 3818 2081 (sive

2227 2104 2513 2175 Euchario)
2546 2114 2591 2159 et
2610 2102 2833 2173 Evagrio
2863 2118 3018 2167 coss.,
3040 2099 3355 2156 mendosum
3384 2101 3435 2155 id
3467 2116 3614 2165 esse,
3638 2115 3700 2156 ac
3724 2115 3824 2173 pro

2226 2198 2447 2270 Evagrio
2498 2197 2840 2253 scribendum
2871 2211 2992 2253 esse
3021 2194 3245 2269 Syagrio
3276 2198 3407 2249 satis
3454 2204 3667 2250 constat
3710 2206 3823 2251 tum

2222 2308 2287 2347 ex
2316 2291 2467 2346 ltlatii
2500 2290 2694 2357 Fastis,
2724 2299 2834 2344 tum
2875 2306 2941 2344 ex
2990 2289 3111 2343 aliis
3156 2289 3385 2355 antiquis
3436 2289 3816 2356 scriptoribus.

2222 2382 2328 2439 Sed
2358 2382 2608 2437 nimirum
2640 2381 2985 2437 similitudine
3031 2379 3309 2445 scriptura:
3354 2377 3551 2432 laetum
3597 2386 3720 2445 est,
3768 2389 3824 2435 ut

2218 2479 2397 2550 primo
2444 2478 2582 2548 apud
2629 2478 2927 2532 Socratem‘
2958 2476 3033 2548 (fl
3071 2475 3313 2550 Εὐάγριος
3339 2486 3436 2541 pro
3466 2474 3736 2551 Συᾶγριος.
3763 2490 3828 2529 ac

2222 2571 2415 2628 deinde
2441 2570 2577 2639 apud
2616 2569 2979 2623 Marcellinum
3017 2566 3234 2635 Evagrio
3276 2578 3371 2633 pro
3410 2564 3640 2635 Syagrio
3689 2566 3827 2621 scri.

2224 2667 2458 2725 beretur.
2495 2666 2629 2719 sicut
2662 2662 2865 2718 notavit
2897 2662 2975 2717 vir
3002 2661 3393 2717 eruditissimus
3417 2660 3658 2716 Joannes
3693 2660 3829 2715 [lar-

2222 2760 2420 2815 duinns
2453 2761 2551 2831 (μ.

2302 2869 2320 2903 ι
2352 2850 2507 2906 Αιιιιο
2538 2850 2660 2915 597,
2695 2846 2916 2903 thsario
2945 2857 2990 2899 et
3025 2846 3190 2901 Attico
3230 2863 3360 2901 coss.
3385 2889 3399 2914 ,
3440 2844 3531 2899 ubi
3569 2842 3828 2900 Flaccilla

2224 2944 2484 2998 Archadio
2526 2952 2644 2996 nata
2695 2941 2921 3012 legitur;
2963 2939 3198 3007 itemque
3235 2953 3379 2992 anno
3410 2937 3543 3002 451,
3572 2936 3827 2991 Antiocho

2222 3045 2270 3090 et
2299 3032 2458 3088 Basso
2489 3051 2642 3096 coss.,
2686 3031 2773 3085 ubi
2817 3031 3067 3085 Flaccilla
3107 3030 3398 3085 Theodosii
3445 3029 3666 3100 Augusti
3706 3026 3829 3084 ﬁlia

2224 3137 2477 3191 vocatur;
2508 3126 2786 3185 Placillam
2818 3136 3047 3196 utroque
3071 3126 3122 3179 in
3148 3123 3267 3179 loco
3289 3124 3448 3179 scribi
3476 3123 3675 3178 debere
3699 3138 3834 3177 eon-

2225 3221 2395 3273 tendit
2426 3218 2616 3273 Petrus
2647 3218 2965 3273 Lambecius
3012 3215 3093 3288 (It)
3126 3234 3137 3270 :
3190 3216 3499 3285 pariterque
3548 3214 3834 3269 emendari

536 3318 732 3356 annum
766 3303 924 3372 igitur
948 3317 1051 3356 non
1081 3303 1809 3372 processeratMarcellinus,
1843 3320 1939 3359 nec
1964 3305 2120 3374 plora
2147 3278 2195 3342 θ
2232 3314 2341 3369 vult
2361 3314 2417 3369 S.
2447 3314 2736 3379 Ambrosii,
2760 3278 3061 3379 Claudiani,
3085 3310 3234 3365 Pauli
3254 3309 3469 3363 Diaconi
3491 3317 3545 3362 et
3570 3309 3835 3376 Prosperi

538 3410 670 3451 sane
704 3396 783 3448 his
812 3394 1018 3449 fuerant
1051 3397 1103 3449 in
1134 3395 1370 3451 editione
1400 3393 1616 3450 Antonii
1640 3395 1994 3463 Schonhovii,
2036 3398 2124 3467 qui

536 3486 841 3542 Chronicon
866 3486 969 3542 hoc
995 3490 1044 3540 in
1071 3487 1246 3542 incem
1278 3486 1481 3557 primus
1508 3487 1673 3542 dedit.
1708 3488 1835 3556 Qum
1871 3489 2127 3559 deinceps

536 3586 830 3647 sequuntur
879 3578 942 3633 ad
992 3577 1151 3632 linem
1200 3595 1367 3646 usque
1415 3578 1674 3650 principis
1711 3579 2029 3646 Jusdniani,
2058 3581 2127 3636 ab

539 3672 645 3725 alio
672 3682 854 3739 pOSIea
886 3671 1137 3742 qu0piam
1165 3672 1369 3740 adjecta
1417 3681 1561 3739 sunt,
1589 3683 1642 3725 et
1672 3688 1698 3724 a
1730 3672 1987 3728 Panviuio
2014 3676 2127 3743 pri-

540 3779 705 3827 mum,
740 3761 933 3819 deinde
963 3761 1029 3817 ab
1059 3763 1174 3816 aliis
1206 3762 1353 3817 nullo
1379 3762 1692 3819 discrimine
1730 3779 1825 3833 pro
1870 3764 2130 3818 Marcelli-

545 3856 717 3909 nianis
739 3854 903 3909 edita.
924 3855 1031 3908 Nos
1054 3870 1117 3908 ex
1143 3853 1507 3909 vetustissimo
1536 3854 1760 3910 Tiliana:
1790 3855 2129 3911 bibliotheca:

538 3947 743 4013 codice,
774 3956 882 4000 tum
914 3946 1199 4001 Marcellini
1233 3947 1410 4000 omnia
1459 3947 1627 4000 multo
1670 3962 1828 4017 quam
1872 3946 2131 4003 hactenus

543 4037 931 4103 emendatiora,
957 4046 1066 4091 tum
1094 4038 1443 4107 appendicmn
1469 4054 1586 4108 quae
1608 4050 1657 4093 et
1690 4042 1799 4108 ipsa
1829 4040 2132 4110 perantiqui

540 4130 821 4197 scriptoris
850 4139 952 4196 est,
987 4131 1173 4183 multis
1202 4132 1442 4199 partibus
1471 4136 1763 4187 auctiorem
1792 4134 1980 4190 damus
2008 4152 2018 4186 :
2053 4136 2136 4189 in-

547 4233 751 4293 tegram
782 4222 977 4288 daturi,
1004 4223 1104 4277 nisi
1133 4238 1230 4277 nos
1260 4225 1491 4279 lacerum
1524 4227 1797 4295 exemplar
1826 4229 1877 4281 in
1906 4229 2135 4299 septimo

548 4325 667 4382 post
688 4314 873 4369 Basilii
904 4316 1241 4370 consulatum
1270 4332 1412 4371 anno
1447 4317 1799 4373 destituisset.
1838 4322 1955 4388 Quo
1990 4322 2136 4374 iacto

546 4406 597 4460 in
628 4406 847 4476 reliquis
882 4405 947 4460 ad
1000 4406 1159 4461 linem
1205 4424 1370 4479 usque
1413 4409 1798 4465 Panvinianam
1844 4413 2133 4468 editionem

545 4500 699 4570 sequi
722 4515 945 4557 necesse
976 4501 1157 4569 fuerit,
1188 4503 1419 4571 demotis
1448 4519 1708 4563 annorum
1737 4506 1804 4561 ad
1821 4506 2139 4583 calcemepi-

545 4592 813 4663 logismis;
849 4608 983 4662 quos
1016 4594 1217 4649 idcirco
1268 4598 1752 4664 pra-termittendos
1796 4599 2133 4664 censuimus,

545 4685 667 4754 quia
695 4684 827 4739 nihil
853 4684 975 4740 illos
1003 4702 1171 4756 neque
1194 4688 1259 4741 ad
1285 4689 1576 4743 Marcellini
1604 4690 1936 4755 Chronicon,
1956 4709 2137 4763 neque

546 4776 610 4828 ad
647 4774 765 4844 ejus
787 4775 1151 4846 Appendicem
1192 4781 1459 4846 pertinere
1486 4783 1821 4839 constabat.»
1855 4784 2139 4856 [lucusque

547 4867 883 4922 Sirmondus.

620 4956 703 5011 Ill.
734 4957 1000 5014 Interesse
1028 4972 1204 5014 autem
1239 4972 1485 5031 putamus
1524 4963 1607 5019 his
1648 4967 1805 5019 modo
1850 4969 2032 5023 relatis
2074 4983 2135 5025 ea

550 5048 778 5103 subdere
835 5067 953 5121 quin
1015 5054 1082 5107 de
1137 5056 1325 5109 eodem
1386 5071 1549 5123 opere
1600 5059 1649 5112 in
1703 5060 1907 5115 litteras
1960 5063 2139 5120 rctulit

551 5140 1048 5199 Sirmondianorum
1094 5147 1267 5202 editor
1294 5149 1545 5203 Baunius.
1583 5154 1671 5206 Sic
1700 5153 1857 5221 igitur
1887 5156 1977 5210 ille
1996 5157 2071 5229 (e)
2097 5175 2110 5211 :

461 5297 468 5304 ε
555 5248 573 5281 ι
611 5231 917 5297 Chronicon
948 5238 1244 5301 Marcellini
1294 5240 1515 5297 Comitis
1561 5260 1770 5303 rursum
1809 5250 2133 5313 contulimus

547 5338 669 5380 cum
715 5343 846 5385 mss.
872 5330 1121 5395 duobus,
1173 5350 1276 5391 uno
1327 5336 1532 5406 collegii
1584 5340 1755 5393 nostri
1794 5340 2131 5409 Parisiensis,

549 5416 719 5474 altero
747 5420 1084 5485 bibliouteca
1107 5426 1427 5483 Victorintc:
1469 5441 1627 5500 atque
1666 5449 1731 5489 ex
1773 5434 1835 5487 iis
1877 5436 2134 5494 lectiones

622 5596 700 5688 (ai
727 5604 977 5688 Cassiod.
1009 5609 1076 5667 de
1102 5610 1281 5688 losjtit.
1310 5615 1487 5673 Divin.
1524 5616 1647 5673 Litt.
1677 5631 1796 5687 cap.
1828 5618 1917 5675 “25.

623 5675 703 5747 (ὁ)
730 5675 806 5731 Μ.
838 5675 967 5731 ibid.
1000 5696 1116 5747 cap.
1160 5684 1236 5737 l7.

624 5751 697 5831 lc‘)‘
730 5749 1197 5831 Marcell._pr:elnt.
1229 5756 1292 5809 ad
1321 5756 1522 5831 Chron.
1554 5758 1709 5811 inira.

646 5822 701 5887 ά)
734 5821 1006 5875 Sirtuond.
1045 5830 1247 5888 przc'at.
1278 5827 1340 5878 ad
1371 5828 1569 5882 Chron.
1602 5829 1835 5883 Marcell.

647 5890 699 5959 e)
730 5890 896 5945 Baun.
927 5894 1133 5964 praefat.
1179 5897 1246 5951 ad
1279 5906 1409 5955 tom.
1440 5898 1478 5952 ll
1517 5901 1652 5970 Opp.
1691 5902 1968 5960 Sirtnond.
2011 5900 2042 5975 §
2077 5904 2131 5960 5.

2235 3409 2403 3469 locos.
2435 3408 2523 3462 ubi
2558 3407 2807 3461 videlicet
2840 3421 2936 3475 pro
2966 3404 3191 3459 Placilla
3222 3404 3473 3458 nominari
3506 3398 3835 3457 Flaccillam

2234 3508 2417 3570 putat:
2451 3500 2646 3569 quippe
2678 3497 2966 3553 Theodosii
3005 3497 3217 3569 quidem
3264 3495 3424 3549 ﬁliam
3468 3494 3618 3549 haud
3663 3494 3837 3550 dubie

2232 3590 2511 3645 Placillam
2556 3592 2750 3645 dictam
2804 3589 2966 3644 fuisse
3008 3588 3072 3643 de
3119 3588 3334 3643 nomine
3380 3586 3626 3641 Placidiar
3654 3629 3667 3652 ,
3713 3588 3835 3642 sive

2238 3682 2507 3749 Placilltc,
2552 3683 2767 3737 Antonii
2799 3681 2944 3747 (ilic,
2978 3683 3163 3751 primm
3194 3681 3376 3735 uxoris
3402 3677 3693 3733 Theodosii
3719 3695 3734 3743 ;
3764 3696 3833 3733 ac

2234 3774 2428 3830 deinde
2454 3774 2519 3828 ad
2550 3774 2710 3828 ﬁlium
2742 3789 2953 3843 quoque
2980 3772 3216 3838 Arcadii,
3248 3770 3539 3828 Theodosii
3585 3780 3826 3838 neptem,

2234 3867 2365 3922 illud
2424 3882 2616 3921 nomen
2672 3867 2965 3920 transiisse.
3027 3866 3278 3922 Socrates
3331 3862 3546 3935 quidem
3594 3864 3829 3937 primam

2236 3961 2525 4017 Theodosii
2558 3976 2775 4015 uxorem
2820 3959 3060 4014 nominat
3105 3956 3381 4025 Πλακίδην,
3434 3956 3597 4011 tiliam
3644 3966 3829 4010 autem

2235 4054 2526 4109 Theodosii
2555 4063 2607 4107 ct
2635 4052 2799 4107 Galba
2825 4051 3091 4107 Πλακιδὶαν
3121 4051 3217 4121 (i);
3265 4066 3326 4105 ac
3384 4051 3615 4121 priorem
3658 4048 3835 4103 Soza-

2238 4161 2427 4201 mcnus
2458 4146 2748 4201 ῐιλακίλλαν.
2783 4146 2849 4198 At
2889 4145 3147 4198 llenricus
3201 4143 3443 4197 Valesius
3491 4150 3635 4196 notat
3684 4141 3833 4197 hanc

2238 4240 2306 4293 ab
2339 4238 2642 4308 Epiphanio
2667 4238 2994 4292 Scholastico
3027 4236 3330 4291 Flaccillam
3361 4237 3489 4303 dici,
3524 4246 3575 4291 et
3604 4236 3831 4306 quidem

2238 4332 2475 4383 rectius:
2519 4331 2598 4384 sic
2642 4330 2784 4384 enim
2834 4330 2886 4384 in
2938 4331 3209 4384 veteribus
3257 4328 3489 4383 nummis
3540 4328 3831 4397 appellari.

2237 4422 2372 4485 Tum
2403 4424 2515 4480 haec
2544 4422 2725 4493 adjicit
2756 4424 2861 4496 (j):
2897 4422 3001 4479 Sed
3045 4425 3226 4477 mirum
3267 4433 3337 4475 est
3380 4422 3582 4476 ercos
3627 4423 3682 4473 in
3728 4422 3835 4475 hoc

2232 4518 2442 4572 nomine
2490 4520 2595 4587 fere
2651 4516 3003 4571 hallucinari:
3050 4533 3209 4582 supra
3269 4516 3399 4567 enim
3461 4515 3834 4567 observavimus

2240 4610 2478 4665 nmmo»
2506 4608 2607 4661 dici
2636 4624 2668 4660 a
2696 4607 2906 4662 Socrate
2934 4624 3025 4676 pro
3056 4605 3335 4669 Flaccilla,
3375 4608 3461 4675 qui
3502 4606 3598 4683 fuit
3643 4606 3834 4659 Antio-

2164 4661 2441 4759 Ddtensis
2465 4702 2751 4771 episcopus.
2792 4700 3012 4755 Demum
3059 4700 3293 4755 Joannes
3341 4680 3645 4752 llarduinus
3692 4700 3837 4753 scite

2244 4793 2530 4848 admodum
2578 4803 2759 4847 monet
2786 4834 2802 4859 ,
2854 4804 3139 4862 utcumque
3179 4790 3350 4846 Graeci
3394 4789 3726 4860 scripserint,
3760 4791 3836 4847 de

2240 4884 2446 4939 Latinae
2471 4884 2667 4953 reginae
2692 4882 2905 4938 nomine
2938 4883 3095 4937 tidem
3125 4882 3309 4937 haberi
3342 4881 3514 4950 potius
3543 4880 3835 4936 Ambrosio

2244 4976 2469 5043 aliisqze
2498 4975 2699 5029 Latinis
2731 4974 2945 5039 debere,
2976 4974 3061 5044 qui
3092 4988 3310 5027 uxorem
3335 4971 3624 5028 Theodosii
3649 4974 3837 5029 senio-

2243 5068 2316 5123 ris
2348 5066 2655 5120 Flaccillant
2689 5077 2898 5121 vocant.

2320 5183 2337 5215 ι
2370 5162 2447 5217 Ad
2482 5177 2677 5215 annmn
2710 5160 2835 5223 525,
2870 5160 3152 5213 Philoxeno
3178 5170 3222 5213 et
3253 5160 3419 5214 Probo
3449 5178 3607 5225 coss.,
3632 5161 3717 5215 ubi
3750 5161 3835 5215 sic

2241 5256 2433 5325 legitur
2460 5273 2471 5306 :
2506 5254 2732 5309 Joannes
2766 5252 2829 5307 li.
2864 5251 2930 5313 Ε.
2962 5269 3094 5323 papa
3116 5268 3195 5317 μ,
3224 5269 3359 5307 anno
3387 5270 3414 5304 η
3444 5252 3666 5309 Petro...
3693 5250 3832 5321 ηδ,

2237 5348 2540 5407 Chilﬂetins
2567 5348 2713 5417 ponit
2740 5347 2863 5413 135,
2894 5346 3130 5403 codicem
3163 5356 3340 5401 tamen
3390 5347 3593 5407 nullum
3629 5345 3835 5401 citam.

2238 5442 2317 5501 Ac
2348 5449 2534 5510 postea
2576 5437 2990 5497 Schtslcstratius
3035 5437 3086 5493 in
3134 5437 3587 5495 Dissertationibus
3629 5436 3840 5511 quibus

2316 5624 2384 5692 (f)
2417 5624 2623 5676 Socral.
2660 5622 2791 5676 llisl.
2830 5622 2975 5675 Eccl.
3005 5622 3093 5673 lib.
3128 5638 3178 5687 ν,
3211 5639 3327 5685 cap.
3361 5621 3413 5676 8.

2318 5690 2393 5763 lg)
2427 5693 2679 5744 Ilnrtlttin.
2714 5692 2764 5744 in
2796 5694 2935 5745 nolis
2966 5695 3027 5743 nti
3055 5706 3191 5746 ornt.
3224 5693 3282 5747 16
3308 5690 3613 5749 Themistﬁ.

2310 5767 2391 5833 (Ii)
2422 5765 2603 5818 Lamb.
2635 5765 2767 5818 Bibl.
2800 5766 2934 5819 Caes.
2972 5766 3059 5817 lih.
3090 5781 3149 5830 tt,
3180 5780 3295 5836 pag.
3330 5764 3456 5819 535.

2312 5836 2374 5901 li)
2402 5839 2611 5890 Socrat.
2640 5839 2731 5888 lib.
2767 5852 2837 5904 tv,
2868 5851 2985 5904 t‘ap.
3014 5837 3099 5892 51.

2308 5906 2383 5977 (j)
2416 5907 2591 5963 Vales.
2626 5902 2830 5963 Adnot.‘
2852 5908 2917 5962 ad
2937 5902 3157 5964 ‘Socrat.
3184 5906 3277 5965 lib.
3308 5919 3383 5975 tv,
3413 5918 3535 5979 cap.
3561 5902 3664 5969 ﬂ.
