4052 6338
533 306 636 366 859

529 520 611 573 sui
642 535 796 585 xviii,
826 522 877 576 in
907 524 1132 581 Domino
1163 530 1447 599 requievit.

509 634 617 701 (Α.
649 632 711 688 C.
740 637 895 708 385.)
916 636 1039 695 Ind.
1069 656 1145 707 xi,
1191 644 1508 704 Merobaude
1530 664 1570 705 it
1589 659 1638 706 et
1663 651 1950 712 Saturnino
1970 674 2107 717 coss.

516 778 523 794 ι
598 747 861 805 Romana:
891 750 1149 810 Ecclesiae
1175 756 1399 814 Siricius
1426 760 1651 821 XXXVI
1662 768 1888 825 antistes
1918 772 2106 843 lactus,

523 839 659 895 vixit
687 857 857 898 annos
878 860 968 899 xv.
1000 845 1302 907 Archadius
1333 855 1471 921 patri
1500 871 1601 912 suo
1636 858 1939 917 Theodosio
1966 839 2103 938 Aug.

1803 323 2221 385 MARCELLINI
2260 332 2531 394 COMITIS

531 426 682 482 berio
711 436 765 484 et
795 428 996 498 Felice,
1030 430 1225 491 XXXV
1254 437 1559 510 episcopus,
1593 456 1736 499 anno
1767 447 2109 515 pontiﬁcatus
2136 450 2190 511 Α

3701 367 3810 428 920

2289 454 2375 527 (Α.
2408 458 2470 514 C.
2502 458 2652 534 592.)
2686 462 2812 522 Ind.
2835 479 2889 536 ν,
2912 467 3169 528 Archadto
3211 484 3251 531 tt
3279 484 3326 531 et
3354 475 3551 550 Ruﬁno
3588 498 3724 541 coss.

2212 630 2219 631 ί
2290 572 2610 646 Arbogastes
2639 580 3018 643 Valentiniano
3054 589 3185 661 imp.
3220 594 3509 663 exstincto,
3548 609 3606 654 et
3635 601 3804 675 Euge-

2214 663 2305 719 nio
2328 666 2543 726 Cmsare
2575 673 2739 745 laeto,
2768 677 3082 737 innumeras
3121 682 3455 759 invictasqne
3484 692 3675 763 copias
3704 713 3805 751 un-

2212 757 2373 829 dique
2395 761 2445 816 ιη
2474 764 2676 823 Gallias
2694 774 2988 841 contraxit,
3011 757 3481 839 Occidentale-sibi
3511 757 3798 858 imperium

2214 860 2397 922 utpote
2450 858 2844 932 vindicaturus,
2885 868 2967 922 vir
2997 869 3280 940 barbarus,
3310 878 3514 944 animo,
3545 885 3796 953 consilio,

520 944 746 987 consors
769 934 979 1005 imperii
1008 940 1237 1010 septimo
1263 943 1330 998 ab
1372 944 1519 1002 Urbe
1543 949 1792 1007 milliario
1820 968 2061 1014 coronati

2211 960 2393 1010 manu.
2418 951 2663 1020 audacia,
2697 959 3042 1031 potentiaque
3064 934 3284 1020 nimius.
3308 967 3597 1027 Contraxit
3616 934 3797 1033 auten;

518 1034 623 1082 est.
647 1025 935 1086 Gratianus
960 1033 1089 1104 imp.
1116 1036 1329 1092 Maximi
1351 1042 1561 1111 tyranni
1584 1044 1710 1101 dolo
1730 1049 1870 1117 apud
1893 1049 2105 1124 Lugdu-

518 1133 645 1175 num
673 1122 883 1178 occisus
912 1133 997 1180 est
1022 1142 1115 1182 viii
1140 1126 1245 1185 kal.
1279 1130 1637 1203 Septembris.

515 1231 692 1303 (A.C.
720 1236 868 1309 584.)
920 1238 1047 1295 Ind.
1102 1258 1193 1309 xii,
1256 1244 1558 1305 Richomere
1601 1261 1652 1307 et
1678 1253 1921 1313 Clearclw
1950 1259 2097 1316 'coss.

586 1343 765 1416 Legati
786 1348 1070 1406 Persarum
1095 1353 1613 1430 Constantinopolim
1635 1366 1988 1439 advenerunt,
2005 1389 2098 1444 pa-

510 1450 629 1491 cem
668 1454 696 1491 a
726 1439 1033 1499 Theodosio
1064 1448 1302 1519 principe
1329 1451 1451 1524 [ΑΙ.
1480 1454 1765 1513 Theodosii
1795 1439 2097 1541 principis]

509 1529 860 1596 postulantes.
892 1534 1094 1592 Eodem
1128 1548 1366 1611 tempore
1398 1546 1662 1605 Honorius
1692 1529 1829 1610 alter
1849 1529 2096 1616 Theodo:

507 1619 589 1675 sio
620 1634 776 1679 natus
807 1635 889 1695 est
920 1629 1063 1683 lilius
1094 1647 1280 1689 mense
1303 1636 1629 1708 Septembri.

2208 1037 2759 1111 nndiqueinnumeras
2776 1052 2981 1121 copias,
3002 1055 3086 1110 vel
3118 1056 3483 1119 Romanorum
3504 1067 3794 1137 prasidiis,

2206 1132 2291 1187 vel
2316 1132 2674 1195 Barbarorum
2699 1144 2935 1213 auxiliis,
2960 1147 3089 1204 alibi
3112 1160 3404 1223 potestate,
3437 1132 3566 1213 alibi
3589 1175 3795 1231 cogna-

2205 1222 2349 1280 tione
2389 1227 2671 1287 subnixus.
2704 1233 2886 1306 Usque
2933 1238 3075 1296 hunc
3104 1258 3196 1298 xtx
3239 1222 3533 1305 Theodosii
3579 1222 3794 1322 imperii

2202 1329 2422 1384 annum,
2454 1320 2643 1378 beatus
2673 1324 3031 1400 Hieronymus
3072 1344 3190 1402 post
3219 1340 3595 1398 ascensionem
3627 1344 3696 1400 D.
3724 1345 3789 1402 Ν.

2201 1411 2327 1467 Jesu
2350 1412 2571 1485 Christi,
2597 1434 2627 1474 a
2651 1419 2812 1478 Petro
2833 1428 3079 1496 apostolo
3108 1430 3392 1502 incipiens,
3416 1444 3472 1491 et
3498 1436 3555 1492 in
3588 1447 3792 1496 semet-

2200 1504 2374 1575 ipsum
2406 1509 2684 1580 desinens,
2715 1532 2890 1573 cxxxv
2925 1520 3163 1578 virorum
3203 1526 3488 1585 illustrium
3521 1535 3789 1591 ecclesia~

2199 1597 2330 1653 stica
2364 1600 2643 1660 volumina
2675 1605 2983 1679 descripsit,
3033 1614 3173 1684 apud
3210 1616 3493 1674 Bethleem
3527 1625 3784 1694 oppidum

2196 1686 2427 1760 degens;
2471 1692 2561 1749 ubi
2611 1704 2666 1751 et
2720 1703 3105 1759 monasterium
3142 1706 3248 1763 sibi
3292 1710 3556 1778 condidit,
3585 1725 3641 1771 et
3679 1719 3783 1775 alia

576 1735 666 1806 (Ᾱ.
694 1736 755 1792 C.
789 1740 940 1812 585.)
965 1741 1088 1799 Ind.
1122 1762 1237 1813 χιιι,
1270 1750 1529 1808 Archadio
1549 1767 1597 1810 et
1619 1756 1857 1817 Baulone
1885 1779 2017 1820 coss.

576 1845 912 1898 Theodosius
950 1855 1074 1898 imn,
1130 1858 1426 1898 nlinnnnlnc
1460 1866 1597 1898 rem...
1630 1868 1718 1898 ru
1767 1874 1957 1898 -.__.--1
1988 1893 2046 1898 μ-

2201 1735 2427 1760 ..-ε-..-ν
2473 1735 2561 1749 nu.
2611 1735 2666 1751 νυ
2722 1735 3105 1759 ιιιυιιαοισιιυιιι
3142 1735 3248 1763 mut
3292 1735 3556 1778 υυιιυιυιι,
3585 1735 3641 1771 ει
3679 1735 3783 1775 alla

2194 1785 2363 1841 multa
2392 1789 2759 1849 ecclesiastica
2787 1795 2981 1853 litteris
3008 1815 3222 1873 quoque
3244 1803 3528 1863 Hebraicis
3557 1809 3783 1868 edoctus

576 1845 912 1907 Theodosius
950 1855 1077 1925 imp.
1129 1858 1428 1929 aliquantae
1460 1866 1598 1923 ans
1630 1868 1735 1942 [AL
1765 1874 1957 1948 saevas]
1988 1893 2084 1933 na-

501 1939 678 1996 tiones
709 1958 804 2011 per
849 1944 1052 2015 legatos
1083 1964 1209 2005 suos
1237 1969 1335 2008 suo
1365 1965 1550 2027 utpote
1579 1939 1806 2032 imperio
1826 1939 2082 2025 subdidit.

497 2031 589 2105 (A.
615 2033 678 2090 C.
712 2034 865 2108 586.)
890 2038 1015 2094 Ind.
1039 2057 1150 2109 xtv,
1176 2044 1412 2103 Honorio
1443 2050 1643 2109 Ctesare
1660 2031 1717 2109 iet
1740 2057 1938 2114 Evodio
1951 2079 2081 2119 coss.

564 2124 809 2181 lnvasam
850 2129 1103 2201 princeps
1145 2134 1483 2195 Theodosius
1531 2144 1599 2198 ab
1644 2145 1889 2204 hostibus
1912 2152 2082 2208 'l‘lira-

493 2217 630 2271 ciam
676 2219 987 2290 vindicavit,
1031 2227 1312 2299 victorque
1341 2247 1462 2287 cum
1508 2238 1775 2296 Archadio
1824 2245 1935 2299 lilio
1982 2261 2080 2303 suo

491 2307 697 2365 Urbem
744 2313 1019 2384 ingressus
1067 2329 1170 2375 est.
1206 2320 1357 2379 Galla
1398 2326 1685 2387 Theodosii
1728 2337 1868 2406 regis
1909 2339 2076 2396 altera

489 2417 629 2457 uxor
654 2404 739 2460 his
767 2410 1078 2465 consulibus
1108 2412 1633 2490 Constantinopolim
1658 2431 1820 2482 venit.

486 2514 576 2585 (Α.
605 2516 669 2572 C.
696 2520 990 2593 587.)!nd.
1021 2541 1110 2593 xv,
1138 2527 1502 2589 Valentiniano
1526 2552 1581 2591 ιιι
1600 2548 1645 2592 et
1665 2539 1923 2614 Eutropio
1939 2563 2067 2604 coss.

555 2630 859 2690 Archadius
892 2638 1076 2694 Ctesar
1129 2658 1251 2698 cum
1302 2656 1452 2713 patre
1490 2664 1588 2704 suo
1621 2653 1928 2713 Theodosio
1973 2676 2068 2717 sua

481 2722 898 2791 quinquennalia
929 2731 1240 2788 celebravit.
1266 2735 1603 2796 Theodosius
1626 2744 1842 2815 Magnus
1864 2747 2067 2808 ltaliam

481 2824 667 2869 contra
696 2817 982 2877 Maximum
1014 2834 1299 2895 tyrannum
1333 2845 1663 2902 pugnaturus
1687 2844 1933 2899 acceSsit.

479 2926 569 2999 (Α.
594 2928 655 2984 C.
684 2932 837 3005 588.)
862 2933 984 2991 Ind.
1017 2954 1055 3006 ι,
1079 2940 1366 3000 Theodosio
1395 2947 1527 3020 Aug.
1556 2966 1595 3005 ιι
1621 2963 1668 3005 et
1691 2954 1913 3028 Cynegio
1929 2974 2062 3013 coss.

549 3042 960 3104 Valentinianus
988 3050 1226 3110 Gratiani
1273 3058 1438 3115 frater
1465 3072 1519 3118 et
1560 3066 1895 3126 Theodosius
1927 3071 2058 3143 imp.

2193 1876 2431 1948 scripsit,
2486 1880 2753 1956 ﬁnemque
2791 1887 2915 1942 vitae
2946 1904 3059 1945 sua:
3097 1892 3386 1951 admodum
3430 1912 3601 1956 senex
3634 1900 3778 1968 fecit,

2188 1968 2370 2041 ibique
2415 1975 2656 2045 sepultus
2705 1988 2818 2046 est;
2857 1983 3138 2041 catholicis
3187 1988 3401 2058 quidem
3446 1992 3780 2066 inexpugna-

2188 2061 2312 2116 bilis
2341 2065 2591 2122 ecelesiaz
2620 2071 2803 2137 turris,
2832 2072 3102 2131 haereticis
3136 2089 3316 2135 autem
3354 2084 3607 2141 omnibus
3644 2088 3779 2144 iula-

2185 2150 2420 2222 tigahilis
2449 2157 2641 2228 hostis,
2668 2169 2776 2216 tam
2811 2167 3090 2235 proposito
3116 2170 3238 2225 vitae
3265 2186 3398 2240 sure,
3425 2190 3590 2247 quam
3613 2177 3775 2235 libro-

2183 2260 2299 2300 rum
2334 2262 2363 2301 a
2394 2264 2453 2303 se
2482 2251 2749 2310 editorum
2781 2259 3170 2319 assertionibus
3199 2264 3538 2337 depugnans.

2180 2336 2269 2405 (Α.
2299 2338 2357 2393 C.
2385 2340 2537 2415 595.)
2567 2340 2693 2400 Ind.
2718 2362 2791 2414 vi,
2820 2348 3108 2409 Theodosio
3131 2371 3189 2411 ιιι
3213 2366 3258 2411 et
3281 2336 3614 2420 Abiundantio
3639 2384 3770 2425 coss.

2251 2447 2546 2509 Honorium
2593 2465 2747 2527 pater
2785 2477 2914 2518 suus
2944 2463 3279 2524 Theodosius
3330 2471 3382 2525 in
3424 2475 3620 2532 eodem
3651 2480 3771 2538 loco

2176 2554 2282 2609 quo
2311 2540 2530 2599 l‘ratrem
2561 2548 2678 2616 ejus
2724 2550 3072 2621 Archadium,
3103 2557 3374 2616 Caisarem
3422 2563 3570 2631 fecit,
3603 2569 3652 2623 id
3684 2582 3769 2627 est

2173 2634 2406 2702 septimo
2432 2636 2499 2692 ab
2528 2640 2662 2695 urbe
2697 2644 2839 2712 regia
2872 2646 3150 2703 milliario.
3197 2651 3346 2709 Tunc
3386 2657 3589 2730 quippe
3634 2661 3765 2720 hora

2176 2723 2280 2780 diei
2308 2728 2460 2783 tertia
2489 2732 2725 2789 tenebrae
2758 2735 2910 2793 facta;
2940 2750 3086 2796 sunt.

2173 2838 2262 2909 (A.
2293 2841 2355 2896 C.
2386 2844 2537 2917 594.)
2568 2846 2693 2903 Ind.
2727 2865 2817 2917 vn,
2848 2854 3105 2914 Arcltadio
3126 2875 3183 2916 tu
3215 2871 3262 2916 et
3296 2863 3532 2923 Honorio
3560 2887 3599 2926 tt
3623 2889 3754 2930 coss.

2240 2951 2573 3014 Theodosius
2613 2964 2884 3032 Angustus
2912 2982 3189 3042 assumpto
3232 2975 3474 3037 Honorio
3513 2981 3751 3057 Caesare,

2167 3044 2463 3117 eodemque
2509 3050 2640 3120 lilio,
2691 3066 2883 3111 contra
2922 3058 3276 3133 Arbogastem
3316 3071 3410 3139 qui
3453 3044 3754 3146 Eugenium

474 3131 765 3191 Maximum
810 3150 1093 3209 tyranuum
1142 3155 1197 3201 ει
1234 3148 1500 3207 Victorem
1545 3156 1709 3212 ﬁlium
1748 3160 1864 3229 eius
1917 3168 2057 3234 apud
2168 3140 2855 3253 tyrannumimperatorem
2882 3149 3061 3209 facere
3081 3170 3367 3265 aususest,
3401 3163 3753 3274 itergnmpro-

474 3225 776 3274 Atittileiam
824 3233 1173 3274 l‘nllollzlnlnln
1208 3240 1449 3274 "inm"...
1528 3248 1920 3274 ι...ι....--.ι-ε.--
1977 3272 1988 3274 -
2086 3212 2133 3274 Ο
2167 3238 2412 3274 nerant:
2445 3231 2589 3274 halln
2628 3251 2920 3274 Dnmmncan
2950 3244 3219 3274 n..-.......-
3252 3262 3420 3274 _---._-
3474 3273 3482 3274 ,

474 3225 776 3292 Aquileiam
822 3233 1173 3291 rebellantem
1208 3240 1469 3298 vicerunt.
1518 3225 1923 3320 Andragathius
1955 3225 2061 3312 uco-
2086 3225 2133 3274 υ
2165 3230 2412 3329 peram:
2445 3231 2589 3329 lieno
2628 3241 2920 3298 commisso
2949 3244 3220 3317 agemus
3252 3253 3423 3310 vim"
3464 3270 3631 3329 “qua
3655 3279 3754 3319 ca'

475 3331 593 3370 mes
624 3328 796 3375 morte
817 3322 1029 3379 Maximi
1057 3329 1267 3399 cognita
1300 3337 1625 3406 przecipiiem
1657 3357 1775 3398 sese
1803 3359 1833 3399 e
1860 3348 1979 3403 navi
2006 3349 2057 3405 in

471 3408 646 3465 undas
674 3410 815 3467 dedit
846 3430 911 3470 ac
940 3418 1230 3476 sull‘ocatus
1258 3434 1360 3480 est.

575 3524 669 3597 (Α.
691 3527 755 3581 C.
786 3529 939 3602 589.)
966 3530 1089 3588 Ind.
1114 3552 1168 3602 ll,
1204 3536 1430 3596 Timasio
1459 3553 1504 3599 et
1536 3545 1783 3604 Promoto
1812 3568 1944 3608 coss.

538 3634 878 3697 Theodosius
934 3645 1062 3715 imp.
1093 3664 1215 3704 cum
1258 3652 1495 3711 Honorio
1526 3659 1639 3715 tilio
1687 3676 1784 3719 suo
1825 3666 2050 3725 Romam

462 3743 651 3785 mense
683 3731 843 3789 Juuio
890 3738 1151 3806 introivit,
1187 3748 1515 3817 congiarium
1564 3752 1804 3812 Romano
1855 3763 2051 3831 populo

460 3822 670 3889 tribuit,
715 3825 964 3899 Urbcque
1007 3847 1257 3902 egressus
1296 3849 1379 3893 est
1422 3840 1529 3897 kal.
1562 3822 2049 3915 Septettihris.'Per

460 3913 605 3969 idem
630 3926 838 3987 tempus
862 3927 1067 3991 grando
1082 3928 1353 3996 crepitans
1378 3949 1472 3999 per
1495 3913 1711 3993 biduum
1732 3945 2043 4002 continuum

461 4021 559 4074 pro
589 4010 762 4074 pluvia
797 4014 1012 4078 cecidit,
1045 4032 1298 4086 pecorum
1345 4024 1705 4098 arborumque
1752 4034 2040 4100 pernicies.

458 4094 626 4151 Stella
669 4115 697 4153 a
748 4109 1120 4166 septentrione
1169 4113 1443 4179 gallicinio
1485 4134 1731 4191 surgens,
1762 4135 1817 4180 et
1847 4128 1898 4182 iti
1928 4146 2039 4185 mo-

455 4188 581 4244 dtttii
606 4190 839 4248 Lucifeti
860 4198 1053 4253 ardetis
1079 4203 1256 4269 potius
1272 4223 1429 4275 quam
1452 4188 1742 4279 splendens
1767 4225 2037 4290 apparuit,

456 4282 713 4339 vicesimo
756 4292 915 4342 tertio
955 4290 1041 4346 die
1081 4292 1186 4365 [ΑΙ.
1242 4298 1501 4355 vicesimo
1548 4305 1654 4378 die]
1687 4324 1806 4364 esse
1856 4312 2033 4370 desiit.

455 4376 739 4446 Templum
790 4382 1067 4453 Serapidis
1116 4388 1253 4455 apud
1313 4376 1696 4453 Alexandriam
1744 4402 2033 4462 Theodosii

450 4466 587 4540 imp.
610 4472 789 4528 edicto
821 4476 1054 4533 solutum
1086 4490 1187 4535 est.

519 4584 611 4656 (Α.
644 4584 706 4642 C.
735 4586 887 4661 590.)
936 4589 1183 4681 Ιηίιηιιιι,Δ
1240 4595 1597 4681 Valentiniano
1646 4606 1780 4681 Aug.
1824 4627 1874 4666 tv
1914 4624 1961 4667 et

1052 4664 1105 4717 Ν
1108 4672 1293 4722 eolerio
1314 4689 1447 4729 coss.

520 4749 741 4819 Signum
771 4749 826 4807 in
856 4754 994 4812 casio
1017 4760 1170 4825 quasi
1193 4762 1438 4819 columna
1463 4771 1701 4837 pendens
1724 4776 2027 4848 ardensque

443 4856 541 4910 per
568 4843 686 4897 dies
715 4861 816 4900 xxx
842 4849 1112 4916 apparuit.
1148 4851 1299 4907 Galla
1329 4855 1618 4915 Theodosii
1669 4882 1803 4920 uxor
1833 4872 1899 4924 ah
1927 4874 2025 4928 Ar-

440 4933 636 4987 ehadio
681 4936 927 5007 pringno
969 4955 1067 4994 suo
1097 4942 1266 5011 ejt-Cta
1311 4958 1411 5001 est.
1459 4950 1740 5011 Obeliscus
1785 4960 1834 5013 in
1879 4964 2023 5019 circo

438 5027 648 5093 positus
669 5034 789 5083 est:
822 5032 1068 5086 columna
1096 5033 1235 5089 haud
1284 5038 1437 5108 longe
1468 5044 1535 5097 ab
1565 5048 1791 5105 ecclesia
1818 5059 2019 5112 consti-

435 5122 548 5171 tuta
578 5128 681 5186 est,
722 5136 841 5188 qua:
887 5137 1195 5193 argenteam
1237 5130 1521 5190 Theodosii
1564 5139 1735 5211 Magni
1784 5154 2013 5205 statuam

432 5205 616 5264 ferens
640 5208 896 5268 hactenus
925 5222 1340 5289 contemplatur.

501 5317 595 5392 (A.
630 5323 690 5375 C.
717 5325 871 5396 591.)
901 5328 1024 5385 Ind.
1060 5348 1132 5402 tv,
1166 5333 1383 5393 Tatiano
1405 5352 1451 5395 et
1479 5341 1786 5412 Symmacho
1808 5368 1937 5407 coss.

503 5411 839 5473 Theodosius
864 5420 994 5491 imp.
1020 5424 1166 5480 Italia
1196 5430 1463 5488 decedens
1490 5438 2008 5512 Constantinotiolim

426 5508 709 5563 remeavit.
756 5510 1156 5573 Valentinianus
1201 5521 1327 5593 imp.
1386 5529 1527 5597 apud
1577 5530 1836 5591 Viennam
1885 5539 2010 5598 dolo

426 5600 747 5672 Arhogastis
777 5610 1143 5679 strangulatus
1172 5615 1375 5673 interiit
1415 5622 1540 5677 idib.
1576 5626 1798 5683 Martiis.
1836 5630 2010 5703 Euge-

426 5692 547 5746 nius
586 5695 895 5768 Arbogastis
951 5700 1130 5764 favore
1178 5709 1416 5768 conﬁsus
1461 5712 1743 5789 imperium
1792 5722 2009 5781 sibimet

426 5788 725 5847 usurpavit.

2165 3330 2287 3387 plus
2314 3322 2626 3381 interfectus
2655 3339 2767 3397 est;
2804 3332 3131 3406 Arbogastes
3151 3356 3247 3397 sua
3273 3359 3329 3399 se
3358 3361 3515 3402 manu
3544 3365 3753 3419 percn-

2159 3410 2239 3465 lit.
2275 3412 2607 3474 Terrzemotu
2648 3437 2675 3477 a
2710 3439 2893 3483 mense
2916 3428 3260 3507 Septembrio
3286 3437 3336 3493 in
3359 3410 3748 3505 Novembrium

2157 3505 2413 3563 continuo
2468 3509 2809 3581 imminente,
2863 3505 3149 3592 aliquantae
3207 3528 3434 3600 Europa:
3492 3539 3746 3606 regiones

2155 3609 2422 3668 quassatae
2451 3617 2595 3661 sunt.
2642 3610 2894 3670 Thermas
2935 3616 3294 3677 Archadianze
3345 3641 3410 3681 ex
3442 3630 3743 3687 conditoris

2154 3693 2236 3747 sui
2262 3696 2479 3751 nomine
2500 3714 2692 3756 nomen
2726 3717 3066 3775 acceperunt.

2244 3806 2331 3876 (Α.
2357 3806 2419 3863 C.
2444 3812 2598 3883 595.)
2627 3814 2747 3870 Ind.
2786 3833 2898 3882 vtzt,
2935 3822 3147 3893 Olybrio
3175 3839 3221 3880 et
3245 3827 3474 3887 Probino
3503 3852 3632 3890 coss.

2220 3895 2551 3957 Theodosius
2596 3904 2821 3977 Magnus
2848 3913 2987 3980 apud
3024 3915 3382 3976 Mediolanum
3416 3924 3521 3979 vita
3548 3926 3734 3984 deces-

2148 3984 2235 4041 sit.
2271 3988 2553 4059 Imperavit
2592 4011 2761 4054 annos
2792 4018 2923 4057 χιιι.
2970 4004 3175 4077 Corpus
3220 4013 3338 4081 ejus
3367 4018 3559 4074 eodem
3587 4037 3733 4077 anno

2146 4075 2666 4154 Constantinopolim
2700 4092 2938 4162 allatum,
2982 4075 3141 4170 atque
3182 4075 3475 4173 sepultum.
3521 4114 3731 4168 Archa-

2142 4261 2273 4317 visis
2300 4272 2502 4323 tantum
2529 4273 2746 4331 sedibus
2776 4287 2960 4336 tenere
2981 4261 3279 4354 coeperunt.
3301 4261 3527 4352 Rufinus
3553 4300 3725 4367 patri-
3790 4321 3801 4351 ί

2140 4354 2255 4410 eius
2303 4357 2572 4419 Archadio
2616 4367 2842 4439 principi
2892 4373 3111 4432 insidias
3160 4382 3409 4448 tendens,
3449 4354 3723 4447 Alarieum

2140 4444 2436 4504 Gnthorum
2469 4469 2671 4524 regem,
2701 4460 2880 4517 missis
2902 4465 2951 4519 ei
2992 4467 3131 4524 clam
3163 4476 3427 4541 pecuniis,
3465 4477 3721 4537 infestum

2139 4539 2449 4609 reipublicte
2475 4545 2619 4614 fecit,
2648 4560 2705 4607 et
2741 4553 2793 4608 in
2825 4556 3085 4616 Graeciam
3117 4564 3284 4620 misit.
3312 4539 3481 4626 Porro
3499 4571 3717 4630 detecto

2136 4627 2260 4684 dolo
2289 4648 2387 4689 suo
2416 4634 2640 4694 nuntius
2664 4642 2732 4698 ab
2758 4643 2957 4704 Italicis
2985 4651 3270 4722 militibus,
3298 4658 3423 4715 olim
3449 4627 3562 4735 [Αι.
3579 4627 3719 4722 tith

2132 4721 2282 4797 olim]
2309 4742 2428 4781 cum
2454 4729 2622 4787 Gaina
2649 4738 2844 4792 comite
2866 4741 3135 4799 Archadio
3160 4749 3360 4816 missis,
3383 4764 3508 4811 ante
3532 4769 3717 4825 portas

2130 4814 2277 4870 urbis
2312 4820 2504 4875 merito
2556 4826 2853 4885 trucidatus
2896 4841 3000 4887 est.
3039 4833 3211 4907 Caput
3256 4814 3373 4909 ejus
3414 4814 3715 4921 manusque

2127 4907 2312 4965 dextra
2342 4927 2438 4981 per
2461 4924 2624 4973 totam
2655 4918 3175 4997 Constantinopolim
3209 4907 3601 4996 demonstrata.

2126 5020 2218 5093 (Α.
2244 5023 2303 5079 C.
2329 5026 2481 5097 596.)
2510 5028 2636 5087 Ind.
2660 5049 2737 5101 ix,
2786 5038 3009 5094 Arcadio
3037 5057 3089 5096 tv
3126 5052 3174 5099 et
3210 5045 3447 5104 Honorio
3490 5068 3548 5107 ιιι
3574 5072 3707 5111 coss.

2194 5134 2371 5193 Ruﬁni
2402 5155 2534 5197 uxor
2562 5153 2617 5199 et
2646 5145 2747 5201 lilia
2791 5152 3059 5211 exsulant.
3100 5154 3393 5229 Eutropius
3440 5166 3579 5221 sacri
3616 5184 3711 5240 pa-

2124 5224 2233 5281 latii
2265 5230 2631 5291 cubicularius
2659 5252 2851 5297 omnes
2874 5257 3007 5312 apes
3030 5249 3286 5319 abripuit,
3315 5258 3709 5332 avaritiamque

2123 5326 2487 5391 transgressus
2552 5338 2659 5385 est.
2727 5330 3088 5395 Terrastnotus
3135 5358 3233 5413 per
3280 5345 3399 5402 dies
3444 5326 3707 5419 plurimos

2122 5406 2242 5476 fuit,
2273 5413 2570 5487 caelumque
2599 5420 2793 5479 ardere
2818 5425 2991 5482 visum
3023 5441 3123 5487 est.

2254 5525 2343 5596 (Α.
2372 5528 2431 5584 C.
2465 5530 2615 5603 597.)
2645 5534 2766 5591 Ind.
2798 5555 2851 5605 ιι,
2886 5541 3111 5601 Ctesario
3139 5558 3187 5601 et
3223 5550 3389 5607 Attico
3415 5570 3549 5610 coss.

2182 5617 2275 5673 His
2302 5623 2611 5681 consulibus
2654 5628 2908 5688 Flaccilla
2951 5638 3222 5696 Archadio
3274 5655 3396 5699 nata
3447 5657 3533 5702 est
3563 5650 3701 5705 tilia.

2110 5728 2199 5797 (Δ.
2223 5728 2287 5787 C.
2320 5733 2470 5805 598.)
2503 5736 2626 5792 Ind.
2664 5758 2736 5811 xi,
2763 5744 2996 5805 Honorio
3030 5768 3081 5807 iv
3122 5764 3171 5807 et
3196 5755 3527 5829 Entychiano
3555 5779 3697 5818 coss.

2184 5820 2437 5881 Romana:
2465 5830 2717 5890 Ecclesia:
2756 5839 3067 5901 Anastasius
3112 5820 3352 5905 XXXVII
3402 5852 3701 5927 episcopus
