4052 6338
245 370 339 431 911

1657 335 2067 397 GHRONICON.

3398 328 3506 391 922

246 484 516 545 ordinatus
536 477 674 534 visit
713 487 884 531 annos
918 478 1166 540 quatuor.
1204 463 1519 523 Ambrosius
1561 459 1813 517 Mediola-
1838 464 1888 523 Α
1919 456 2007 525 (Α.
2037 454 2102 511 ο.
2144 452 2268 510 402.
2293 452 2315 524 )
2350 450 2474 507 Ind.
2504 464 2594 519 xv,
2619 451 2877 507 Archadio
2905 464 2937 507 ν
2965 456 3022 505 ιιι
3049 446 3290 507 Honorio
3317 464 3347 504 ν
3368 465 3503 507 coss.

247 578 441 640 uensis,
466 573 722 628 virtutum
754 568 1057 639 episcopus,
1089 577 1184 617 arx
1209 560 1351 621 fidei,
1384 565 1567 612 orator
1593 550 1815 609 catholi-

247 687 358 739 cus,
392 666 455 721 ad
499 663 767 720 Christum
814 658 1099 713 Dominum
1143 650 1534 721 commigravit.
1580 646 1816 701 Joannes

248 738 539 822 Antiochia
576 763 755 815 natus,
785 752 963 821 ibique
993 764 1022 801 a
1062 747 1278 802 Meletio
1306 742 1545 813 ejusdem
1584 738 1820 794 civitatis

248 856 518 925 episcOpo,
551 848 846 915 eodemque
877 842 1206 903 confcssore,
1248 839 1417 894 laetor
1444 834 1690 890 ecclesiae
1731 848 1820 886 or-

246 948 474 1009 dinatus,
508 956 601 1011 per
627 938 867 1007 singulos
887 935 1048 990 officii
1078 932 1274 1002 gradus
1302 929 1561 984 ascemlit.
1591 927 1690 982 Ubi
1724 940 1820 994 per

245 1034 660 1110 quinquennium
681 1030 989 1086 continuum
1010 1027 1270 1082 diaconus
1285 1024 1479 1078 multos
1502 1020 1820 1089 divinosque

246 1131 410 1188 edidit
442 1128 639 1191 libros;
676 1123 955 1194 presbyter
982 1134 1196 1189 quoque
1231 1117 1401 1172 factus
1426 1130 1521 1185 per
1546 1129 1622 1169 xu
1650 1126 1818 1167 annos

245 1226 424 1297 plures
454 1219 707 1277 confecit.
755 1217 921 1270 Tanta
967 1212 1161 1269 dehinc
1192 1210 1447 1280 opinione
1476 1208 1672 1275 ubique
1703 1220 1817 1259 meo

245 1296 347 1373 rite
370 1322 717 1384 propagatus,
760 1303 1226 1373 Constantinopoli
1266 1302 1318 1356 in
1363 1300 1540 1355 locum
1589 1296 1818 1352 Nectarii

244 1406 483 1481 pontifex
516 1404 774 1458 suffectus
799 1413 910 1455 esu
938 1397 1028 1451 ubi
1059 1396 1285 1466 plurima
1308 1393 1587 1462 dulciaque
1616 1390 1818 1444 divina-

244 1516 359 1557 rum
391 1498 792 1565 Scripturarum
823 1490 1097 1546 volumina
1124 1504 1221 1541 suo
1244 1485 1395 1556 operi
1416 1485 1682 1540 catholico
1706 1480 1817 1553 [Αι.

242 1585 545 1657 catholicis]
574 1585 797 1651 addidit,
841 1582 1046 1651 hosque
1076 1579 1355 1649 episcopos
1405 1576 1593 1631 habuit
1643 1573 1821 1627 inimi-

240 1698 352 1748 COS.
394 1679 755 1749 Theophilum
806 1674 1260 1740 Alexandtinum,
1309 1668 1663 1739 Epiphanium
1714 1667 1819 1737 Cy-

238 1777 442 1850 prium,
472 1776 723 1830 Acacium
769 1771 1113 1833 Beroensem,
1157 1764 1475 1821 Antiochum
1508 1763 1819 1817 Ptolomen-

1993 570 2249 625 Romana:
2297 566 2555 624 Ecclesia:
2598 565 2943 622 Innocentius
2982 562 3250 621 XXXVIII
3293 573 3510 621 creatus

1921 662 2166 729 antistes,
2194 662 2329 717 vixit
2375 675 2550 717 annos
2579 676 2671 716 xv.
2703 657 3245 728 Theodosiusjtmior
3285 657 3340 713 in
3388 657 3508 714 loco

1920 770 2029 827 quo
2058 764 2212 826 pater
2241 765 2568 824 patruusque
2594 768 2746 819 suus,
2785 753 2970 808 (ἔωθεν
2998 758 3214 808 creatus
3239 760 3340 808 est.
3360 750 3507 808 Con-

1921 846 2264 916 stantinopoli
2305 846 2492 915 ingens
2520 853 2862 901 terrmmotus
2890 842 3011 898 fuit.

1925 962 2025 1033 (Α.
2058 960 2120 1017 C.
2151 959 2277 1017 405.
2304 959 2323 1029 )
2353 958 2477 1014 Ind.
2517 975 2557 1027 ι,
2588 958 2878 1014 Theodosio
2912 958 3123 1031 juniore
3150 966 3196 1013 et
3228 956 3509 1013 Rumor-ida

2647 1046 2777 1085 εοιι.

1993 1126 2195 1181 Marina
2228 1133 2379 1195 patre
2409 1122 2681 1178 Archadio
2707 1131 2831 1177 nata
2855 1138 2911 1178 ιιι
2935 1122 3055 1177 idus
3075 1120 3236 1178 Febr.
3256 1120 3512 1177 Eudoxia'.

1922 1221 2177 1277 Arcbadii
2207 1220 2399 1277 uxoris
2426 1234 2588 1291 super
2616 1220 3051 1292 porpltyreticam
3094 1220 3397 1275 columnam
3421 1235 3510 1276 ar-

1921 1327 2111 1390 gentea
2144 1324 2319 1371 statua
2355 1315 2505 1382 juxta
2538 1312 2829 1369 ecclesiam
2861 1314 3033 1382 posita
3060 1314 3327 1370 hactenus
3350 1314 3512 1369 sistit.

1922 1412 2185 1466 Joannem
2229 1404 2839 1475 Constantinopolitanze
2898 1405 3131 1461 civitatis
3177 1405 3511 1475 episcOpum,

1922 1502 2007 1557 cui
2040 1516 2197 1570 supra
2226 1497 2353 1553 dicti
2382 1513 2475 1553 sex
2514 1496 2789 1551 antistites
2819 1495 3093 1551 incassum
3132 1496 3312 1552 mmuli
3340 1497 3513 1561 fuere,

1922 1594 2165 1666 aliosque
2195 1593 2415 1662 triginta
2456 1590 2673 1645 sibimet
2702 1590 2987 1661 episcopos
3037 1589 3375 1660 conscivere,
3422 1605 3517 1645 no-

1926 1688 2070 1743 lente
2098 1685 2364 1742 Archadio
2403 1685 2667 1756 principe,
2702 1684 2754 1739 in
2800 1684 3075 1739 Cucusum
3118 1682 3388 1738 Armenia:
3418 1698 3519 1752 op-

1925 1780 2106 1849 pidum
2130 1776 2374 1834 exsulem
2405 1780 2692 1839 miserunt,
2724 1789 2955 1846 eumque
2984 1785 3102 1844 post
3125 1789 3323 1829 annum
3358 1790 3517 1828 unum

237 1883 375 1936 sent,
406 1867 754 1923 Severianum
786 1862 1137 1918 Gabalensem
1170 1869 1223 1914 et
1244 1859 1504 1914 Severum
1526 1854 1824 1909 Chalcedo-
1852 1851 1897 1912 Β
1928 1874 1980 1929 in
2015 1873 2196 1927 villam
2227 1888 2348 1942 qum
2377 1870 2613 1925 Camana
2662 1870 2716 1925 ίη
2765 1868 2986 1941 regione
3032 1868 3252 1925 pomica
3301 1867 3518 1934 dicitur.

238 1976 490 2017 nensem.
524 1958 679 2014 Gildo
705 1971 913 2018 comes,
947 1954 1195 2023 idemque
1218 1966 1475 2021 paganus,
1501 1948 1591 2019 qui
1613 1954 1823 2000 mortuo

236 2051 548 2109 Theodosio
595 2049 836 2119 principe
881 2047 1075 2101 Africae
1118 2052 1367 2115 prmerat,
1400 2043 1528 2097 dum
1558 2040 1825 2096 Archadio

234 2155 289 2202 et
318 2142 569 2200 Honorio
609 2141 785 2195 adhuc
816 2138 997 2209 pueris
1037 2137 1381 2208 regnantibus
1414 2132 1635 2199 invidet,
1680 2134 1826 2188 Afri-

232 2252 471 2307 camque
502 2236 685 2291 nititur
707 2232 973 2297 obtinere,
993 2230 1159 2285 frater
1179 2232 1297 2299 ejus
1314 2230 1601 2293 Mascezel,
1616 2228 1826 2299 cognita

234 2333 353 2404 ejus
383 2330 637 2395 vesania,
670 2327 977 2395 relictisque
1006 2324 1219 2379 duobus
1248 2324 1388 2393 apud
1420 2324 1654 2378 Africam
1685 2323 1826 2387 filiis,

240 2425 291 2481 in
344 2423 558 2478 Italiam
609 2428 849 2475 remeat:
883 2417 1041 2472 Gildo
1095 2423 1381 2482 utrumque
1428 2414 1604 2468 fratris
1664 2412 1832 2467 filium

240 2516 367 2571 dolo
391 2513 648 2569 trucidat.
685 2510 966 2573 Mascezel,
997 2507 1182 2563 fratris
1213 2506 1420 2562 scelere
1447 2508 1685 2576 cognito,
1712 2518 1832 2559 cum

240 2609 484 2679 quinque
529 2605 760 2660 millibus
791 2616 1008 2656 suorum
1050 2610 1238 2656 contra
1274 2598 1551 2654 Gildonem
1580 2614 1699 2653 cum
1735 2613 1836 2652 ιιι

241 2700 490 2755 millibus
512 2711 837 2751 armatorum
866 2694 1082 2749 sibimet
1110 2692 1413 2747 obviantem
1440 2691 1662 2745 infrstns
1684 2706 1838 2745 acce-

241 2793 341 2855 dit,
376 2790 774 2857 Gildonemque
806 2784 1125 2853 parricidam
1158 2783 1379 2852 jejuniis
1406 2792 1461 2839 et
1503 2782 1838 2838 orationibus

240 2887 355 2938 suis
381 2882 494 2956 [ΑΙ.
522 2882 657 2933 dcrst
682 2876 837 2948 suis],
870 2878 1035 2931 immo
1067 2875 1211 2929 beati
1244 2874 1511 2929 Ambrosii
1550 2874 1601 2927 in
1633 2874 1838 2928 somnis

240 2976 532 3033 admonitu
566 2969 966 3035 auxiliantibus,
1006 2966 1224 3039 fugavit.
1257 2966 1415 3022 Gildo
1459 2964 1667 3035 fugiens
1711 2980 1837 3034 pro-

242 3070 360 3138 pria
416 3083 482 3122 se
535 3079 695 3119 manu
736 3060 1123 3130 strangulavit;
1181 3059 1367 3128 sicque
1412 3057 1668 3112 Mascezel
1724 3057 1841 3112 sine

243 3162 392 3217 bello
423 3157 707 3214 victoriam
732 3154 949 3218 meruit,
981 3168 1043 3207 ac
1070 3150 1188 3206 sine
1216 3148 1365 3206 czcde
1393 3149 1710 3203 vindictam.

340 3253 457 3322 (Α.
492 3250 551 3305 G.
584 3247 757 3319 599.)
802 3245 923 3300 Ind.
976 3260 1070 3308 su,
1113 3240 1381 3297 Theodoro
1415 3251 1461 3295 et
1498 3240 1742 3309 Eutropio

850 3322 1085 3370 eunucho
1110 3330 1240 3367 coss.

318 3418 427 3472 Hic
471 3412 761 3479 Eutropius
813 3409 1051 3464 omnium
1095 3406 1394 3475 spadonum
1434 3406 1637 3473 primus
1684 3415 1843 3475 atque

242 3510 485 3565 ultimus
512 3503 699 3558 consul
730 3500 849 3566 fuit,
881 3499 947 3553 de
972 3512 1078 3566 quo
1108 3495 1437 3549 Claudianus
1469 3504 1621 3561 poeta
1648 3511 1663 3548 :

444 3641 621 3692 Omnia
645 3641 901 3688 cesserunt
919 3634 1153 3685 Eunucho
1176 3630 1377 3683 consule
1402 3635 1635 3680 monstra.

241 3772 541 3832 Pulcheria
582 3767 815 3827 Arcadio
870 3767 1035 3823 altera
1073 3766 1177 3821 filia
1234 3771 1355 3818 nata
1396 3772 1502 3819 est.
1534 3762 1703 3819 Gaina
1756 3775 1847 3816 co-

239 3884 369 3927 mes
401 3864 549 3935 apud
591 3860 1109 3932 Constantinopolim
1138 3859 1205 3912 ad
1252 3856 1657 3927 praeparandum
1692 3855 1849 3911 civile

238 3961 464 4021 bellum
486 3956 747 4012 barbaros
776 3969 902 4010 suos
930 3952 1141 4009 occulte
1170 3951 1461 4015 admonet;
1500 3950 1613 4020 ipse
1645 3951 1849 4004 valetu-

239 4055 443 4111 dinem
500 4049 760 4105 simulans
804 4048 936 4102 urbe
979 4044 1322 4117 digreditur:
1356 4052 1540 4115 empto
1588 4044 1848 4100 adversus

241 4143 552 4219 Byzantios
586 4141 771 4211 prmlio
802 4140 1017 4211 pluritni
1057 4137 1287 4192 hostium
1318 4137 1536 4202 cadunt,
1565 4138 1744 4193 cmleri
1768 4137 1851 4192 fu-

236 4240 474 4310 gientes
511 4234 757 4290 ecclesiae
807 4242 1006 4287 nostrae
1046 4230 1365 4293 succedunt,
1410 4229 1589 4300 ibique
1643 4237 1849 4284 retecto

237 4333 357 4406 [AL
392 4326 638 4400 detecto]
678 4327 924 4383 ecclesiae
953 4324 1193 4381 culmine
1212 4324 1477 4395 jactisque
1504 4323 1736 4395 desuper
1768 4324 1848 4380 la-

242 4423 483 4495 pidibus
510 4420 827 4476 obruuntur.

301 4557 405 4628 (Α.
429 4554 495 4609 (Ζ.
527 4551 683 4625 400.)
701 4550 825 4608 Ind.
852 4567 969 4615 xut.
1001 4552 1251 4609 Stilicons
1268 4560 1316 4607 et
1342 4551 1626 4607 Aureliano
1649 4568 1782 4607 coss.

321 4689 545 4746 Bellum
564 4686 753 4743 navale
774 4694 959 4742 contra
975 4685 1199 4742 Gainam
1224 4693 1507 4756 tyrannum
1534 4685 1674 4741 inter
1687 4684 1854 4740 Cher—

240 4798 523 4842 sonesum
555 4790 608 4835 et
637 4780 1043 4849 Hellespontum
1072 4788 1281 4850 gestum
1311 4788 1396 4833 est
1433 4794 1447 4833 :
1482 4777 1647 4832 multa
1690 4776 1856 4831 millia

240 4879 571 4938 Gothorum
613 4889 772 4941 cassa,
802 4874 889 4929 vel
920 4873 1163 4929 demersa
1192 4879 1336 4927 sunt.
1375 4870 1544 4927 Gaina
1571 4884 1754 4924 eomes
1791 4869 1858 4923 de

242 4977 359 5032 huc
382 4972 541 5027 bello
573 4969 778 5034 fugiens
796 4968 965 5023 evasit
988 4984 1002 5024 :
1029 4968 1144 5034 ipso
1174 4975 1349 5021 tamen
1379 4980 1521 5019 anno
1548 4964 1757 5018 occisus
1780 4971 1861 5017 est

242 5080 456 5124 mense
489 5059 785 5118 Februario
813 5058 1006 5132 [Forte
1038 5055 1399 5127 Decembrio].

242 5207 263 5276 (
291 5206 361 5261 Α.
397 5201 471 5257 C.
514 5198 683 5269 401.)
717 5196 839 5251 Ind.
872 5211 980 5276 xiv,
1017 5193 1281 5276 Vincentio
1326 5200 1372 5245 et
1418 5189 1629 5243 Frnvita
1658 5188 1855 5259 [ChilfL

892 5264 1132 5335 Fravilo]
1160 5280 1288 5317 coss.

322 5392 522 5459 Caput
557 5386 740 5441 Gainre
790 5382 966 5437 hastili
1009 5380 1288 5449 praefixum
1334 5376 1859 5447 Constantinopolim

245 5482 497 5536 allatum
525 5484 626 5527 est.
654 5471 810 5527 Maris
833 5468 1040 5523 Pontici
1071 5466 1385 5535 superficies
1407 5464 1478 5518 ita
1508 5464 1628 5534 gelu
1659 5465 1861 5519 frenata

244 5584 365 5640 est,
404 5578 474 5625 ut
504 5580 601 5635 per
628 5564 846 5635 triginta
875 5563 990 5616 dies
1019 5560 1193 5614 soluta
1225 5556 1437 5612 tandem
1471 5557 1669 5627 glacies
1696 5556 1862 5609 instar

245 5662 544 5723 montium
569 5674 665 5727 per
696 5655 1073 5725 Propontidem
1104 5668 1338 5723 superne
1369 5658 1574 5721 portata
1604 5650 1862 5705 decurre-

247 5766 367 5816 ret.
403 5750 752 5808 Theodosius
775 5749 958 5818 junior
993 5755 1146 5817 patre
1188 5744 1459 5801 Archadio
1506 5753 1660 5799 natus
1700 5751 1864 5799 estut

236 5850 382 5915 1A1.
423 5842 512 5908 ιν)
544 5844 663 5899 idus
689 5841 921 5912 Apriles.

1926 1966 1994 2022 de
2018 1966 2209 2020 exsilio
2240 1966 2290 2019 in
2322 1963 2576 2020 exsilium
2606 1963 2932 2033 relegarunt.
2961 1962 3113 2018 Hunc
3140 1961 3335 2017 ibidem
3364 1977 3514 2017 mor-

1930 2066 2076 2114 tuum
2099 2058 2349 2128 religiosa
2375 2056 2801 2112 orthodoxorum
2832 2056 2986 2126 plebs
3019 2057 3070 2110 in
3102 2056 3241 2110 atrio
3270 2055 3517 2111 Basilisci

1931 2151 2167 2223 episcopi
2216 2151 2412 2215 sancti,
2443 2150 2692 2220 idemque
2739 2148 3015 2221 martyris,
3044 2148 3112 2203 ab
3148 2148 3338 2203 eodem
3380 2163 3522 2206 mar-

1930 2256 2053 2316 tyre
2076 2244 2129 2299 in
2155 2242 2358 2298 somnis
2376 2242 2671 2308 admonita,
2690 2242 2743 2297 in
2772 2255 2972 2297 novum
2999 2255 3231 2311 moxque
3246 2250 3520 2311 repertum

1933 2336 2241 2407 sepulcrum
2272 2334 2597 2391 recondidit.

1971 2471 2062 2543 (Α.
2091 2468 2154 2524 C.
2178 2468 2331 2540 404.)
2358 2466 2479 2521 Ind.
2513 2484 2572 2533 ιι,
2610 2467 2840 2523 Honorio
2870 2484 2922 2523 γι
2952 2476 2997 2523 et
3032 2468 3335 2525 Aristaeneto
3360 2486 3490 2525 coss.

2010 2584 2305 2641 Ecclesiam
2328 2582 2983 2654 Coustanlinopolitanam
3014 2582 3226 2638 flamma
3250 2583 3387 2652 ignis
3408 2600 3527 2651 qua:

1938 2683 2006 2738 de
2035 2682 2175 2737 beati
2204 2680 2427 2736 Joannis
2458 2678 2657 2733 throno
2685 2678 2953 2748 quondam
2986 2679 3224 2750 episcopi
3252 2687 3372 2734 nata
3406 2679 3525 2746 fuit,

1940 2774 2118 2831 subito
2138 2771 2507 2843 conﬂagravit,
2532 2770 2873 2841 vicinamque
2893 2771 3135 2828 ecclesia!
3167 2772 3315 2827 urbis
3338 2772 3526 2828 faciem

1942 2880 2166 2937 serpens
2191 2863 2548 2919 nihilominus
2577 2863 2808 2919 exussit.
2842 2863 3081 2919 Eudoxia
3113 2878 3249 2920 uxor
3272 2863 3527 2920 Archadii

1942 2957 2082 3012 diem
2106 2956 2261 3010 obiit.

1998 3068 2085 3139 (Α.
2117 3067 2181 3124 C.
2203 3065 2356 3138 405.)
2384 3066 2507 3121 Ind.
2536 3080 2617 3134 ιιι,
2649 3065 2897 3123 Stilicone
2923 3082 2961 3122 ιι
2984 3076 3029 3123 et
3050 3066 3322 3123 Anthemio
3341 3084 3471 3123 coss.

2017 3183 2183 3239 Isauri
2210 3199 2305 3252 per
2334 3192 2570 3239 montem
2608 3182 2772 3238 Tauri
2812 3182 3183 3239 discursantes
3209 3184 3397 3253 ingens
3422 3182 3533 3239 dis-

1950 3276 2202 3347 pendium
2232 3276 2541 3343 reipublieas
2570 3274 2934 3344 importarunt
2953 3315 2970 3340 ,
3001 3274 3196 3344 quibus
3251 3275 3535 3330 Natbazai-

1946 3384 2043 3423 cus
2072 3368 2278 3437 legatus
2318 3368 2491 3436 majus
2538 3366 2793 3422 continuo
2833 3365 3079 3435 rependit
3108 3365 3531 3422 incommodum.

2019 3500 2113 3567 (A.
2142 3498 2206 3553 G.
2228 3498 2381 3568 406.)
2418 3497 2540 3553 Ind.
2575 3514 2648 3566 tv,
2679 3499 2937 3553 Arckadio
2962 3514 3015 3556 vt
3040 3507 3089 3553 et
3128 3499 3298 3554 Probo
3329 3517 3462 3556 coss.

2018 3611 2356 3668 Theodosius
2370 3612 2555 3681 junior
2572 3611 2989 3684 quinquennalia
3005 3611 3173 3669 dedit.
3205 3612 3533 3685 Radagaisus

1947 3718 2189 3779 paganus
2238 3714 2293 3762 et
2333 3706 2534 3779 Scytha
2578 3722 2698 3763 cum
2746 3708 2987 3762 ducentis
3030 3708 3265 3762 millibus
3310 3724 3533 3764 suorum

1950 3809 2115 3854 totam
2169 3798 2381 3854 Italiam
2430 3798 2726 3853 inundavit.
2778 3798 2975 3855 Huldin
3026 3808 3080 3855 et
3130 3800 3293 3854 Sarus
3332 3799 3532 3874 [Chi/ﬂ.

1952 3890 2178 3962 Saurus]
2208 3892 2522 3947 Hunnorum
2554 3890 2960 3961 Gothorumque
2990 3906 3144 3963 reges
3177 3890 3533 3963 Radagaisum

1949 3985 2207 4039 continuo
2236 3983 2573 4047 devicerunt,
2603 3984 2770 4053 ipsius
2816 3982 2993 4053 capite
3022 3990 3318 4054 amputato,
3368 3984 3536 4054 capti-

1951 4093 2046 4134 vos
2074 4076 2192 4147 ejus
2221 4076 2444 4147 singulis
2473 4076 2651 4131 aureis
2681 4074 3071 4131 distrahentes.

1953 4215 2051 4287 (Δ.
2081 4210 2142 4270 C.
2176 4210 2324 4283 407.)
2349 4210 2471 4267 Ind.
2509 4228 2563 4279 v,
2588 4210 2828 4267 Honorio
2849 4225 2919 4266 vu
2948 4218 2995 4266 et
3026 4208 3311 4265 Theodosio
3331 4212 3540 4283 juniore

2648 4299 2687 4339 11
2718 4299 2848 4338 €088.

2023 4397 2269 4454 Cisterna
2313 4396 2546 4452 maxima
2598 4394 2750 4463 juxta
2794 4392 3233 4465 porphyreticam
3280 4392 3541 4451 Constan-

1954 4488 2050 4543 tini
2082 4486 2423 4559 imperatoris
2452 4484 2758 4541 columnam
2793 4483 2846 4537 in
2896 4481 3015 4538 foro
3044 4482 3160 4554 ejus
3208 4482 3308 4539 sub
3354 4483 3543 4555 platea:

1878 4605 1931 4668 υ
1956 4580 2242 4635 transitum
2274 4583 2582 4633 constructa
2614 4582 2716 4629 est.

2085 4714 2173 4783 (Α.
2202 4711 2266 4769 C.
2298 4709 2450 4780 408.)
2485 4707 2610 4768 Ind.
2646 4724 2719 4775 vt,
2752 4707 2913 4763 Basso
2943 4716 2990 4761 et
3016 4705 3262 4778 Philippo
3284 4722 3420 4761 coss.

2034 4823 2260 4882 Stilicho
2289 4838 2507 4890 comes,
2538 4823 2691 4891 cujus
2740 4822 2860 4877 dum
2906 4821 3029 4876 filias
3072 4820 3237 4875 Maria
3285 4828 3341 4875 et
3369 4819 3546 4876 Ther-

1964 4917 2161 4973 ntantia
2193 4915 2416 4985 singula:
2437 4928 2634 4969 uxores
2664 4913 2884 4968 Honorii
2908 4911 3163 4983 principis
3192 4909 3366 4980 fuere,
3399 4920 3548 4967 utra-

1963 5024 2070 5080 que
2101 5018 2278 5062 tamen
2312 5005 2464 5077 virgo
2486 5005 2760 5070 defuncta,
2791 5014 2974 5075 spreto
3006 5002 3264 5067 Honorio,
3296 5018 3548 5072 regnum-

1965 5115 2071 5171 que
2098 5099 2215 5168 ejus
2266 5098 2499 5163 inhians,
2530 5099 2855 5161 Alanorum,
2889 5095 3214 5161 Suevorum,
3258 5093 3548 5151 Wandalo-

1965 5184 2435 5261 rumque'gentes
2490 5188 2647 5243 donis
2702 5186 3048 5255 pecuniisque
3094 5185 3301 5242 illectos
3360 5195 3545 5241 contra

1965 5299 2189 5355 regnum
2218 5282 2441 5337 Honorii
2473 5279 2767 5345 excitavit,
2816 5277 3139 5334 Eucherium
3194 5279 3358 5334 ﬁlium
3390 5295 3546 5336 suum

1968 5390 2225 5446 paganum
2248 5382 2304 5430 et
2323 5373 2604 5428 adversum
2628 5369 2964 5425 Christianos
2980 5368 3204 5425 insidias
3233 5371 3545 5427 molientem

1965 5468 2185 5539 cupiens
2228 5465 2495 5522 Caesarem
2527 5464 2797 5519 ordinare.
2829 5463 2930 5531 Qui
2961 5478 3083 5519 cum
3114 5465 3306 5521 eodem
3336 5463 3550 5521 Euche-

1964 5564 2047 5620 rio
2072 5563 2199 5619 dolo
2227 5575 2325 5616 suo
2355 5560 2571 5615 detecto
2592 5557 2802 5613 occisus
2833 5566 2934 5612 est.
2965 5556 3153 5613 Roma
3175 5558 3227 5613 in
3258 5557 3374 5615 foro
3404 5558 3549 5627 pacis

1965 5669 2064 5725 per
2118 5654 2234 5707 dies
2271 5660 2480 5720 septem
2528 5659 2671 5704 terra
2708 5649 2970 5719 mugitum
3026 5648 3192 5706 dedit.
3249 5648 3550 5705 Archadius

1970 5745 2100 5816 imp.
2149 5741 2274 5796 vitae
2322 5740 2483 5795 ﬁnem
2530 5739 2697 5795 fecit:
2731 5742 2973 5813 regnavit
3000 5753 3122 5812 post
3150 5740 3353 5797 obitum
3382 5742 3581 5812 patris

1969 5839 2051 5894 sui
2081 5834 2369 5892 Theodosii
2399 5848 2569 5891 annos
2598 5849 2715 5891 xut.
