4052 6338
535 388 640 452 9931

1812 385 2219 446 MARCELLINI
2259 386 2529 446 COMITIS

3680 396 3797 451 ’με

3726 438 3755 451 ”

532 507 670 566 rosis
710 518 925 562 suorum
956 518 1077 562 cum
1113 503 1350 561 millibus
1381 505 1434 560 in
1470 503 1741 578 Illyricum
1780 503 2053 561 irruerunt
2080 520 2100 559 :
2131 506 2184 570 Α
2207 519 2443 573 amnem,
2486 506 2553 561 ab
2587 507 2749 562 Attila
2790 521 2937 581 rege,
2978 507 3202 567 viriliter
3239 524 3503 582 pugnans,
3540 511 3795 584 plurimis

532 599 778 663 Naisum,
818 597 1186 669 Singidinum,
1227 598 1469 669 aliasque
1499 597 1773 666 civitates,
1807 597 2109 669 Oppidaque

532 689 730 763 Illyrici
760 691 987 762 plurima
1016 690 1353 748 exciderunt.

636 802 724 875 (A.
755 801 815 858 ϐ.
843 802 996 874 442.)
1033 801 1150 857 Ind.
1182 820 1235 869 x,
1266 804 1504 860 Eudoxio
1528 806 1574 859 et
1599 803 1846 860 Dioscoro
1866 821 2000 860 coss.

600 915 768 972 Stella
796 930 915 985 quas
950 916 1141 971 crinita
1180 916 1395 983 dicitur,
1436 933 1533 988 per
1570 918 1856 988 plurimum
1897 929 2108 988 tempus

530 1008 725 1064 ardens
754 1010 1018 1079 apparuit.
1050 1008 1212 1065 Bleda
1244 1019 1299 1065 et
1325 1011 1510 1077 Attila,
1546 1012 1759 1078 fratres,
1791 1013 2105 1067 multarum-

527 1116 633 1172 que
669 1102 905 1171 gentium
947 1115 1131 1172 reges,
1190 1102 1464 1173 lllyricum
1510 1103 1903 1175 Thraciamque
1937 1105 2105 1177 depo-

529 1193 698 1265 pulati
728 1203 875 1249 sunt.

529 1285 618 1358 (A.
642 1287 703 1342 C.
734 1285 883 1357 445.)
913 1286 1036 1342 Ind.
1063 1304 1114 1342 xt
1144 1288 1375 1430 Maafmo
1400 1305 1435 1343 ιι
1462 1298 1509 1345 et
1534 1288 1743 1343 Palerio
1772 1289 1901 1363 [Seu
1920 1290 2105 1346 Pater-

1188 1376 1253 1411 no
1306 1376 1434 1414 coss.

1188 1376 1275 1414 ηοι
1306 1376 1434 1414 6088.

598 1449 693 1505 llis
714 1450 1021 1506 consulibus
1047 1459 1192 1505 tanta
1218 1451 1308 1505 nix
1334 1452 1549 1522 cecidit,
1575 1461 1631 1506 ut
1651 1469 1746 1524 per
1770 1468 1864 1510 sex
1888 1471 2101 1513 menses

525 1542 612 1598 vix
651 1543 951 1613 liquescere
983 1545 1216 1613 potuerit
1259 1560 1272 1596 :
1317 1546 1479 1599 multa
1513 1546 1787 1599 hominum
1816 1556 1868 1602 et
1897 1550 2101 1604 anima-

525 1635 655 1691 lium
679 1636 846 1690 mtllia
880 1635 1094 1705 frigoris
1123 1637 1301 1705 rigore
1326 1636 1570 1691 confecta
1604 1641 1894 1706 perierunt.
1925 1640 2102 1696 Theo-

522 1728 707 1782 dosius
737 1728 867 1795 imp.
900 1742 969 1783 ex
1011 1727 1214 1781 Asiana
1247 1727 1586 1798 expeditione
1629 1731 1681 1784 in
1723 1732 1908 1788 urbem
1939 1733 2096 1789 redit.

524 1818 880 1875 Thermarum
912 1834 1030 1889 qua:
1057 1820 1315 1875 Achillea:
1342 1820 1613 1889 dicuntur,
1644 1824 1897 1879 enczenize
1920 1824 2097 1884 factm.

521 1934 614 2004 (A.
643 1933 704 1989 C.
734 1933 889 2005 444.)
919 1933 1042 1988 Ind.
1076 1950 1171 1998 xu.
1203 1934 1487 1991 Theodosio
1514 1953 1643 1992 xvm
1664 1948 1713 1993 et
1738 1940 1945 1995 Alberto
1967 1959 2098 1997 coss.

591 2052 927 2108 Theodosius
974 2054 1226 2125 princeps
1269 2070 1410 2110 nona
1457 2057 1881 2128 quinquennalia
1930 2060 2097 2116 dedit.

519 2144 789 2199 Archadia
834 2160 991 2200 soror
1017 2146 1307 2202 Theodosii
1340 2149 1557 2203 vivendi
1598 2152 1759 2205 finem
1802 2151 1949 2207 fecit.
1992 2154 2100 2209 Ali-

518 2246 715 2306 quanta
749 2236 1013 2304 Bithyniae
1054 2239 1249 2308 oppida
1288 2248 1449 2309 atque
1483 2242 1681 2310 pradia
1720 2245 2095 2301 continuarum

520 2329 573 2383 vi
593 2328 747 2400 longa
769 2330 1091 2399 pluviarum,
1105 2339 1160 2384 et
1180 2332 1463 2387 fluviorum
1485 2333 1833 2393 inundatione
1849 2353 2099 2395 crescen-

518 2420 692 2488 tium,
747 2422 997 2493 sublapsa
1060 2424 1427 2497 dissolutaque
1489 2430 1785 2498 perierunt.
1839 2433 2093 2490 Severum

517 2512 890 2584 presbyterum
921 2525 974 2569 et
1002 2515 1263 2571 Joannem
1290 2517 1580 2574 diaconum
1609 2520 1863 2577 Eudoxie
1894 2525 2096 2596 reginas

516 2604 658 2671 apud
702 2604 902 2660 xEliam
946 2607 1132 2661 urbem
1175 2608 1563 2676 ministrantes,
1608 2612 1803 2669 missus
1845 2616 1912 2672 ab
1964 2618 2092 2688 imp.

516 2697 830 2754 Theodosio
858 2686 1179 2757 Saturninus
1210 2718 1396 2759 comes
1426 2706 1846 2764 domesticorum
1876 2712 2091 2767 occidit.

516 2789 761 2847 Eudoxia
795 2796 976 2850 nescio
1002 2813 1107 2864 quo
1137 2800 1308 2853 excita
1340 2800 1529 2855 dolore
1554 2802 1903 2859 Saturninum
1933 2808 2097 2874 proti-

517 2896 617 2936 nus
653 2885 993 2941 obtruncavit
1024 2903 1038 2940 :
1072 2888 1359 2959 statimque
1390 2892 1565 2947 mariti
1598 2894 1729 2965 imp.
1758 2908 1908 2961 nutu,
1934 2899 2096 2967 regiis

515 2974 742 3041 spoliata
791 2978 1052 3034 ministris
1091 2981 1230 3051 apud
1280 2982 1476 3039 Eliam
1520 2986 1791 3043 civitatem
1834 2991 2095 3046 moritura

519 3070 798 3123 remansit.

522 3180 613 3251 (A.
646 3181 705 3236 C.
736 3182 885 3253 445.)
917 3182 1035 3239 Ind.
1069 3202 1188 3275 xu‘t;
1223 3188 1582 3275 Valentiniano
1611 3211 1661 3251 vt
1691 3206 1738 3251 et
1769 3198 1940 3255 Nomo
1972 3202 2093 3275 [Vel

1124 3258 1321 3332 Nonio]
1353 3280 1484 3317 coss.

586 3344 747 3399 Blcda
775 3362 869 3403 rex
898 3348 1214 3407 Hunnorum
1244 3356 1420 3410 Attilae
1453 3357 1630 3415 fratris
1658 3362 1741 3417 sui
1775 3363 1985 3420 insidiis
2008 3365 2094 3421 in-

518 3441 804 3497 terimitur.
849 3445 1005 3513 Apud
1050 3446 1364 3518 Byzantium
1405 3454 1647 3522 populari
1692 3465 1809 3512 orta
1859 3459 1911 3513 in
1949 3461 2095 3516 circo

518 3531 783 3588 seditione
828 3536 975 3591 multi
1013 3554 1135 3594 sese
1172 3540 1404 3597 invicem
1445 3546 1787 3615 occiderunt,
1825 3552 2097 3624 multaque

518 3622 838 3680 intrinsecus
864 3625 1052 3699 [Chi/7i.
1093 3634 1452 3708 extrinsecus]
1493 3636 1767 3694 hominum
1801 3622 2095 3710 pecudum-

518 3728 621 3785 que
653 3717 842 3771 morbo
872 3734 1092 3791 corpora
1123 3727 1416 3793 perierunt.

519 3827 612 3897 (A.
650 3827 711 3883 C.
946 3830 1226 3925 I‘ndetv,
1257 3839 1503 3925 Aetio‘ut
1544 3852 1593 3899 et
1625 3846 1943 3925 Symmacho
1986 3852 2093 3925 [AL

807 3901 1166 3961 Valentiniano
1210 3925 1278 3963 vu
1308 3919 1353 3964 et
1393 3914 1534 3967 Aetio
1564 3915 1643 3988 ut]
1676 3901 1811 3974 io...

590 4013 683 4068 His
709 4017 1020 4074 consulibus
1048 4036 1237 4091 magna
1268 4023 1436 4082 fames
1466 4029 1984 4107 Constantinopolim
2016 4038 2098 4096 in-

519 4108 677 4172 vasit,
704 4110 975 4179 pestisque
1006 4113 1149 4168 illico
1181 4119 1487 4176 subsecuta.
1519 4122 1798 4195 Templum
1829 4133 1990 4202 regis:
2019 4133 2099 4188 ci-

519 4197 701 4252 vitatis
730 4201 853 4268 igne
879 4212 1195 4259 crematum.

519 4307 609 4377 (Α.
647 4310 709 4364 C.
747 4309 898 4381 447.)
939 4312 1059 4368 Ind.
1096 4321 1484 4463 ιιὶὲριὲἦάὲἑιέἒη
1511 4337 1558 4382 et
1590 4329 1820 4402 Calfepio
1855 4336 1961 4410 [AL
1997 4338 2096 4394 Ca-

590 4472 794 4545 Ingenti
829 4485 1136 4536 terrmmotu
1174 4499 1270 4553 per
1310 4486 1426 4543 loca
1454 4491 1599 4546 varia
1632 4494 1946 4555 imminente
1978 4502 2095 4572 plu-

518 4564 641 4620 rimi
680 4566 828 4623 urbis
865 4581 1105 4641 augustre
1149 4577 1288 4632 muri
1330 4584 1531 4637 recenti
1571 4585 1748 4641 adhuc
1797 4564 2095 4649 remdifica-

2122 3274 2169 3338 C
2201 3254 2341 3300 mata
2382 3258 2466 3302 881,
2511 3265 2524 3301 ἶ

2212 596 2445 653 hostium
2474 599 2832 672 interemptis,
2859 600 3069 657 occisus
3098 611 3200 660 est.

2281 714 2370 783 (A.
2398 714 2458 769 C.
2490 714 2640 785 448.)
2670 714 2794 770 Ind.
2822 732 2870 786 ι,
2900 716 3107 772 Zenone
3132 728 3179 773 et
3211 718 3554 776 Postumiana
3581 738 3716 777 coss.

2282 829 2557 885 Provincia
2587 830 2733 885 India
2759 831 3064 888 Theodosio
3088 833 3315 904 principi
3346 850 3445 906 pro
3467 850 3700 894 munere
3727 836 3795 893 ti-

2206 920 2345 992 grim
2381 921 2636 977 domitam
2679 922 2842 979 misit.
2877 922 3173 995 Utramque
3208 926 3477 995 porticum
3508 927 3796 984 Troadeu-

2206 1027 2352 1081 sem,
2386 1024 2670 1086 turresque
2700 1027 2974 1086 portarum
3007 1028 3265 1090 utrasque
3294 1019 3433 1089 ignis
3458 1020 3671 1077 subitus
3694 1037 3795 1078 ex-

2207 1107 2343 1163 ussit
2374 1126 2389 1164 :
2421 1124 2647 1179 quarum
2678 1111 2830 1165 ruina
2862 1112 3115 1167 continuo
3143 1120 3457 1185 repurgata,
3486 1114 3793 1172 Antiochus

2207 1201 2492 1272 prtefectus
2521 1205 2775 1273 praetorio
2812 1206 2864 1259 in
2898 1205 3178 1276 pristinam
3208 1200 3383 1263 erexit
3412 1210 3677 1279 speciem,
3710 1210 3793 1268 ιε-

2204 1295 2340 1365 gatis
2380 1295 2555 1350 Attilae
2601 1312 2628 1348 a
2675 1296 2982 1352 Theodosio
3028 1298 3309 1370 despectas
3352 1300 3461 1372 [ΑΙ.
3508 1303 3790 1375 depactas]

2204 1386 2332 1441 olim
2356 1388 2617 1457 pecunias
2643 1388 3023 1459 ﬂagitantibus.

2295 1497 2385 1569 (A.
2413 1497 2474 1552 C.
2506 1498 2658 1570 449.)
2690 1498 2812 1553 Ind.
2845 1516 2905 1567 tt,
2934 1499 3221 1572 Protogene
3245 1512 3293 1557 et
3325 1505 3539 1560 Asturio
3563 1522 3695 1564 coss.

2276 1610 2475 1667 Marina
2501 1612 2790 1667 Theodosii
2819 1613 2963 1684 regis
2989 1627 3145 1669 soror
3172 1614 3266 1671 fati
3298 1632 3491 1673 munus
3524 1618 3789 1690 implevit.

2205 1701 2490 1759 Flavianus
2528 1705 2809 1775 episcopus
2851 1706 2903 1760 in
2946 1707 3181 1762 secunda
3220 1709 3361 1779 apud
3392 1710 3666 1780 Ephesum
3702 1728 3792 1786 sy-

2205 1794 2377 1860 nodo,
2407 1795 2457 1848 vi
2491 1795 2732 1850 Dioscori
2769 1796 3115 1852 Alexandrini
3158 1799 3396 1870 episcopi
3425 1812 3478 1856 et
3508 1802 3791 1861 Saturnini

2133 1898 2179 1959 Β
2207 1885 2458 1955 spadonis
2503 1889 2554 1940 in
2608 1886 2833 1956 Epipam
2882 1886 3081 1960 [CltiﬁL
3131 1890 3325 1962 etiam]
3363 1893 3642 1950 exsulatus
3680 1907 3790 1953 est.

2204 1979 2507 2035 Areobinda
2549 1988 2602 2035 et
2631 1978 2839 2035 Taurus
2868 1981 3076 2050 patricii
3106 1984 3376 2039 communi
3410 1985 3517 2040 vita
3548 1986 3790 2045 defuncti

2201 2079 2346 2125 sunt.

2202 2160 2289 2233 (A.
2318 2160 2381 2215 C.
2411 2160 2470 2216 4ἒ
2484 2159 2562 2233 Ο.)
2595 2160 2717 2216 Ind.
2753 2179 2831 2228 tu,
2867 2162 3227 2220 Valentiniano
3257 2181 3327 2221 vn
3354 2174 3400 2222 et
3426 2168 3629 2225 Abieno
3652 2187 3785 2227 coss.

2270 2272 2605 2329 Theodosius
2650 2278 2779 2344 imp.
2822 2278 3039 2334 vivendi
3090 2280 3249 2336 finem
3291 2280 3417 2337 fecit
3468 2303 3481 2336 :
3542 2287 3791 2357 regnat-it

2198 2376 2322 2437 post
2364 2379 2590 2424 mortem
2632 2369 2884 2427 Archadii
2924 2373 3092 2441 patris
3129 2375 3213 2429 sui
3254 2392 3426 2434 annos
3465 2395 3599 2435 xui.
3641 2381 3789 2438 Loco

2199 2460 2304 2534 [ΑΙ.
2326 2459 2547 2533 Locum]
2569 2462 2689 2532 ejus
2711 2464 3010 2521 Marcianus
3033 2467 3315 2537 imperium
3338 2469 3445 2541 [AL
3467 2471 3787 2545 imperator]

2197 2552 2420 2623 adeptus
2451 2564 2554 2610 est.
2593 2554 2923 2627 Crysaphius
2948 2562 3246 2627 eunuchus,
3279 2561 3585 2620 Pulcheria:
3611 2566 3787 2623 Theo-

2197 2642 2331 2699 dosii
2357 2647 2563 2701 sororis
2590 2659 2742 2714 nutu,
2772 2665 2870 2704 sua
2894 2665 3020 2706 cum
3047 2653 3272 2708 avaritia
3302 2654 3658 2724 interemptus
3678 2669 3784 2714 est.

2198 2757 2287 2828 (A.
2317 2755 2378 2813 C.
2411 2759 2566 2832 451.)
2594 2759 2715 2816 Ind.
2748 2778 2820 2829 tv,
2856 2763 3127 2820 Marciano
3161 2767 3297 2838 Aug.
3340 2777 3388 2823 et
3416 2769 3620 2841 Adelﬁo
3646 2788 3781 2827 coss.

2268 2869 2449 2927 Leone
2479 2868 2729 2943 pontifice
2757 2877 2939 2931 sedem
2970 2876 3115 2933 beati
3147 2878 3291 2935 Petri
3324 2891 3577 2952 regente,
3607 2900 3780 2941 ccxxx

2198 2962 2415 3019 Patrum
2456 2976 2640 3021 sancta
2675 2976 2730 3022 et
2758 2968 3081 3025 universalis
3110 2971 3352 3041 synodus
3384 2988 3573 3031 contra
3610 2976 3783 3049 Euty-

2197 3056 2409 3113 chetem
2459 3060 2965 3119 nefandissimorum
3015 3067 3299 3132 praesulem
3347 3069 3782 3139 monachorum,

2197 3154 2337 3222 apud
2366 3152 2762 3212 Chalcedonam
2792 3157 2844 3212 in
2869 3158 3089 3215 basilica
3116 3169 3317 3217 sanctae
3345 3163 3654 3234 Euphemiae
3685 3164 3784 3221 ﬁr-

2575 3250 2722 3303 solus
2768 3250 3055 3307 Dioscorus
3102 3254 3477 3311 Alexandrina:
3514 3255 3785 3315 Ecclesia

2199 3338 2485 3408 episcopus
2514 3339 2797 3409 dissensit,
2830 3345 3122 3415 statimque
3160 3346 3229 3402 ab
3264 3347 3447 3403 iisdem
3488 3349 3787 3407 catholicis

2200 3428 2446 3487 Patribus
2472 3433 2776 3489 sacerdotio
2804 3435 3081 3493 abdicatus
3107 3448 3212 3494 est.

2270 3566 2359 3639 (A.
2387 3565 2449 3623 C.
2479 3568 2629 3639 452.)
2664 3568 2787 3626 Ind.
2818 3588 2871 3640 v,
2902 3572 3154 3642 Sporacio
3176 3584 3225 3630 et
3254 3575 3547 3633 ﬂercuiano
3572 3595 3703 3635 coss.

2272 3679 2571 3737 Marcianus
2598 3684 2733 3755 Aug.
2766 3685 2879 3741 suis
2900 3689 3090 3744 statuit
3111 3688 3345 3748 decretis
3367 3701 3426 3749 ut
3454 3692 3509 3747 ὶιί
3538 3693 3625 3766 qui
3650 3708 3782 3750 con-

2199 3772 2342 3828 sules
2370 3774 2483 3829 fieri
2510 3776 2825 3846 cupiebant,
2860 3778 2993 3835 nihil
3026 3781 3150 3836 aeris
3182 3783 3236 3837 in
3279 3784 3533 3855 populum
3564 3800 3784 3857 sparge-

2200 3877 2341 3933 rent,
2386 3869 2481 3923 scd
2519 3879 2770 3926 statutam
2812 3876 3091 3943 pecuniam
3132 3876 3197 3931 ad
3232 3879 3594 3949 reparandum
3623 3879 3785 3937 Urbis

2200 3975 2352 4032 aqua:
2377 3963 2592 4018 ductum
2624 3966 3008 4035 dependerent.
3044 3969 3156 4025 Hoc
3185 3979 3427 4041 tempore
3455 3983 3566 4031 tres
3600 3976 3785 4047 magni

2199 4054 2402 4125 lapides
2428 4070 2460 4111 e
2494 4057 2633 4111 caelo
2661 4058 2714 4111 in
2739 4058 2969 4115 Thracia
3004 4062 3341 4120 ceciderunt.
3374 4067 3619 4137 Aquileia
3648 4068 3787 4124 civi-

2200 4153 2281 4201 tas
2308 4147 2375 4201 ab
2404 4148 2567 4203 Attila
2599 4149 2914 4206 Hunnorum
2944 4167 3070 4225 rege
3102 4156 3280 4211 excisa
3310 4166 3414 4213 est.

2256 4284 2341 4354 (A.
2374 4282 2433 4339 C.
2465 4283 2615 4356 455.)
2642 4284 2765 4341 Ind.
2794 4302 2870 4357 vt,
2910 4288 3211 4347 Vincaman
3234 4303 3282 4347 et
3316 4294 3562 4365 Opilione
3591 4314 3719 4353 coss.

2270 4401 2506 4458 Joannes
2528 4420 2830 4476 prtecursor
2852 4407 3063 4465 Domini
3089 4419 3143 4466 et
3166 4410 3419 4482 baptista,
3443 4424 3602 4485 caput
3622 4429 3783 4472 suum

2200 4496 2341 4567 quod
2381 4498 2506 4552 olim
2548 4499 2804 4557 ilerodias
2846 4504 3005 4573 impia
3048 4503 3385 4577 nefandaque
3417 4508 3786 4578 postulatione

2199 4592 2268 4645 ab
2309 4592 2549 4649 humeris
2577 4607 2905 4666 amputatum
2934 4609 2987 4653 et
3024 4601 3077 4655 in
3107 4601 3258 4658 disco
3288 4605 3521 4673 positum
3549 4609 3780 4679 accepit,

2668 4656 2683 4666 .
3174 4656 3184 4658 τ
3234 4656 3247 4658 -
3289 4656 3304 4673 .
3332 4656 3521 4661 νην-η-
3550 4656 3777 4679 --ν-τ--ι

518 4656 665 4713 tione
690 4664 1007 4729 constructi,
1038 4680 1158 4721 cttm
1188 4684 1289 4725 Lvu
1321 4674 1556 4731 turribus
1586 4692 1924 4738 corruerunt.
1953 4685 2093 4742 Saxa
2125 4657 2172 4716 ί)
2201 4686 2489 4755 proculque
2519 4702 2547 4741 a
2583 4699 2829 4744 truncato
2855 4692 2974 4756 ejus
2998 4706 3229 4764 corpore
3258 4698 3531 4766 sepelivit,
3563 4699 3777 4756 duobus

518 4764 731 4821 quoque
760 4752 993 4825 ingentia
1031 4759 1084 4814 in
1126 4761 1242 4817 foro
1273 4764 1433 4821 Tauri
1474 4769 1670 4827 dudum
1699 4790 1860 4846 super
1888 4794 2007 4835 sese
2041 4782 2091 4837 in

518 4842 747 4900 tedificio
776 4849 947 4916 posita
970 4891 985 4915 ,
1022 4862 1319 4924 statuaeque
1349 4859 1593 4927 plurimm
1616 4866 1734 4921 sine
1765 4842 1922 4924 ullius
1946 4872 2095 4928 vide-

519 4933 648 4990 licet
671 4937 888 4995 laasione
910 4943 1162 5013 collapsa:
1188 4956 1336 5013 sunt,
1372 4952 1613 5019 plurimis
1645 4956 1987 5018 nihilominus
2018 4966 2094 5019 ci-

519 5027 771 5083 vitatibus
813 5032 1064 5103 collapsis
1109 5052 1123 5090 :
1170 5035 1340 5094 fames
1382 5050 1436 5095 et
1470 5057 1655 5100 aerum
1700 5051 1923 5117 pestifer
1960 5054 2095 5110 odor

518 5119 684 5173 multa
725 5121 887 5178 millia
934 5124 1207 5184 hominum
1242 5131 1717 5207 jumentorumque
1759 5141 1979 5200 delevit.
2011 5147 2093 5202 ln-

514 5224 646 5279 gens
674 5211 869 5269 bellum
907 5226 961 5271 et
999 5220 1177 5288 priore
1204 5223 1378 5292 majus
1409 5241 1503 5294 per
1538 5228 1758 5287 Attilam
1787 5249 1965 5305 regem
1997 5254 2093 5294 no-

515 5305 644 5358 stris
672 5306 955 5377 inﬂictttm,
983 5326 1121 5380 pene
1148 5324 1310 5370 totam
1336 5318 1625 5389 Europam,
1650 5325 1844 5380 excisis
1873 5328 2094 5385 invasis-

515 5411 621 5466 que
638 5398 943 5457 civitatibus
964 5412 1122 5475 atque
1137 5410 1395 5473 castellis,
1415 5415 1671 5470 conrasit.
1701 5415 1905 5475 Eodem
1928 5436 2088 5494 anno,

513 5489 665 5545 urbis
703 5504 944 5577 augusta:
981 5498 1115 5553 muri
1156 5500 1284 5556 olim
1315 5510 1628 5561 terrannotu
1670 5510 1919 5580 collapsi,
1952 5516 2092 5573 intra

514 5589 624 5635 tres
650 5571 886 5650 menses,
917 5588 1273 5648 Constantino
1306 5597 1561 5664 prrefecto
1591 5603 1846 5669 praetorio
1872 5619 2092 5676 operam

513 5678 697 5733 dante.
721 5678 1029 5735 resedifirati
1052 5693 1195 5739 sunt.
1222 5685 1385 5741 Attila
1417 5705 1517 5745 rex
1546 5707 1716 5763 usque
1741 5696 1807 5751 ad
1835 5697 2096 5757 Thermo-

513 5765 679 5863 polim
708 5766 937 5825 infestus
965 5771 1202 5831 advenit.
1234 5780 1582 5851 Arnegisclus
1620 5785 1807 5859 [σιιίπι.
1842 5791 2096 5863 Argenis-

515 5855 625 5931 ius]
662 5861 917 5934 magister
958 5866 1162 5927 militiae
1190 5872 1244 5927 in
1274 5872 1491 5943 ripense
1525 5855 1716 5949 Dacia,
1738 5855 1893 5951 juxta
1919 5855 2092 5943 litum

2196 4774 2555 4832 Orientalibus
2587 4781 2860 4836 monachis
2892 4783 2961 4838 ob
2989 4785 3317 4842 adorandam
3346 4790 3487 4859 apud
3520 4792 3780 4848 Hieroso-

2198 4866 2394 4936 lymam
2424 4868 2623 4924 Christi
2656 4871 2863 4927 Domini
2896 4878 3350 4934 resurremionem
3378 4881 3782 4941 introeuntibus

2198 4961 2474 5027 revelavit,
2508 4972 2562 5018 ut
2588 4965 2653 5018 ad
2682 4965 2908 5022 Herodis
2931 4970 3203 5039 quondam
3236 4975 3379 5045 regis
3410 4974 3778 5034 habitaculum

2195 5054 2513 5109 accedentes
2546 5056 2804 5113 admoniti
2845 5062 3213 5132 requirerent,
3249 5065 3591 5141 fideliterque
3618 5070 3783 5127 humo

2200 5146 2539 5202 extollerent.
2576 5149 2685 5205 ilnc
2717 5167 2845 5221 ergo
2875 5163 3035 5224 caput
3065 5156 3169 5212 fide
3203 5157 3388 5229 [οὴεῃι.
3420 5160 3569 5234 fidei]
3599 5178 3783 5234 reper-

2203 5247 2334 5304 tum,
2372 5254 2573 5310 suaque
2604 5242 2810 5311 hispida
2854 5245 2905 5300 itt
2954 5251 3183 5303 mantica
3210 5252 3512 5321 conditum,
3543 5254 3669 5311 dum
3712 5259 3781 5311 ad

2200 5332 2414 5402 propria
2462 5346 2765 5390 remeantes
2815 5336 3113 5395 habitacula
3165 5345 3508 5412 pervehunt,
3560 5346 3782 5409 quidam

2203 5428 2469 5484 Emisente
2499 5431 2688 5500 figulus
2717 5433 2980 5503 civitatis,
3010 5435 3269 5493 diutinam
3296 5438 3783 5513 imminentemque

2200 5524 2302 5578 sibi
2328 5522 2533 5594 fugiens
2554 5533 2945 5597 paupertatem,
2970 5543 3088 5584 sese
3110 5530 3192 5585 his
3217 5532 3460 5589 exhibuit
3483 5537 3739 5592 comitem
3765 5553 3780 5590 :

2196 5616 2393 5687 quique
2420 5616 2546 5671 dum
2582 5621 2797 5674 nescius
2826 5634 3009 5690 peram
3041 5622 3142 5677 sibi
3182 5625 3444 5681 creditam
3474 5642 3597 5683 cum
3623 5644 3785 5685 sacro

2197 5707 2372 5774 capite
2413 5718 2609 5779 portat,
2637 5712 2704 5765 ab
2734 5725 2800 5766 eo
2839 5712 2994 5781 cujus
3024 5723 3181 5784 caput
3204 5716 3459 5783 vehebat,
3492 5729 3658 5775 noctu
3687 5721 3783 5777 ad-

2199 5799 2453 5869 monitus,
2482 5808 2768 5871 utrumque
2796 5806 3047 5860 comitem
3079 5806 3288 5878 fugiens
3316 5810 3629 5882 dereliquit,
3675 5823 3783 5867 sta-

2200 5889 2403 5956 timque
2434 5890 2738 5948 Emisenam
2780 5894 2967 5953 urbem
2997 5911 3119 5954 cum
3148 5906 3335 5957 sancto
3365 5900 3581 5967 levique
3609 5917 3785 5961 onere
