4052 6338
263 347 362 415 929
1669 322 1876 383 CIIROI

1983 321 2062 381 DN
2075 360 2091 378 .
3419 305 3530 373 930

264 469 608 535 introgressus
650 464 752 513 est.
805 453 991 524 Ibique
1034 450 1162 508 dum
1209 445 1441 513 advixit,
1484 442 1836 517 prmeursoris
1862 442 1915 503 Α
1941 438 2050 494 Leo
2080 433 2257 492 eidem
2286 431 2541 535 defuncto
2567 428 2852 535 successit,
2885 424 3038 499 cujus
3067 424 3345 535 voluntate
3363 419 3531 498 M3104

265 519 450 617 Christi
476 561 766 611 veneratus
806 519 1109 619 est'capnt,
1140 545 1483 613 moriensque
1520 539 1692 595 sorori
1728 552 1839 592 sua:
1944 529 2130 584 rianus
2160 525 2301 597 apud
2330 524 2640 581 Ravennam
2667 522 2846 579 Caesar
2873 529 2958 578 est
2986 519 3287 576 ordinatus.

266 666 432 712 rerum
469 648 664 705 nescia:
697 645 965 718 signatum
999 644 1052 698 itt
1084 639 1303 695 vasculo
1344 634 1558 691 tradidit
1594 632 1843 689 recolen-
1945 642 2037 715 (Α,
2067 638 2128 695 C,
2162 641 2313 713 453,)
2343 641 2463 697 1nd,
2504 638 2951 718 31‘,-Le‘one‘Aug.
2993 646 3041 691 et
3080 633 3378 707 Majort’ano
3419 629 3530 707 [ΑΙ.

266 708 386 804 dum
440 739 615 816 [Ἐστι.
675 708 1004 807 colendum].
1064 734 1157 790 llta
1203 746 1332 787 vero
1388 727 1686 784 successori
1743 738 1844 780 suo
1954 708 1965 715 ’
2295 708 2304 713 ’
2500 713 2623 769 add.
2658 708 2820 783 Aug.)
2850 726 2983 763 coss.

266 842 583 915 repositum,
630 838 1009 907 signatumque
1052 844 1112 888 ut
1159 844 1277 888 erat
1316 827 1624 899 dereliquit.
1676 822 1844 879 Porro

2017 831 2129 887 Leo
2160 831 2288 898 imp.
2321 843 2417 900 pro
2448 837 2596 882 tomo
2623 822 3070 881 Chalcedonense
3098 835 3192 892 per
3221 818 3534 875 universum

268 911 603 995 Eustncttius,
626 930 841 998 quidam
859 927 1105 984 occultus
1128 925 1339 981 Arianae
1357 922 1596 994 pertidize
1620 915 1845 987 presbyo

1985 925 2134 982 rbem
2194 922 2422 992 singulis
2470 920 2896 976 orthodoxorum
2942 914 3249 987 episcopis,
3300 911 3537 984 singulas

270 1041 367 1093 ter,
399 1026 553 1081 talem
598 1033 913 1093 tantumque
953 1021 1263 1074 thesaurum
1308 1016 1558 1087 indignus
1593 1006 1841 1073 obtinuit,
1950 1025 2423 1084 consonantesque
2472 1015 2620 1069 misit
2664 1012 2953 1084 enisuqns,
3002 1024 3109 1079 quo
3155 1008 3255 1064 sibi
3302 1006 3429 1077 quid
3472 1004 3540 1060 de

267 1121 595 1193 gratiamque
641 1130 802 1188 quam
846 1112 1098 1169 Christus
1146 1111 1403 1166 Dominus
1450 1123 1545 1178 per
1584 1103 1847 1160 Joannem
1950 1108 2139 1171 eodem
2171 1118 2317 1162 tomo
2343 1105 2608 1160 sentirent
2635 1105 2813 1160 cuncti
2842 1103 2953 1158 suis
2982 1098 3428 1169 rescriptionibus
3459 1096 3541 1151 in-

268 1188 549 1283 baptistatu
590 1209 809 1264 infirmo
849 1206 1047 1277 populo
1090 1202 1397 1265 tribuebat,
1428 1202 1472 1255 is
1512 1214 1664 1262 eam,
1703 1210 1767 1249 ac
1803 1192 1850 1248 si
1951 1201 2210 1257 dicarem,
2256 1198 2459 1253 Horum
2504 1198 2743 1252 omnium
2787 1196 3167 1266 episcoporum
3210 1192 3283 1246 ita
3323 1188 3541 1259 conspi-

269 1321 417 1363 suam
443 1305 745 1365 dumtaxat,
775 1302 828 1356 in
858 1301 1017 1371 vulgo
1059 1297 1466 1353 disseminabat.
1501 1292 1633 1347 llinc
1674 1287 1852 1358 pravi-
1953 1303 2138 1351 mnes
2159 1291 2401 1363 suscepit
2420 1291 2696 1361 epistolas,
2727 1299 2785 1343 ut
2810 1304 2903 1343 eas
2934 1296 3148 1358 putares
3170 1299 3276 1341 uno
3300 1293 3543 1353 tempore

278 1410 385 1457 tate
412 1413 510 1453 sua
536 1397 752 1452 detecta
769 1434 785 1462 ,
813 1393 1062 1449 Emisena
1088 1391 1306 1447 civitate
1334 1387 1589 1457 expulsus
1609 1392 1713 1438 est.
1740 1379 1854 1435 Hoc
1954 1387 2116 1444 unius
2141 1385 2245 1441 viri
2270 1384 2487 1454 eloquio
2516 1380 2681 1437 fuisse
2704 1381 2953 1435 dictatas,

271 1489 461 1548 deinde
499 1498 712 1545 antrum
751 1487 805 1541 in
844 1501 950 1557 quo
990 1481 1281 1539 beatissimi
1323 1478 1547 1536 Joannis
1605 1484 1764 1545 caput
1798 1474 1852 1528 in

271 1597 459 1639 urnam
490 1581 744 1647 missum,
772 1578 873 1633 sub
912 1586 1167 1645 terraque
1199 1572 1533 1629 reconditum
1562 1576 1698 1631 erat,
1731 1568 1853 1632 qui-

270 1672 391 1729 dam
419 1670 671 1729 monachi
701 1684 799 1740 pro
826 1667 1135 1723 habitaculo
1166 1664 1365 1720 habere
1391 1670 1689 1729 cmperunt.
1716 1658 1855 1713 Mar-

271 1766 439 1823 cellus
469 1763 686 1820 demum
722 1762 1025 1833 presbyter,
1057 1757 1326 1827 totiusque
1364 1752 1679 1811 monaSIerii
1720 1766 1857 1821 prae-

272 1857 374 1927 sul,
406 1856 537 1912 dum
583 1856 634 1910 itt
666 1852 856 1910 eodem
888 1867 1053 1922 specu
1085 1851 1192 1905 vita
1220 1844 1675 1919 irreprehenStbili
1707 1842 1859 1898 habi-

274 1960 371 2016 tat,
403 1947 549 2004 idem
582 1946 641 2001 B.
677 1944 915 2000 Joannes
954 1942 1260 2013 Christique
1300 1952 1598 2010 prmcursor
1626 1950 1748 1990 sese
1777 1933 1859 1989 ei-

273 2043 395 2099 dem
438 2053 708 2108 suumque
745 2034 983 2093 ostendit
1021 2043 1207 2105 caput,
1240 2032 1549 2101 ibidemque
1587 2029 1861 2098 sepultum

274 2132 456 2192 multis
506 2131 832 2203 praefulgens
878 2127 1166 2183 virtutibus
1218 2121 1490 2196 patefecit.
1540 2121 1655 2176 lloc
1702 2118 1863 2188 igitur

274 2226 587 2285 venerabile
623 2232 785 2293 caput
809 2222 909 2277 sub
941 2219 1140 2277 Uranie
1171 2225 1484 2275 memoratae
1511 2215 1765 2285 episcopo
1790 2211 1864 2267 ci-

274 2320 491 2386 vitatis,
526 2333 621 2389 per
657 2314 939 2387 praefatum
981 2313 1293 2369 Marcellum
1334 2310 1707 2381 presbyterum
1738 2320 1867 2361 con-

274 2420 383 2468 stat
428 2412 711 2466 inventum
741 2404 1055 2462 Vincomalo
1097 2412 1153 2460 et
1200 2402 1446 2473 Opitione
1494 2414 1634 2456 coss.
1683 2412 1868 2453 mense

276 2502 607 2569 Februario,
647 2500 734 2557 die
772 2514 921 2565 xxiv,
963 2495 1137 2552 media
1176 2494 1503 2566 jejuniorum
1538 2489 1867 2562 paschalium

275 2596 607 2669 septimana,
636 2592 1053 2663 imperatoribus
1078 2605 1208 2646 vero
1238 2588 1618 2645 Valentiniano
1644 2596 1698 2641 et
1735 2584 1868 2639 Mar-

276 2688 438 2743 ciano
498 2686 866 2757 regnantibus.
936 2680 1216 2737 Pulcheria
1282 2679 1561 2750 Augusta,
1618 2676 1870 2733 Marciani

278 2777 552 2850 principis
597 2791 759 2843 uxor,
807 2775 949 2831 beati
1002 2772 1277 2828 Laurentii
1325 2772 1523 2826 atrium
1573 2766 1871 2823 inimitabili

274 2888 447 2945 opere
474 2869 897 2937 consummavit,
926 2868 1254 2937 beatumque
1286 2863 1500 2920 vivendi
1531 2864 1692 2918 tinem
1722 2860 1869 2917 fecit.

424 2986 521 3059 (Α.
554 2982 616 3039 C.
648 2982 802 3053 454.)
828 2980 952 3036 Ind.
980 2996 1075 3045 vu,
1108 2979 1253 3035 Aetio
1288 2986 1337 3034 et
1377 2977 1570 3032 Studia
1599 2992 1732 3031 coss.

350 3102 531 3160 Attila
574 3117 672 3157 rex
721 3099 1037 3155 Hunnorum
1084 3094 1312 3165 Europae
1339 3093 1558 3149 orbator
1586 3089 1877 3163 provincia:

2030 1500 2116 1561 (Α.
2148 1496 2210 1553 C.
2245 1496 2396 1566 459.)
2426 1493 2554 1549 Ind.
2584 1510 2680 1561 xu,
2715 1490 2945 1547 Patricio
2972 1499 3017 1545 et
3058 1490 3309 1545 Ricimere
3335 1502 3469 1541 coss.

2027 1613 2180 1668 Isaac
2200 1610 2560 1666 Antiochense
2585 1605 2846 1662 Ecclesite
2867 1603 3152 1675 presbyter
3171 1600 3390 1671 scripsit
3408 1599 3548 1670 Syro

1957 1721 2216 1763 sermone
2260 1704 2454 1770 multa,
2488 1704 2871 1774 praecipueque
2913 1698 3173 1754 adversus
3200 1692 3550 1750 Nestorianos

1888 1824 1939 1887 Β
1963 1809 2022 1856 et
2051 1796 2442 1869 Eutychianos.
2471 1795 2702 1850 Ruinam
2731 1791 2874 1849 enim
2905 1788 3206 1887 Antiochize
3244 1786 3399 1856 elego
3426 1799 3550 1887 car-

1966 1894 2109 1949 mine
2149 1891 2381 1961 planxit,
2414 1887 2863 1961 quemadmodum
2892 1884 3144 1955 ‘Ephrem
3175 1881 3433 1939 diaconus
3460 1876 3553 1935 Ni-

1969 1984 2232 2042 comediae
2263 1984 2495 2054 lapsum.

2038 2101 2129 2169 (A.
2161 2099 2223 2154 C.
2257 2098 2409 2168 460.)
2437 2096 2560 2151 Ind.
2598 2112 2711 2163 xttt,
2744 2094 3023 2164 Apollonio
3050 2101 3099 2148 et
3124 2091 3319 2164 Magno
3349 2105 3477 2146 coss.

2039 2211 2265 2282 Cyzicus
2326 2210 2523 2266 civitas
2564 2218 2874 2265 terrzemotu
2912 2220 3195 2271 concussa,
3245 2215 3553 2260 murorum-

1970 2317 2075 2374 que
2103 2318 2324 2359 suorum
2355 2302 2561 2357 ambitu
2592 2301 2912 2372 interrupto,
2944 2314 3065 2357 sese
3086 2312 3325 2370 suosque
3344 2295 3437 2353 diu
3460 2294 3556 2352 de-

1974 2398 2199 2470 planxit.

2045 2513 2135 2585 (A.
2155 2511 2217 2568 C.
2246 2511 2398 2584 461.)
2426 2511 2553 2570 Ind.
2580 2529 2686 2579 xxv,
2712 2513 2991 2586 Dagalaifo
3012 2523 3060 2567 et
3083 2513 3329 2569 Seuerino
3349 2526 3480 2566 coss.

2046 2620 2304 2678 Romana:
2336 2623 2597 2680 Ecclesia:
2642 2624 2855 2681 llilarus
2885 2623 3047 2681 XLIV
3077 2624 3318 2696 pontifex
3360 2627 3556 2691 factus,

1975 2712 2109 2768 vixit
2145 2729 2316 2770 annos
2358 2730 2433 2771 vt.
2462 2715 2791 2786 Majnrianus
2833 2715 3016 2773 Caesar
3058 2717 3199 2788 apud
3247 2717 3561 2783 Dertonam,

1972 2805 2122 2875 juxta
2163 2807 2381 2863 ﬂuvium
2411 2810 2499 2880 qui
2531 2809 2671 2881 llyra
2696 2809 2913 2880 dicitur,
2942 2810 3296 2882 interemptus
3329 2820 3430 2866 cst.
3458 2810 3561 2866 Lo-

1976 2914 2098 2955 cum
2127 2899 2247 2971 ejus
2276 2900 2515 2958 Severus
2544 2902 2759 2959 invasit.

1980 3012 2069 3084 (Α.
2094 3012 2155 3069 C.
2186 3012 2334 3087 462.)
2367 3013 2489 3069 Ind.
2526 3032 2617 3091 xv,
2648 3015 2818 3091 Leone
2849 3018 2979 3091 Anq.
3011 3034 3049 3073 tt
3076 3018 3187 3074 solo
3215 3014 3485 3091 [CassimL
3514 3028 3564 3073 et

2523 3088 2711 3143 Severo
2733 3087 2894 3163 Aug.)
2926 3087 3032 3143 cos.

278 3208 451 3257 noctu
483 3195 723 3252 mulieris
757 3209 916 3249 manu
957 3192 1242 3262 cultroque
1282 3188 1606 3246 εοηΐοᾶὶῑυι.
1649 3186 1876 3254 Quidam
1907 3208 1953 3273 Ο
2054 3196 2284 3253 Jacobus
2311 3201 2529 3255 natione
2558 3199 2835 3268 Achivus,
2869 3201 3127 3270 religione
3155 3213 3413 3273 paganus,9
3452 3217 3569 3258 me.

277 3307 420 3350 vero
449 3289 727 3361 sanguinis
756 3287 1048 3358 rejectione
1079 3292 1327 3340 necatum
1358 3280 1660 3353 perhibent.
1692 3277 1880 3333 Aetius

281 3382 578 3455 patricius,
624 3393 816 3450 magna
862 3376 1224 3434 Occidentalis
1267 3372 1579 3444 reipublica-
1619 3372 1786 3435 satus,
1829 3380 1883 3423 et

278 3476 438 3546 regis
468 3472 648 3527 Attila:
675 3480 870 3535 terror,
899 3483 929 3521 a
960 3467 1335 3523 Valentiniano
1373 3466 1503 3534 imp.
1534 3478 1657 3517 cum
1697 3462 1884 3517 Boetio

277 3567 472 3621 amico
490 3563 554 3617 in
582 3559 784 3631 palatio
814 3558 1111 3615 trucidatur
1140 3576 1151 3609 :
1185 3566 1343 3625 atque
1371 3570 1493 3612 cum
1529 3555 1647 3625 ipso
1682 3553 1884 3624 Hespe-

278 3658 433 3713 rium
467 3651 658 3709 cecidit
680 3666 928 3723 regnum,
954 3665 1053 3706 nec
1080 3648 1343 3705 hactenus
1369 3647 1534 3703 valuit
1563 3646 1809 3703 relevari.

278 3796 380 3865 (Α.
416 3789 483 3847 C.
515 3788 669 3860 455.)
702 3787 827 3844 Ind.
859 3804 979 3856 vut,
1012 3787 1374 3842 Valentiniano
1405 3802 1496 3842 vttt
1531 3797 1577 3843 et
1614 3787 1886 3843 Anthemio

1034 3875 1163 3914 €088.

364 3976 781 4034 Valentinianus
812 3976 1087 4047 princeps,
1117 3974 1244 4031 dolo
1274 3976 1491 4031 Maximi
1523 3976 1766 4046 patricii,
1797 3990 1890 4031 cu-

277 4074 375 4144 jus
422 4069 592 4126 etiam
634 4068 817 4123 fraude
857 4067 1043 4124 Aetius
1085 4066 1343 4138 perierat,
1375 4068 1428 4122 in
1469 4082 1660 4138 eampo
1699 4066 1891 4122 Martio

282 4180 389 4234 per
422 4160 663 4231 Optilam
693 4158 881 4233 [ςιιῑῃι.
906 4158 1153 4231 Ostitam]
1190 4170 1245 4214 et
1274 4159 1597 4214 Traustitam
1630 4159 1767 4214 Aetii
1806 4172 1891 4214 sa-

281 4256 528 4321 tellites,
566 4252 678 4324 jam
722 4267 979 4321 percusso
1023 4252 1271 4309 Heraclio
1311 4252 1571 4322 spadone,
1616 4262 1894 4310 truncatus

279 4362 395 4410 est.
435 4348 591 4405 Idem
631 4348 896 4403 Maximus
938 4348 1132 4403 invasit
1168 4346 1477 4417 imperium,
1508 4347 1773 4417 tertioque
1815 4358 1895 4419 ty-

279 4441 548 4501 rannidis
590 4454 706 4495 sure
747 4454 933 4496 mense
973 4441 1311 4495 membratim
1344 4440 1529 4494 Romae
1566 4455 1595 4494 a
1638 4440 1895 4496 Romanis

279 4542 511 4591 tractus
539 4534 950 4601 discerptusque
979 4542 1063 4587 est
1101 4530 1207 4604 [ΑΙ.
1242 4532 1548 4601 discerptus
1585 4531 1709 4604 est].
1755 4532 1894 4588 Gen-

277 4632 513 4687 sericus
554 4643 648 4683 rex
682 4624 1105 4695 Wandalorum,
1145 4629 1213 4683 ab
1253 4627 1493 4683 Eudoxia
1536 4625 1895 4682 Valentiniani

1985 3286 2176 3343 dicina:
2224 3291 2357 3344 artis
2404 3290 2619 3360 peritia,
2673 3300 2780 3345 tam
2822 3291 3038 3361 ingenio
3080 3307 3239 3362 quam
3272 3294 3570 3348 litteratura

1984 3380 2297 3449 perclaruit.
2334 3381 2430 3436 llic
2469 3383 2538 3437 ob
2580 3382 2905 3439 medendum
2951 3383 3189 3439 Leonem
3232 3384 3368 3455 Aug.
3424 3385 3572 3441 febre

1982 3470 2351 3541 defatigatum,
2395 3487 2610 3527 sacrum
2652 3474 2835 3543 palatii
2866 3474 3172 3529 cubiculum
3219 3484 3441 3529 vocatus
3484 3476 3573 3530 in-

1984 3561 2168 3629 travit,
2218 3564 2507 3632 statimque
2552 3563 2604 3617 in
2648 3564 2778 3619 sella
2812 3564 2965 3634 juxta
3012 3575 3186 3621 torum
3230 3566 3570 3636 imperialem

1985 3651 2182 3722 posita,
2214 3655 2332 3709 sine
2372 3654 2479 3709 ullo
2505 3656 2727 3726 Augusti
2757 3665 2888 3711 nutu
2916 3657 3181 3723 consedit,
3211 3658 3414 3728 'siCque
3453 3672 3571 3714 me-

1989 3744 2139 3800 dicas
2184 3745 2428 3801 adhibuit
2472 3762 2680 3803 manus.
2723 3747 2889 3804 Porro
2936 3749 3162 3805 meridie
3210 3748 3277 3805 ad
3321 3750 3573 3806 eumdem

1988 3851 2201 3892 sacrum
2235 3837 2483 3908 pulvinar
2510 3855 2778 3907 reversus,
2811 3840 3081 3895 sublatum
3123 3842 3205 3895 sui
3240 3853 3459 3911 propter
3487 3856 3574 3897 so-

1994 3926 2126 3983 lium
2168 3929 2221 3984 in
2247 3946 2353 3999 quo
2380 3932 2675 3986 matutinus
2703 3931 2979 3987 resederat
3008 3933 3253 4002 protinus
3284 3931 3573 4001 intellexit,

1993 4022 2364 4094 spondatnqtte
2409 4024 2509 4079 tori
2552 4025 2756 4095 regiam
2789 4025 3090 4095 intrepidus
3119 4025 3445 4095 supersedit,
3479 4041 3573 4084 ve-

1998 4122 2276 4185 terumque
2304 4114 2465 4170 studii
2503 4115 2584 4171 sui
2612 4124 2951 4186 repertorem
2980 4117 3434 4187 praeceptionibus
3461 4134 3576 4175 mo-

1999 4206 2168 4260 nitum
2221 4206 2273 4261 id
2304 4222 2425 4263 sese
2462 4209 2715 4278 gessisse,
2750 4224 2857 4265 non
2901 4220 3103 4268 temere
3146 4214 3572 4285 praesumpsisse,

2005 4309 2351 4369 aegrotantem
2378 4299 2561 4355 docuit
2586 4301 2903 4372 principem.

2142 4414 2229 4483 (Α.
2257 4413 2320 4468 C.
2353 4412 2505 4484 465.)
2537 4412 2662 4468 Ind.
2696 4430 2734 4478 ι,
2774 4414 2988 4470 Viviano
3013 4428 3060 4471 et
3089 4415 3266 4474 Felice
3293 4435 3423 4475 coss.

2070 4526 2303 4597 Prosper
2327 4525 2488 4580 homo
2512 4527 2843 4595 Aquitanica:
2865 4529 3122 4600 regionis,
3144 4545 3394 4587 sermone
3422 4532 3581 4589 scho4

1999 4619 2225 4676 lasticus
2244 4630 2294 4676 et
2318 4621 2710 4677 a-scrtionibus
2727 4638 3005 4692 nervosus,
3032 4627 3194 4681 multa
3211 4641 3580 4696 composuisse

281 4739 483 4780 uxore
506 4723 750 4796 epistolis
780 4721 1135 4786 invitatus,ex
1164 4720 1344 4776 Africa
1372 4720 1596 4775 Romam
1623 4720 1896 4791 ingressus
2000 4715 2216 4771 dicitur.
2249 4714 2508 4785 Epistolas
2533 4730 2744 4786 quoque
2775 4731 2926 4787 papa:
2952 4717 3149 4774 Leonis
3187 4719 3448 4773 adversus
3479 4719 3582 4775 Eu-

278 4829 375 4873 cst
400 4859 417 4883 ,
467 4831 639 4887 eaque
681 4817 814 4871 urbe
856 4815 1017 4871 rebus
1056 4816 1305 4869 omnibus
1342 4816 1606 4885 spoliata,
1649 4815 1893 4871 eamdem

282 4910 607 4967 Eudoxiam
648 4924 770 4965 cum
810 4907 1017 4965 duabus
1060 4907 1269 4965 filiabus
1309 4922 1495 4966 secum
1534 4907 1756 4966 rediens
1795 4907 1893 4964 ab-

279 5000 481 5059 duxit.

449 5096 545 5167 (A.
575 5091 635 5150 C.
666 5092 792 5150 456.
824 5090 949 5147 Ind.
978 5108 1055 5160 Ix,
1087 5090 1292 5147 Varane
1317 5101 1366 5147 et
1394 5090 1600 5147 Joanne
1623 5107 1752 5148 coss.

367 5211 481 5267 llis
519 5208 831 5265 consulibus
869 5207 1148 5263 innumera
1182 5207 1508 5262 locustarum
1544 5206 1755 5275 agmina
1788 5204 1897 5260 fru-

281 5315 455 5359 ctum
498 5299 748 5372 Phrygize
781 5306 1147 5355 vastaverunt.
1191 5298 1486 5354 Eucherius
1527 5296 1900 5369 Lugdunensis

170 5472 175 5483 κη
283 5392 573 5453 Ecclesiae
613 5390 856 5463 pontifex
897 5394 1063 5447 multa
1098 5389 1339 5460 scripsit,
1375 5400 1482 5445 tam
1518 5390 1898 5447 ecclesiasticis
2001 5415 2203 5474 {mdata
2250 5389 2556 5488 deplanxit.
2599 5389 2853 5483 Sev'ews.
2878 5420 2971 5490 qui

278 5501 475 5563 quam
505 5484 815 5542 monasticis
845 5484 1039 5541 studiis
1068 5483 1391 5540 necessaria.

404 5630 512 5704 (Α.
538 5628 600 5685 C.
632 5626 785 5700 457.)
816 5625 939 5683 Ind.
966 5643 1023 5693 x,
1051 5624 1391 5681 Constantino
1418 5633 1467 5678 et
1495 5623 1634 5695 Rufo
1658 5639 1790 5678 coss.

368 5747 691 5803 Marcianus
735 5745 865 5815 imp.
914 5743 1070 5799 bouis
1123 5742 1455 5814 principibus
1504 5739 1898 5812 comparandus

281 5839 431 5903 vitae
466 5839 716 5911 spiritum
740 5837 961 5896 amisit:
988 5836 1269 5909 imperavit
1290 5848 1461 5893 annos
1487 5850 1559 5904 vs,
1585 5847 1800 5890 menses
1823 5848 1897 5890 vr.

2000 4811 2212 4879 tychem
2254 4807 2321 4862 de
2370 4822 2496 4861 vera
2535 4807 2737 4865 Christi
2766 4809 3137 4867 incarnatione
3165 4809 3320 4877 datae,
3367 4810 3435 4867 ab
3475 4809 3581 4867 isto

2000 4900 2215 4956 dictata:
2244 4898 2561 4956 creduntur.

2127 5020 2217 5091 (A.
2244 5019 2307 5076 C.
2340 5020 2496 5096 464.)
2528 5020 2651 5077 Ind.
2686 5038 2747 5093 ιι,
2778 5022 3013 5078 Rusticio
3032 5032 3079 5077 et
3108 5022 3462 5095 Olybriocoss.

2073 5135 2310 5208 Beorgor
2338 5153 2431 5193 rex
2464 5138 2754 5195 Alanorum
2781 5153 2810 5192 a
2851 5137 3122 5195 Ricimere
3148 5154 3274 5209 rege
3301 5138 3584 5196 occiditur.

2005 5229 2094 5302 (A.
2125 5232 2189 5286 C.
2220 5230 2377 5301 465.)
2410 5230 2532 5287 Ind.
2560 5248 2639 5299 ιιι,
2678 5232 2931 5288 Basilisco
2974 5243 3023 5288 et
3064 5232 3421 5289 Herminerico
3454 5252 3585 5293 coss.

2072 5323 2569 5394 ConstantinOpolis
2600 5340 2794 5395 magno
2825 5325 3007 5381 invasa
3039 5326 3311 5397 incendio,
3343 5327 3587 5400 facieque

3002 5418 3311 5477 Occidentis
3356 5422 3587 5492 arripuit

1942 5580 1947 5587 .
2006 5510 2389 5581 principatum,
2416 5509 2601 5565 Roma:
2632 5510 2855 5566 interiit.

2128 5628 2215 5700 (A.
2246 5625 2304 5680 C.
2339 5624 2490 5695 466.)
2528 5623 2648 5681 Ind.
2678 5642 2750 5693 tv,
2782 5625 2950 5682 Leone
2980 5628 3111 5700 Aug.
3142 5645 3199 5685 ιιι
3221 5630 3329 5684 solo
3356 5644 3458 5682 cos.

2074 5740 2437 5797 Theodoritus
2482 5743 2768 5812 episconus
2821 5744 2947 5815 Cyri
2992 5744 3226 5799 civitatis
3267 5742 3484 5812 scripsit
3521 5741 3589 5800 de

2002 5831 2376 5893 lncarnatione
2412 5836 2624 5893 Domini
2654 5838 2912 5895 adversus
2958 5837 3258 5906 Eutychem
3307 5834 3590 5904 presbyte~
