4052 6338
536 316 645 383 955

748 431 926 505 (A.C.
958 430 1111 503 496.)
1157 428 1277 486 Ind.
1314 444 1388 495 tv,
1422 426 1593 483 Paulo
1635 426 1746 481 solo
1792 442 1898 480 cos.

604 551 959 625 Augustatico
979 564 1078 605 suo
1106 546 1309 604 dudum
1341 544 1659 603 Anastasius
1695 544 1954 599 militibus
1984 558 2119 612 pra:-

428 678 431 679 ν
534 646 686 712 stito,
707 645 1021 702 donativum
1052 654 1268 713 quoque
1310 640 1413 695 hoc
1446 638 1611 694 fratre
1643 638 1863 694 consule
1908 636 2114 692 tribuit.

536 743 690 802 India
716 740 1003 799 Anastasio
1052 736 1279 810 principi
1310 734 1677 809 elephantem,
1707 748 1866 813 quem
1898 730 2119 786 Plautus

536 848 694 909 poeta
718 845 904 892 noster
930 831 1204 890 Lucabum
1233 827 1323 903 [Id
1345 839 1419 884 cst
1441 828 1639 883 Lucam
1669 822 1884 897 bovem]
1904 826 2120 881 nomine

535 928 689 997 dicit,
719 928 959 999 duasque
983 920 1448 993 camelopardalas
1478 934 1576 991 pro
1605 934 1831 974 munere
1878 917 2047 973 misit.

541 1044 630 1115 (A.
657 1040 718 1098 C.
746 1039 901 1113 497.)
942 1038 1067 1096 Ind.
1093 1055 1147 1110 v,
1181 1037 1453 1093 Anastasio
1476 1034 1612 1106 Aug.
1647 1033 1757 1107 [AL
1786 1029 1847 1102 tt]
1874 1031 1983 1086 solo
2011 1047 2116 1086 cos.

607 1158 750 1216 Solis
772 1156 1017 1213 defectus
1046 1154 1293 1226 apparuit
1318 1171 1332 1209 :
1364 1151 1672 1221 bellumque
1696 1148 1989 1203 Isauricum
2018 1147 2119 1202 hoc

535 1261 691 1309 sexto
717 1267 861 1307 anno
886 1251 1152 1306 sedatum.
1175 1245 1555 1303 Athenodorus
1589 1242 1888 1297 Isaurorum
1918 1240 2119 1311 primus

536 1346 590 1401 in
617 1344 817 1402 Isauria
841 1352 1032 1412 Captus
1051 1341 1451 1409 decollatusque
1482 1346 1584 1392 est.
1638 1333 1810 1404 Caput
1839 1334 1957 1403 ejus
1984 1331 2115 1387 Tar-

536 1452 657 1493 sum
686 1435 957 1491 civitatem
988 1434 1206 1488 allatum
1235 1445 1332 1502 pro
1362 1427 1533 1499 portis
1553 1427 1733 1483 hastili
1782 1424 1943 1480 fixum
1972 1434 2122 1480 exta.-

535 1529 669 1695 bi'A‘:
694 1619 754 1674 C.
790 1618 941 1688 £98.)
966 1617 1090 1672 Ind.
1109 1633 1183 1685 νι,
1202 1615 1405 1670 Joanne
1419 1613 1615 1685 Scytha
1629 1620 1677 1668 et
1700 1610 1925 1667 Paulino
1948 1627 2078 1666 coss.

616 1736 875 1791 Romana:
907 1733 1163 1789 Ecclesia:
1187 1729 1398 1787 XLVIII
1422 1728 1741 1783 AnaStasius
1764 1725 2003 1798 pontifex
2030 1739 2116 1780 or.

1792 308 2214 368 MARCELLINI
2250 309 2524 368 COMITIS

2140 433 2195 491 Α
2218 425 2539 499 gladiisque,
2563 438 2683 481 com
2692 425 3059 497 pressionibus
3080 438 3135 487 et
3161 430 3315 501 aquis
3336 432 3628 503 proscenis
3649 436 3814 493 emiss

2221 536 2311 577 sos
2343 523 2468 577 urbs
2492 524 2725 592 Augusta
2756 522 2992 579 deﬂevit.

2365 638 2454 712 (A.
2480 638 2542 695 C.
2575 640 2729 711 502.)
2784 639 2909 697 Ind.
2942 658 2997 707 x,
3032 640 3207 699 Probo
3236 653 3284 699 et
3306 643 3500 702 Alieno
3527 663 3664 704 coss.

2292 749 2557 808 Consueta
2579 768 2712 824 gens
2731 753 3080 824 Bulgarorum
3095 755 3456 821 deprtedatam
3472 774 3620 831 saepe
3640 760 3816 819 Thra-

2221 844 2382 915 ciam,
2431 845 2579 900 nullo
2632 848 2993 902 Romanorum
3034 848 3205 905 milite
3254 851 3565 917 resistente,
3617 854 3815 910 iterum

2221 939 2541 995 devastavit.
2595 940 2841 995 Amidam
2872 942 3336 1011 opulentissimam
3364 944 3664 1010 civitatem,
3694 960 3815 1000 mo-

2222 1031 2518 1088 nachorum
2540 1031 2659 1102 ejus
2679 1043 2795 1087 astu
2812 1035 3100 1103 proditam,
3124 1035 3357 1091 tiltoadis
3370 1053 3466 1091 rex
3492 1037 3812 1104 Persarum,

2221 1127 2409 1198 quinto
2435 1140 2622 1181 mense
2643 1141 2801 1197 quam
2830 1142 3137 1198 expugnare
3157 1145 3277 1183 eam
3298 1141 3561 1201 coeperat,
3594 1131 3812 1202 irrupit,

2223 1219 2629 1290 proditoresque
2651 1218 2767 1289 ejus
2795 1220 3093 1275 monachos
3121 1221 3481 1278 obtruncavit.

2258 1332 2347 1405 (A.
2380 1330 2440 1387 C.
2473 1328 2626 1401 503.)
2664 1328 2789 1385 Ind.
2823 1347 2902 1398 XI,
2926 1331 3201 1388 Dexicrate
3224 1344 3273 1389 et
3331 1333 3614 1390 Volusiano
3637 1350 3777 1393 coss.

2293 1444 2426 1501 Tres
2448 1444 2813 1499 Romanorum
2844 1445 3115 1514 ductores,
3150 1446 3433 1515 Patricius,
3469 1447 3737 1519 Ilypatius
3758 1457 3814 1504 et

2222 1538 2551 1604 Areobitida,
2583 1539 2675 1609 qui
2710 1555 2830 1593 cum
2863 1555 2928 1593 xv
2963 1540 3201 1593 miilibus
3243 1550 3575 1595 armatormn
3600 1540 3736 1593 olim
3761 1540 3815 1595 in

2222 1633 2415 1689 Persas
2455 1633 2603 1689 missi
2648 1633 2863 1690 fuerant
2893 1634 3197 1704 pugnaturi,
3243 1632 3393 1702 juxta
3440 1632 3682 1705 Syficum
3714 1646 3814 1688 ca-

2222 1732 2438 1788 stellum
2461 1747 2581 1788 cum
2605 1733 2792 1789 iisdem
2816 1732 2997 1789 Persis
3040 1732 3157 1786 sine
3179 1730 3401 1787 audacia
3424 1732 3814 1797 conflixerunt,

537 1830 776 1896 dinatus,
802 1828 935 1884 vixit
957 1843 1127 1881 annos
1147 1841 1204 1880 tt.
1228 1824 1498 1891 Longinus
1526 1822 1741 1876 lsaurus
1764 1829 2120 1889 cognomento
2148 1816 2197 1881 Β
2224 1825 2410 1880 multis
2436 1836 2561 1881 tunc
2585 1827 2815 1882 militum
2848 1826 3162 1882 ductoribus
3213 1826 3279 1881 de
3328 1826 3517 1896 ρι-ωιῑο
3556 1825 3817 1895 fugienti-

536 1920 906 1986 Selinunteus,
958 1918 1099 1990 apud
1146 1914 1485 1973 Antiochiam
1516 1913 1733 1970 Isauria:
1770 1911 2039 1967 civitatem
2083 1925 2114 1965 a

533 2014 719 2070 Prisco
748 2014 947 2070 comite
976 2020 1182 2080 captus,
1230 2006 1752 2077 Constantinopolim
1787 2007 1981 2061 missus
2010 2015 2112 2072 est,

536 2115 925 2177 catenatusque
983 2120 1078 2173 per
1100 2112 1347 2173 agentem
1400 2099 1795 2156 circumductus
1834 2098 2117 2153 Anastasio

532 2199 781 2270 principi,
810 2209 864 2255 et
894 2198 1092 2270 popqu
1121 2197 1311 2268 ingens
1341 2194 1705 2266 spectaculum
1754 2192 1890 2247 fuit:
1925 2193 2115 2249 variis-

532 2310 637 2364 que
667 2292 862 2349 dcinde
891 2292 1220 2349 cruciatibus
1248 2290 1390 2362 apud
1419 2289 1653 2345 Nicaeam
1688 2288 1957 2362 Bithynia:
1985 2288 2117 2345 civi-

536 2398 699 2445 tatem
742 2402 1011 2457 expensus
1043 2396 1146 2443 est.
1179 2384 1425 2441 Nummis
1471 2399 1607 2455 quos
1650 2382 1880 2439 Romani
1915 2382 2119 2438 Teren-

532 2482 707 2536 tianus
760 2479 944 2554 [Forte
987 2478 1275 2534 Teruntios
1320 2485 1409 2531 aut
1460 2471 1847 2544 'I‘eruntianos]
1899 2482 2115 2544 vocant,

531 2571 705 2628 Graeci
738 2572 978 2635 follares,
1002 2569 1327 2625 Anastasius
1352 2566 1600 2637 princeps
1628 2579 1727 2621 suo
1746 2563 1961 2620 nomine
1985 2564 2122 2635 ligu-

529 2666 682 2730 ratis,
709 2663 1009 2734 placibilem
1044 2661 1153 2735 [ΑΙ.
1184 2656 1529 2732 placabilem]
1565 2658 1707 2729 plebi
1743 2657 2122 2714 commutatio-

530 2771 654 2815 nem
685 2756 952 2812 distraxit.

636 2874 728 2945 (A.
759 2872 821 2928 C.
855 2870 1008 2944 499.)
1049 2869 1174 2925 Ind.
1201 2886 1299 2935 vn,
1334 2869 1537 2925 Joanne
1569 2869 1735 2925 Gibbo
1764 2870 1874 2925 solo
1906 2886 2011 2924 cos.

602 2982 812 3037 Aristus
836 2981 1155 3053 Illyriciana:
1184 2982 1376 3037 ductor
1400 2981 1601 3037 militias
1632 2997 1755 3038 cum
1789 2998 1860 3037 xv
1884 2980 2120 3037 millibus

532 3086 886 3143 armatorum,
920 3086 973 3131 et
1002 3091 1123 3131 cum
1155 3093 1262 3131 axx
1289 3076 1541 3146 plaustris
1568 3076 1736 3131 armis
1773 3076 1839 3131 ad
1870 3074 2119 3145 proelian-

533 3167 661 3223 dum
688 3166 1010 3222 necessariis
1034 3167 1299 3233 oneratis,
1324 3179 1510 3223 cootra
1540 3168 1798 3234 Bulgares
1828 3167 2109 3221 Thraciam

541 3260 887 3317 devastantes
917 3258 1188 3331 profectus
1217 3269 1319 3316 est.
1357 3260 1564 3315 Bellum
1590 3260 1741 3331 juxta
1774 3259 1994 3314 Zurtam
2019 3259 2120 3313 llu-

535 3352 681 3407 vium
717 3364 1049 3417 consertum,
1082 3353 1169 3409 ubi
1196 3354 1315 3424 plus
1336 3370 1493 3425 quam
1518 3369 1568 3409 tv
1596 3354 1763 3409 millia
1787 3366 2116 3421 nostrorum,

533 3451 628 3499 aut
655 3444 707 3500 in
732 3442 877 3514 fuga,
920 3452 1013 3498 aut
1055 3444 1108 3499 in
1157 3445 1455 3515 praecipitio
1512 3446 1642 3515 ripa:
1688 3443 2120 3501 ﬂuminisiuter-

533 3548 713 3605 empta
742 3545 886 3592 sunt.
914 3535 1096 3608 Ibique
1124 3537 1429 3609 Illyriciana
1457 3538 1627 3593 virtus
1662 3539 1890 3594 militum
1936 3540 2114 3610 periit,

532 3626 855 3699 Nicostrato,
886 3628 1205 3685 Innocentio
1231 3641 1286 3685 et
1333 3630 1589 3700 Aquilino
1639 3632 1926 3687 comitibus
1953 3631 2119 3688 inter-

534 3719 709 3777 fectis.
756 3722 867 3778 Hoc
896 3738 1037 3778 anno
1075 3724 1262 3795 ingens
1296 3734 1631 3783 terrmmotus
1673 3726 1952 3783 Ponticam
1988 3742 2119 3783 con-

533 3812 700 3868 cussit
729 3813 1085 3884 provinciam.

605 3929 694 3999 (A.
722 3927 783 3983 C.
807 3927 962 3999 500.)
1004 3927 1128 3983 Ind.
1162 3944 1277 3997 vm,
1303 3928 1534 3984 Patricio
1563 3940 1610 3984 et
1642 3928 1875 4002 Hypatio
1904 3947 2035 3987 coss.

606 4041 862 4097 Romanae
880 4043 1138 4100 Ecclesia:
1168 4044 1334 4101 XLIX
1356 4045 1715 4117 Symmachus
1743 4046 2027 4117 episcopus
2051 4046 2119 4102 fa-

537 4148 679 4205 ctus,
703 4138 837 4192 vixit
884 4153 1053 4192 annos
1110 4154 1199 4194 xv.
1258 4140 1573 4196 Anastasius
1625 4141 1757 4211 imp.
1808 4140 2117 4196 donativum

536 4225 855 4299 lllyricianis
885 4229 1140 4284 militibus
1190 4245 1286 4301 per
1312 4229 1536 4286 Paulum
1586 4231 1856 4288 tribunum
1881 4232 2118 4288 notario-

537 4335 654 4375 rum
684 4321 1009 4393 erogandum
1034 4321 1198 4377 misit.

640 4434 733 4506 (A.
766 4435 822 4490 C.
854 4436 1002 4509 501.)
1038 4437 1162 4491 Ind.
1188 4454 1263 4507 ιιι,
1294 4437 1546 4508 Pompeio
1577 4448 1624 4493 et
1653 4440 1848 4493 Avieno
1873 4457 2006 4495 coss.

605 4526 921 4585 Constantio
968 4530 1222 4600 pra-lecto
1252 4532 1405 4587 urbis
1448 4531 1606 4586 ludos
1638 4531 1926 4587 theatrales
1956 4532 2116 4588 meri-

2228 1919 2327 1975 hus
2351 1920 2527 1976 caesis.
2562 1921 2832 1977 Immenso
2868 1920 3067 1976 dehinc
3113 1920 3227 1974 auri
3276 1920 3517 1991 pondere
3564 1918 3817 1973 hostibus

2224 2015 2370 2083 dato,
2401 2026 2611 2085 captam
2641 2018 2909 2086 rebusque
2953 2030 3177 2070 vacuam
3220 2015 3464 2069 Amidam
3511 2013 3813 2077 civitatem,

2223 2113 2384 2168 iidem
2414 2114 2583 2168 nostri
2627 2114 2907 2170 redemere
2948 2112 3221 2179 ductores,
3263 2112 3372 2181 jam
3420 2110 3614 2167 Celcre
3646 2108 3816 2180 magi-

2222 2216 2335 2260 stro
2367 2205 2667 2261 ol‘liciorum
2701 2206 2801 2261 sibi
2831 2220 2952 2261 cum
2987 2203 3196 2259 duobus
3222 2202 3458 2259 millibus
3486 2202 3812 2259 bellatorum

2225 2299 2278 2354 in
2309 2298 2609 2355 subsidium
2638 2299 2925 2354 destinato.

2430 2413 2521 2481 (A.
2554 2412 2615 2467 C.
2648 2411 2801 2481 504.)
2840 2410 2965 2465 Ind.
2994 2427 3089 2481 xtt,
3120 2409 3338 2482 Cethego
3364 2412 3477 2466 solo
3500 2427 3609 2467 cos.

2298 2527 2508 2582 Interea
2534 2525 2691 2583 Celer
2718 2528 2973 2596 magister
2991 2525 3289 2581 officiorum
3345 2540 3444 2595 per
3495 2524 3813 2580 Callinicum

2225 2619 2626 2689 MesOpotamia:
2651 2619 2921 2674 civitatem
2951 2629 3212 2674 armatum
3240 2617 3445 2671 ducens
3470 2618 3717 2681 militem,
3748 2616 3818 2671 ad

2226 2709 2556 2764 devastanda
2572 2709 2857 2765 Persarum
2884 2724 3010 2764 rura
3037 2708 3311 2773 discurrit,
3354 2707 3618 2776 plurimos
3660 2722 3820 2777 agre-

2227 2813 2338 2857 stes
2364 2804 2578 2858 rusticis
2608 2803 2840 2858 intentos
2881 2801 3157 2857 laboribus
3208 2816 3358 2856 more
3407 2800 3675 2871 pecudum
3705 2811 3821 2854 tru-

2231 2895 2396 2961 cidat,
2428 2904 2673 2966 pastores
2694 2896 3028 2951 diversorum
3055 2908 3307 2964 pecorum
3330 2892 3477 2948 cum
3508 2894 3817 2949 numemsis

2223 2987 2481 3059 jumentis
2514 2988 2750 3055 abducit,
2782 2988 3004 3043 castella
3029 2988 3198 3043 latere
3230 2987 3450 3057 lutoque
3503 2995 3818 3042 constructa

2226 3080 2446 3148 invadit,
2490 3095 2663 3152 usque
2704 3080 2771 3135 ad
2821 3080 3044 3135 Pontem
3086 3077 3342 3134 Ferreum
3374 3079 3453 3133 sic
3494 3077 3707 3132 nomine
3734 3076 3825 3131 di-

2226 3184 2394 3238 ctum,
2426 3183 2617 3228 cuncta
2649 3172 2910 3226 vastando
2942 3170 3305 3242 progreditur,
3347 3169 3603 3239 omnique
3627 3168 3821 3238 prteda

2227 3267 2425 3337 potitus
2469 3265 2537 3319 ad
2562 3267 2867 3321 communia
2892 3273 3068 3319 castra
3090 3263 3258 3317 ditato
3281 3263 3445 3317 milite
3471 3271 3703 3322 remeat,
3725 3260 3827 3315 ali-

2224 3369 2422 3430 quanta
2444 3358 2640 3414 dehinc
2652 3359 2722 3413 ob
2745 3357 3149 3429 percutiendum
3169 3355 3335 3411 fmdus
3355 3370 3475 3409 cum
3503 3353 3692 3409 Persis
3716 3353 3826 3409 de-

2226 3451 2443 3516 liberat,
2474 3450 2641 3507 misso
2672 3451 2739 3507 ad
2766 3466 2825 3508 se
2851 3466 2949 3521 pro
2995 3450 3298 3522 pepigendo
3324 3447 3525 3504 foedere
3548 3448 3825 3503 Armonio

2225 3557 2257 3598 a
2274 3543 2531 3615 secretis.

2224 3642 2315 3713 (A.
2349 3640 2411 3696 C.
2442 3640 2593 3713 505.)
2643 3640 2765 3695 Ind.
2797 3657 2913 3711 xttt,
2966 3641 3253 3699 Sabiniano
3280 3651 3327 3697 et
3365 3642 3407 3696 Τ
3413 3639 3637 3695 Iteodoro
3677 3656 3819 3694 coss.

2299 3756 2444 3811 Idem
2474 3755 2799 3812 Sabinianus
2826 3756 3100 3814 Sabiniani
3126 3757 3301 3829 Magni
3327 3757 3491 3824 filius,
3515 3756 3822 3825 ductorque

2223 3850 2448 3917 militiae,
2474 3851 2752 3923 delegatus
2812 3861 3000 3907 contra
3050 3852 3372 3906 Mundonem
3419 3850 3608 3907 Getam
3661 3866 3818 3903 arma

2223 3944 2550 4010 construxit,
2602 3960 2635 3999 x
2669 3944 2831 3998 millia
2875 3954 3207 3999 armatorum
3260 3945 3479 3999 sibimet
3517 3943 3814 3997 ascitorum

2223 4037 2571 4108 plaustraque
2615 4038 2781 4092 armis
2810 4048 2970 4109 atque
3016 4038 3411 4094 commeatibus
3460 4045 3681 4093 onerata
3721 4052 3815 4092 se-

2224 4145 2343 4184 cum
2374 4128 2614 4197 trahens,
2640 4140 2971 4200 pugnaturus
2994 4131 3223 4185 accessit
3256 4148 3271 4187 :
3312 4130 3712 4197 commissoque
3746 4128 3817 4181 ad

2224 4224 2430 4281 Horreo
2452 4225 2632 4295 Margo
2664 4222 2842 4298 [Fort.
2882 4207 3088 4280 Ilorrea
3111 4222 3305 4296 Μαι-εἰ]
3359 4225 3570 4295 prmlio,
3622 4223 3813 4277 multis

2224 4336 2441 4377 suorum
2471 4321 2733 4376 militibus
2758 4321 2811 4376 in
2848 4321 2948 4376 hoc
2970 4323 3224 4376 conﬂictu
3249 4321 3497 4391 perditis,
3521 4330 3575 4375 et
3602 4321 3655 4373 in
3682 4320 3819 4375 Mar-

2223 4431 2291 4487 go
2323 4415 2544 4471 ﬂumine
2580 4417 2841 4481 enecatis,
2888 4416 3104 4469 amissis
3149 4424 3415 4482 prmterca
3444 4415 3723 4484 plauSYrie,
3764 4412 3820 4466 in

2223 4510 2500 4565 castellum
2530 4509 2670 4578 qttod
2694 4507 2830 4566 Nato
2858 4509 3056 4566 dicitur
3084 4524 3204 4564 cum
3235 4510 3419 4578 paucis
3448 4507 3569 4578 fugit
3594 4526 3608 4560 ε
3666 4520 3822 4560 tanta

534 4624 695 4679 diano
727 4634 968 4695 tempore
1003 4633 1300 4694 spectante,
1337 4640 1458 4695 pars
1491 4628 1543 4682 itt
1574 4628 1765 4682 eodem
1816 4625 2120 4698 spectaculo
2146 4594 2279 4657 Diti
2314 4601 2417 4657 hoc
2463 4602 2799 4698 lamentabili
2832 4601 2998 4698 ‘bello
3052 4617 3179 4672 spes
3220 4601 3449 4655 militum
3490 4599 3708 4698 cecidit.
3758 4608 3822 4698 ut

534 4714 772 4771 Cerealis
799 4716 933 4785 parti
958 4714 1187 4771 diversa:
1213 4716 1400 4789 [Sit-m.
1427 4734 1605 4787 prave,
1625 4719 1855 4773 cerealis
1875 4718 2014 4788 parti
2036 4718 2119 4773 di-

538 4806 712 4880 verso]
737 4808 1231 4864 caeruleazoccultas
1259 4812 1579 4881 praeparavit
1600 4811 1840 4867 insidias.
1872 4813 2003 4867 Nam
2025 4827 2120 4867 en-

536 4914 625 4956 ses
656 4914 890 4968 saxaque
920 4901 973 4956 in
1001 4901 1144 4956 vasis
1174 4902 1378 4959 inclusa
1408 4903 1682 4971 fictilibus,
1714 4905 2009 4976 eademque
2032 4921 2119 4960 ar-

537 5009 623 5050 ma
644 4993 870 5052 diversis
897 4998 1071 5067 pomis
1088 4997 1318 5067 desuper
1336 5000 1626 5066 cumulata,
1651 5001 1750 5056 sub
1774 5001 1967 5057 tlteatri
1992 5017 2117 5072 por-

539 5088 646 5143 ticu
673 5088 779 5143 ritu
800 5088 1145 5145 vendentium
1168 5091 1378 5145 statuit.
1409 5090 1545 5147 Dum
1573 5093 1847 5149 residente
1867 5093 2119 5149 Constan-

538 5182 613 5238 tio
637 5197 703 5237 ex
724 5196 874 5238 more
894 5183 1091 5239 civium
1118 5196 1447 5255 concrepant
1470 5202 1652 5255 voces,
1678 5199 1804 5243 ante
1822 5187 1931 5242 visa
1957 5188 2115 5258 quam

537 5274 715 5330 audita
741 5290 891 5331 arma
918 5276 1297 5345 excutiuntur,
1330 5294 1567 5350 saxaque
1602 5281 1654 5335 in
1696 5282 1936 5335 incautos
1964 5292 2017 5336 et
2043 5281 2119 5335 ci-

537 5384 630 5427 ves
652 5370 819 5427 instar
851 5371 1099 5452 imbrium
1127 5374 1422 5443 jaciuntur,
1447 5390 1713 5445 ensesque
1763 5375 2038 5430 vibrantes
2065 5376 2115 5428 in

538 5466 834 5521 amicorum
859 5466 1021 5538 inque
1046 5466 1345 5523 vicinorum
1368 5468 1626 5539 sanguine
1658 5468 1835 5533 obliti,
1862 5468 1972 5522 suis
1994 5482 2115 5523 cum

537 5560 945 5630 percussoribus
992 5560 1396 5617 debacchantur
1429 5579 1443 5616 :
1488 5570 1639 5616 nutat
1675 5574 1729 5616 et
1769 5559 2118 5629 congemiscit

536 5650 733 5708 theatri
748 5667 932 5719 cavea,
953 5663 1007 5709 et
1032 5653 1408 5724 refugientium
1440 5656 1543 5708 huc
1568 5663 1726 5723 atque
1749 5654 1872 5706 illuc
1898 5667 2115 5707 suorum

538 5746 764 5817 pedibus
788 5746 1121 5813 conculcata,
1145 5747 1558 5816 occisorumque
1586 5745 1780 5802 foedam
1812 5759 2002 5800 cruore
2026 5745 2117 5801 de-

540 5837 763 5911 plangit.
800 5836 923 5899 Plus
971 5839 1114 5898 enim
1145 5855 1306 5913 quam
1344 5839 1445 5898 tria
1497 5838 1667 5896 millia
1715 5839 1910 5895 civium
1950 5837 2113 5898 saxis.

2224 4702 2479 4765 quantum
2502 4694 2640 4763 apud
2655 4693 2908 4748 mortales
2932 4707 3265 4762 nequaquam
3293 4692 3528 4761 potuerit
3547 4688 3823 4758 reparari.

2297 4786 2387 4855 (A.
2409 4782 2472 4837 C.
2506 4783 2656 4855 506.)
2689 4783 2811 4838 Ind.
2844 4799 2954 4853 stv,
2983 4782 3275 4838 Areobinda
3303 4793 3349 4837 et
3379 4781 3604 4837 Messala
3629 4796 3767 4834 coss.

2296 4877 2393 4932 His
2419 4891 2558 4933 coss.
2594 4877 2863 4932 Anastasii
2896 4876 3151 4946 principis
3177 4885 3377 4943 statua,
3413 4876 3471 4929 in
3510 4873 3704 4929 eodem
3736 4872 3818 4927 lo-

2225 4984 2290 5025 co
2321 4984 2428 5040 quo
2449 4968 2650 5024 dudum
2691 4967 2983 5023 Theodosii
3016 4966 3191 5036 Magni
3219 4973 3464 5033 Steterat,
3515 4979 3678 5035 super
3712 4963 3822 5019 ιω-

2227 5079 2438 5119 manem
2464 5063 2839 5119 columnamin
2868 5063 2982 5117 foro
3007 5060 3171 5116 'I‘auri
3200 5070 3398 5116 statuta
3421 5069 3525 5115 est.

2223 5181 2309 5249 (A.
2336 5176 2399 5234 C.
2432 5176 2584 5247 507.)
2610 5176 2730 5232 Ind.
2759 5192 2846 5249 xv,
2876 5175 3150 5249 Anastasio
3191 5174 3326 5247 Aug.
3367 5188 3426 5227 ιιι
3465 5167 3738 5245 [Cassiod.
3773 5180 3824 5224 et

2800 5246 3079 5318 Venantt'o]
3132 5263 3240 5300 cos.

2295 5340 2500 5397 Seditio
2542 5340 2813 5411 popularis
2844 5340 2897 5395 in
2926 5339 3069 5394 circo
3099 5337 3237 5393 facta
3275 5345 3355 5393 est
3391 5353 3407 5402 ;
3438 5334 3595 5391 miles
3633 5343 3695 5388 et
3734 5349 3825 5389 ar-

2222 5442 2401 5490 matus
2423 5434 2650 5487 obstitit.
2680 5433 2892 5488 Gradus
2915 5432 3043 5487 circi
3090 5427 3528 5501 septentrionalis
3557 5440 3654 5481 sua
3688 5439 3824 5480 cum

2221 5528 2395 5584 forma
2420 5528 2625 5582 incensi
2653 5527 2986 5598 collapsiquc
3006 5536 3153 5592 sunt,
3192 5522 3478 5581 Anastasio
3500 5519 3725 5605 Caesare
3750 5519 3823 5589 in

2224 5623 2566 5697 processibus
2596 5634 2979 5678 commoraute.

2368 5747 2458 5817 (A.
2484 5745 2547 5800 C.
2578 5743 2728 5813 508.)
2748 5741 2873 5797 Ind.
2906 5758 2944 5806 ι,
2974 5738 3147 5797 Celere
3170 5749 3216 5793 et
3247 5735 3499 5793 Venantio
3526 5750 3663 5790 coss.

2298 5838 2569 5897 Romanus
2597 5851 2778 5897 comes
2798 5834 3235 5912 domesticorum
3267 5841 3320 5890 et
3353 5828 3610 5891 Rusticus
3627 5841 3827 5889 comes
