4052 6338
297 344 394 408 93⁸1

1709 333 2109 395 CHRONICON.

3462 327 3565 392 938

299 438 708 521 scholariorum,
750 467 873 511 cum
926 451 1141 511 centum
1181 453 1403 510 armatis
1447 452 1695 523 navibus,
1744 456 1875 511 toti-
1902 458 1954 520 Α
1980 455 2220 525 Pompeii
2256 454 2559 521 succensis,
2592 455 2644 511 in
2666 454 2871 512 circum
2898 455 2964 511 ad
2990 456 3331 512 Auastasium
3348 461 3569 515 venien-

300 554 524 619 demque
544 545 915 612 dromonibus,
951 554 1074 601 octo
1102 545 1268 601 millia
1292 544 1518 600 militum
1543 555 1879 601 armatorum

298 661 475 704 secum
512 642 834 705 ferentibus.
882 639 950 695 ad
978 638 1313 695 devastanda
1340 637 1508 695 italia:
1540 638 1724 693 littora
1754 653 1878 707 pro-

301 745 602 802 cesserunt,
634 743 690 791 et
735 748 903 805 usque
930 732 995 787 ad
1025 732 1319 788 Tarentum
1350 732 1778 802 antiquissimam
1801 731 1880 788 ci-

301 835 510 887 vitatem
538 827 779 900 aggressi
802 835 949 890 sunt,
974 840 1335 895 remensoque
1369 827 1505 880 mari
1543 826 1880 881 inhonestam

299 922 576 977 victoriam
613 933 773 990 quam
808 918 1034 989 piratico
1067 928 1203 972 ausu
1249 917 1479 972 Romani
1519 932 1586 973 ex
1622 916 1881 973 Romanis

296 1029 605 1087 rapuerunt,
626 1013 910 1071 Anastasio
930 1013 1132 1069 Caesari
1151 1022 1517 1084 repertarum.

294 1133 382 1206 (A.
415 1131 480 1189 C.
519 1129 674 1202 509.)
718 1128 846 1186 Ind.
891 1127 1316 1253 ιιὶοερζὲζιιιηο
1358 1126 1508 1201 [Sive
1550 1124 1879 1198 Impar-Iuno]

942 1215 1053 1254 δοιο
1094 1216 1201 1254 608.

362 1295 494 1350 Orto
525 1300 747 1363 augusta
780 1290 913 1346 urbe
948 1288 1201 1346 incendio
1231 1297 1517 1361 utramque
1560 1290 1823 1359 porticum
1851 1302 1879 1342 a

294 1388 409 1443 foro
457 1383 797 1441 Constantini
849 1397 1018 1451 usque
1066 1382 1135 1436 ad
1176 1380 1452 1437 Perdicca:
1510 1380 1881 1435 tenuissimam

294 1489 521 1535 statuam
546 1478 683 1547 ignis
705 1478 756 1532 in
779 1475 1057 1547 pulverem
1081 1476 1307 1546 redegit.
1336 1474 1760 1542 PurtusJuliaui,
1779 1490 1883 1527 un-

293 1569 372 1626 dis
390 1571 506 1627 suis
529 1569 794 1626 rotalibus
817 1567 1082 1623 machinis
1108 1568 1256 1639 prius
1279 1565 1596 1635 exhaustus,
1618 1578 1882 1637 canoque

292 1660 515 1731 el'fosso,
540 1668 798 1733 purgatus
828 1666 933 1715 est.

536 1774 627 1847 (A.
657 1770 719 1828 C.
746 1771 899 1841 510.)
928 1770 1052 1826 Ind.
1078 1787 1155 1838 ιιι,
1184 1769 1364 1826 Boetio
1391 1770 1502 1824 solo
1533 1785 1640 1824 eos.

310 1904 313 1905 '
358 1888 721 1945 Simulacrum
769 1899 980 1941 cocum
1010 1882 1063 1939 in
1094 1883 1213 1938 loro
1260 1882 1514 1952 Strategii
1559 1896 1723 1951 super
1767 1880 1882 1936 for-

285 1996 467 2037 mcem
497 1978 763 2042 residens,
791 1986 848 2033 et
876 1990 1046 2031 cornu
1074 1975 1246 2045 capite
1273 1974 1503 2029 fortuna:
1533 1974 1777 2029 retinens
1800 1973 1883 2028 in-

284 2072 486 2131 cendio
541 2070 975 2143 pronamtuatum
1031 2078 1157 2134 est,
1206 2068 1654 2138 combustnmque
1704 2068 1885 2123 amisit

281 2166 595 2233 brachium,
627 2164 771 2235 quod
800 2172 977 2218 tamen
1007 2160 1256 2217 statuarii
1280 2160 1539 2215 continuo
1558 2160 1879 2216 solidarunt.

283 2259 499 2328 Appius
541 2257 798 2327 patricius
841 2254 1119 2311 exsulatus
1168 2262 1275 2308 est.
1333 2250 1723 2314 Constantinus
1750 2251 1881 2307 olim

281 2352 547 2422 magister
574 2348 783 2405 militiae
809 2348 1095 2419 episcopus
1122 2344 1407 2401 Laodiceae
1434 2345 1735 2400 ordinatus.

386 2466 489 2538 (Α.
517 2462 577 2521 C.
606 2461 760 2533 511.)
784 2458 908 2516 Ind.
936 2476 1009 2529 tv,
1042 2459 1341 2518 Secundino
1358 2470 1405 2514 et
1438 2456 1615 2513 Felice
1644 2475 1777 2514 coss.

348 2576 707 2636 Macedonius
754 2576 1007 2647 Augusta:
1038 2575 1190 2630 urbis
1240 2576 1552 2645 episcopus,
1582 2574 1706 2628 licet
1751 2573 1880 2629 olim

274 2672 567 2732 Anastasii
598 2672 942 2742 imperatoris
994 2670 1134 2727 dolis
1165 2670 1502 2740 fallaciisque
1546 2669 1883 2723 circumven-

275 2776 392 2836 tus,
436 2781 831 2837 pravorumque
859 2764 1185 2820 testimoniis
1225 2763 1401 2819 eidem
1430 2760 1634 2817 Caesari
1666 2774 1886 2815 accusa-

277 2872 389 2929 tus,
442 2858 698 2931 quoniam
731 2869 935 2913 tomum
979 2870 1291 2913 sanctorum
1324 2856 1542 2911 Patrum
1572 2853 1712 2921 apud
1755 2852 1882 2909 Cal-

278 2952 593 3009 chedouam
634 2963 821 3006 sancta
868 2949 1072 3004 dudum
1122 2949 1529 3018 subscriptione
1567 2947 1885 3002 roboratum

282 3046 469 3101 eidem
500 3044 725 3115 principi
772 3043 903 3098 dare
930 3041 1161 3107 distulit,
1194 3041 1263 3095 ab
1306 3041 1498 3097 eodem
1539 3040 1797 3095 Euehaita
1829 3038 1883 3094 in

282 3138 543 3194 exsilium
573 3136 861 3206 deputatus
884 3144 985 3190 est.
1012 3134 1211 3189 Locum
1240 3132 1536 3189 Macedonii
1564 3132 1884 3187 Timotheus

284 3230 596 3287 meridiano
622 3239 865 3298 tempore
888 3227 957 3283 ab
1004 3228 1291 3283 Anastasio
1316 3288 1323 3293 ,
1345 3227 1561 3283 Catsare
1590 3226 1885 3297 episcopus
1911 3229 1961 3295 ο

282 3323 577 3378 ordinatus
603 3321 823 3377 invasit.

401 3418 496 3489 (A.
524 3413 589 3471 C.
618 3414 771 3485 5l2.)
800 3413 924 3470 Ind.
964 3430 1017 3481 v,
1053 3413 1224 3468 Paulo
1266 3423 1313 3467 et
1343 3413 1618 3467 Musciano
1642 3429 1774 3467 coss.

366 3531 526 3598 Strpe
547 3528 744 3584 calum
772 3543 802 3579 a
848 3526 1274 3596 septemtrionali
1308 3528 1460 3595 plaga
1491 3524 1681 3580 ardere
1709 3524 1888 3578 visum

282 3632 402 3679 est.
435 3619 532 3675 Die
560 3618 855 3684 dominico,
903 3617 1031 3671 dum
1072 3617 1301 3686 jubente
1352 3616 1643 3671 Anastasio
1671 3614 1888 3671 Caesare

283 3728 402 3787 per
447 3710 707 3766 Marinum
760 3723 960 3780 perque
997 3707 1279 3763 Platonem
1319 3708 1369 3761 in
1400 3708 1646 3762 ecclesiae
1684 3706 1888 3777 pulpito

283 3804 681 3865 consistentes.
712 3800 767 3856 in
807 3803 1063 3873 hymnum
1103 3798 1383 3855 Trinitatis
1418 3798 1889 3867 Deipassianorum

282 3896 632 3969 quaternitas
679 3894 915 3957 additur,
965 3891 1122 3947 multi
1186 3892 1610 3947 orthodoxorum
1664 3891 1889 3960 pristina

289 4001 435 4043 voce
466 3985 783 4055 psallentes,
834 3982 1177 4054 perfidosque
1228 3997 1504 4051 praecones
1558 3982 1892 4037 clamoribus

282 4080 674 4149 objurgantes,
707 4077 758 4131 iu
790 4076 1035 4145 ejusdem
1076 4076 1322 4133 ecclesia:
1350 4076 1558 4147 gremio
1583 4078 1709 4131 cat-si
1739 4086 1887 4145 sunt,

283 4174 557 4241 ductique
588 4172 640 4225 in
682 4184 933 4226 carceres
970 4171 1245 4241 perierunt
1276 4187 1293 4225 :
1326 4171 1493 4226 altera
1543 4170 1891 4227 nihilominus

280 4266 384 4319 die
432 4261 487 4314 in
518 4261 657 4316 atrio
686 4261 859 4317 sancti
893 4261 1164 4318 Theodori
1194 4260 1385 4335 [ωσι.
1419 4262 1731 4335 Theodosii]
1771 4279 1889 4319 ma-

272 4355 400 4427 jori
430 4351 581 4408 czcde
612 4353 862 4409 catholici
886 4370 981 4425 pro
1006 4354 1110 4409 (ide
1139 4354 1296 4409 unica
1320 4355 1551 4423 perculsi
1580 4368 1725 4410 sunt.
1750 4355 1894 4423 Qua-

279 4457 523 4516 propter
543 4458 813 4501 commota
840 4446 1267 4502 orthodoxorum
1294 4448 1506 4518 agmina
1536 4447 1625 4504 die
1654 4462 1889 4517 sequen-

277 4544 347 4601 ti.
391 4539 451 4594 id
481 4549 565 4594 est
588 4583 605 4609 ,
649 4554 740 4593 thl
786 4538 907 4594 idus
938 4538 1203 4595 Novemb.
1234 4539 1330 4611 (in
1360 4554 1468 4612 quo
1512 4540 1600 4595 die
1627 4541 1890 4595 memoria

272 4630 506 4687 cineris
526 4630 729 4685 dudum
761 4641 932 4686 totam
963 4630 1237 4697 Europam
1264 4633 1496 4701 tegentis
1517 4632 1660 4701 apud
1686 4632 1893 4702 Byzan-

275 4725 402 4778 tios
434 4721 766 4794 celebratur)
799 4723 851 4777 in
886 4722 1061 4778 forum
1093 4723 1435 4779 Constantini
1484 4724 1721 4796 undique
1764 4742 1897 4782 con-

272 4817 480 4874 fluunt
512 4833 526 4871 :
556 4832 786 4886 quorum
829 4817 921 4871 alii
965 4818 1182 4887 quidem
1202 4860 1217 4885 ,
1245 4819 1463 4874 caeteris
1493 4818 1581 4875 die
1619 4830 1896 4891 noctuque

275 4910 571 4979 hymnum
601 4907 889 4963 Trinitatis
920 4908 1136 4962 Christo
1169 4908 1280 4964 Deo
1307 4910 1690 4981 psallentibus,
1727 4921 1893 4966 totam

276 5011 594 5072 peragrant
620 5000 915 5065 civitatem,
947 5011 1002 5057 et
1033 5004 1305 5057 Anastasii
1329 5003 1565 5059 Caesaris
1590 5005 1895 5061 monastico

275 5094 490 5150 habitu
540 5101 906 5148 assentatores
952 5092 1099 5149 ferro
1136 5093 1478 5164 ﬂammisque
1525 5096 1891 5153 interimunt:

1987 558 2085 612 tes.
2115 559 2174 606 et
2202 562 2326 606 ante
2349 565 2505 605 suum
2534 549 2728 605 solium
2756 551 3135 618 consistentes,
3169 551 3428 623 hymnum
3449 550 3569 610 Trl-

1984 641 2165 697 nitatis
2200 643 2356 713 juxta
2404 658 2610 699 morem
2649 643 3043 699 catholicorum
3069 644 3441 713 concinentes,
3473 659 3569 702 co-

1984 749 2316 805 ruscansque
2346 736 2682 807 evangelium
2728 752 3051 807 crucemque
3077 735 3278 792 Christi
3307 738 3567 803 ferentes,

1984 842 2018 883 e
2062 826 2182 882 foro
2214 830 2424 895 plurimi
2454 841 2854 899 convenerunt,
2889 831 3149 886 Marinum
3183 830 3571 900 Platonemque

1984 919 2271 991 pravitatis
2318 920 2435 991 eius
2482 931 2734 978 auctores
2764 921 2896 977 feris
2920 921 3114 991 subjici
3144 922 3567 979 conclamantes.

1984 1012 2097 1069 Hos
2141 1014 2291 1069 cives
2338 1013 2478 1070 idem
2528 1015 2845 1070 Anastasius
2868 1009 3049 1070 Caesar
3095 1013 3277 1069 solitis
3317 1012 3570 1085 perjuriis

1984 1106 2363 1176 simulatisque
2388 1107 2629 1177 vocibus,
2658 1124 2778 1166 sese
2821 1108 3087 1164 facturum
3114 1116 3306 1163 cuncta
3339 1106 3569 1178 promit—

1986 1208 2131 1263 tens,
2163 1198 2325 1253 tertio
2348 1196 2438 1254 die
2459 1213 2617 1267 quam
2649 1199 2703 1254 in
2734 1198 2909 1254 forum
2934 1198 3289 1265 advenerant,
3318 1198 3434 1253 sine
3461 1197 3571 1253 ullo

1985 1307 2166 1349 rerum
2198 1291 2394 1348 effectu
2419 1291 2485 1346 ad
2507 1306 2601 1347 sua
2620 1291 2744 1347 fecit
2771 1292 3066 1349 habitacula
3091 1290 3372 1361 repedare.
3401 1291 3571 1347 Porro

1984 1384 2348 1455 redintegrata
2382 1385 2699 1440 Anastasius
2725 1384 3006 1454 pravitate,
3042 1386 3295 1442 infamem
3341 1394 3394 1440 et
3442 1385 3571 1441 irri-

1986 1478 2217 1535 dendam
2244 1478 2507 1550 synodum
2536 1477 2679 1547 apud
2711 1477 2968 1535 Sidonem
2995 1478 3296 1544 civitatem,
3325 1478 3479 1549 cujus
3501 1477 3571 1533 de

1986 1569 2205 1626 nomine
2233 1571 2287 1625 in
2323 1570 2568 1625 ridiculis
2592 1567 2810 1625 nomina
2850 1578 3262 1639 praeponuntur,
3289 1586 3429 1626 ms
3462 1570 3569 1625 fer-

1984 1681 2074 1722 me
2136 1663 2467 1737 perfidorum
2520 1662 2787 1734 episcopis
2843 1664 3221 1734 congregatis,
3284 1663 3571 1718 adversum

1985 1762 2411 1819 orthodoxorum
2443 1762 2754 1829 episcopum
2774 1758 2881 1830 [AL
2904 1754 3233 1830 episcopos],
3257 1755 3371 1811 fieri
3404 1758 3573 1826 impe-

1914 1848 1964 1910 B
1989 1854 2149 1909 ravit.
2180 1851 2469 1907 Flavianus
2490 1849 2793 1906 Antiochia:
2820 1848 3118 1905 catholicus
3148 1848 3450 1919 patriarcha
3477 1888 3493 1913 ,
3522 1859 3579 1904 et

1985 1946 2223 2002 Joannes
2250 1944 2580 2001 Paltensium
2609 1941 2788 2011 oppidi
2827 1940 3073 2011 pontifex
3099 1982 3114 2005 ,
3146 1940 3400 2010 quoniam
3433 1940 3579 1994 hunc
3628 1938 3633 1943 ’

1985 2046 2186 2093 emtum
2239 2035 2560 2105 sacrilegum
2609 2032 2957 2098 relellerant,
3003 2032 3058 2086 in
3099 2032 3381 2087 castellum
3428 2030 3581 2101 quod

1986 2131 2145 2189 Petra
2168 2130 2387 2193 dicitur.
2415 2128 2634 2185 exsules
2661 2125 2809 2182 missi
2838 2135 2982 2179 sunt.
3016 2123 3096 2179 lbi
3123 2122 3407 2179 Flavianus
3437 2138 3574 2177 con-

1985 2220 2163 2279 fessor
2182 2218 2381 2276 Chriin
2405 2219 2457 2274 in
2478 2218 2706 2274 Domino
2729 2217 2988 2286 requievit
3012 2232 3026 2270 :
3050 2214 3312 2270 Joannem
3330 2216 3575 2271 Justinus

1984 2316 2126 2385 Aug.
2158 2327 2283 2368 mox
2308 2312 2603 2382 imperator
2628 2310 2824 2375 factus,
2857 2306 3148 2363 revocavit.
3178 2306 3372 2362 Ιιεάεηι
3406 2306 3577 2364 ferme

1987 2404 2321 2477 temporibus
2372 2404 2501 2459 solis
2532 2402 2776 2458 defectus
2802 2402 3046 2472 contigit.
3096 2400 3245 2456 Gens
3289 2400 3577 2456 Erulorum

1986 2500 2041 2554 in
2068 2508 2241 2553 terras
2267 2504 2430 2566 atque
2454 2495 2702 2551 civitates
2724 2494 3092 2549 Romanorum
3116 2492 3271 2563 jussu
3302 2490 3578 2549 Anastasii

1984 2590 2215 2647 Ctesaris
2242 2588 2567 2645 introducta.

2085 2705 2177 2779 (A.
2207 2702 2269 2760 C.
2298 2702 2451 2775 513.)
2486 2701 2609 2757 Ind.
2634 2717 2710 2766 vt,
2733 2701 3048 2757 Clementiae
3076 2709 3123 2754 et
3144 2698 3321 2755 Probo
3351 2714 3479 2755 coss.

2058 2819 2296 2877 Severus
2322 2818 2635 2891 Eutychetis
2668 2816 2906 2885 perfidia:
2932 2816 3127 2881 cultor,
3154 2815 3435 2870 Anastasio
3454 2812 3576 2869 Cte-

1985 2926 2109 2968 sare
2147 2912 2378 2977 volente,
2423 2909 2609 2965 sedem
2642 2908 2757 2963 Flav
2772 2908 2879 2965 iani
2912 2908 3170 2963 antistitis
3198 2922 3267 2962 ex
3310 2906 3578 2988 monacho

1988 3004 2164 3061 factus
2193 3004 2485 3073 episcOpus
2509 3004 2813 3071 occupavit.
2846 3001 3154 3057 Dorotheus
3191 3011 3420 3073 Ancyra:
3446 3000 3580 3055 civi-

1989 3095 2117 3151 tatis
2144 3094 2484 3151 venerandus
2507 3095 2758 3162 antistes,
2789 3093 3077 3149 Anastasio
3103 3094 3326 3164 principi
3361 3104 3583 3162 prepter

1990 3192 2205 3247 unicam
2257 3189 2688 3245 orthodoxorum
2743 3186 2903 3243 fidem
2949 3186 3152 3257 jugiter
3204 3185 3579 3255 adversarius,

1992 3284 2160 3340 linem
2207 3281 2422 3338 vivendi
2484 3296 2645 3351 quem
2716 3278 2937 3334 sibimet
2977 3278 3146 3333 misso
3198 3287 3387 3333 contra
3443 3290 3503 3332 se
3549 3289 3585 3332 a

1991 3377 2207 3433 Ctesare
2251 3374 2601 3446 magistriano
2650 3374 2765 3443 ipse
2796 3370 3143 3442 praedixerat,
3193 3370 3249 3426 in
3275 3369 3421 3425 dicto
3449 3379 3583 3427 tem-

1990 3481 2125 3537 pore
2154 3466 2301 3521 fecit.

2169 3556 2259 3628 (A.
2296 3552 2357 3609 C.
2386 3552 2541 3624 δη.)
2568 3552 2697 3607 Ind.
2729 3566 2825 3617 vtt,
2860 3551 3109 3607 Senatore
3131 3551 3240 3605 solo
3265 3567 3370 3606 cos.

2064 3666 2369 3723 Vitalianus
2396 3665 2620 3738 Scytha,
2646 3665 2942 3734 assumptis
2958 3662 3322 3719 Romanorum
3345 3662 3579 3734 equitum

1993 3762 2342 3834 peditumque
2374 3760 2657 3830 plusquam
2686 3774 2755 3815 ιι
2782 3758 3016 3815 millibus
3044 3768 3371 3813 armatorum
3402 3757 3461 3813 in
3488 3757 3584 3815 tri-

1992 3854 2102 3910 duo
2127 3861 2601 3923 congregatorum,
2642 3850 2696 3904 in
2728 3851 2902 3905 locum
2933 3850 3023 3920 qui
3051 3848 3344 3920 Septimius
3367 3850 3582 3919 dicitur,

1993 3948 2230 4013 advenit,
2264 3946 2444 4015 ibique
2487 3951 2667 3999 castra
2698 3952 2929 3998 metatus
2966 3951 3092 4008 est;
3138 3943 3519 4013 dispositisque
3551 3956 3585 3998 a

1994 4040 2132 4097 mari
2164 4040 2219 4095 in
2251 4054 2400 4095 mare
2423 4052 2645 4093 suorum
2682 4035 2983 4106 ordinibus,
3012 4037 3128 4105 ipse
3167 4033 3233 4089 ad
3264 4048 3433 4105 usque
3463 4049 3586 4103 pora

1994 4144 2103 4188 tam
2126 4146 2247 4202 quas
2275 4133 2448 4186 Aurea
2474 4127 2822 4195 dicitur,sine
2842 4126 3002 4183 ullius
3024 4126 3255 4184 accessit
3273 4126 3583 4197 dispendio;

1994 4227 2202 4283 scilicet
2228 4240 2325 4296 pro
2354 4223 2781 4281 orthodoxorum
2806 4236 2867 4279 se
2889 4220 3017 4287 fide,
3042 4237 3245 4293 proque
3268 4221 3587 4277 Macedonio

1994 4322 2146 4377 urbis
2174 4320 2455 4390 episcopo,
2486 4317 2757 4373 incassum
2798 4316 2867 4370 ab
2912 4318 3197 4371 Anastasio
3227 4316 3469 4387 principe
3492 4332 3589 4373 ex-

1994 4414 2192 4480 sulato,
2221 4410 2747 4480 Constantinopolim
2778 4409 3077 4465 accessisse
3108 4424 3381 4464 asserens.
3417 4409 3589 4464 Porro

1995 4507 2265 4563 Anastasii
2313 4501 2747 4559 sitnulationibus
2794 4510 2955 4570 atque
3004 4500 3259 4570 perjuriis
3290 4514 3385 4570 per
3410 4499 3586 4555 Theo-

1919 4605 1976 4668 D
1999 4602 2192 4657 dorum
2224 4595 2611 4653 internuntium
2642 4593 2852 4649 illectus
2878 4603 3039 4665 atque
3060 4595 3264 4659 illusus,
3289 4604 3478 4649 octavo
3499 4594 3588 4649 die

2000 4706 2162 4763 quam
2211 4690 2397 4745 urbem
2452 4693 2776 4752 accesserat,
2817 4686 3095 4740 remeavit.
3155 4686 3290 4739 llinc
3317 4684 3585 4755 Odyssom

1997 4782 2197 4839 Moesias
2238 4781 2511 4835 civitatem
2548 4775 2843 4831 Vitalianus
2873 4783 3195 4846 pernoctans
3232 4784 3349 4829 astu
3380 4776 3587 4843 ingres-

1999 4890 2092 4932 sus
2132 4882 2235 4930 est.
2280 4869 2540 4942 Cyrillum
2587 4868 2980 4925 lenocinantem
3032 4866 3201 4935 magis
3235 4881 3394 4936 quam
3449 4875 3587 4923 stre-

2000 4982 2163 5024 nuum
2194 4963 2398 5021 militiae
2425 4962 2707 5019 ductorem
2740 5003 2755 5029 ,
2783 4962 2925 5017 inter
2950 4960 3086 5015 duas
3117 4957 3337 5028 pellices
3363 4957 3585 5014 Vitalia-

2000 5075 2101 5117 nus
2148 5057 2350 5128 reperit
2394 5055 2753 5112 dormientem
2777 5094 2794 5121 ,
2827 5066 3056 5122 eumque
3082 5050 3413 5106 abStractum
3459 5064 3586 5107 mox

1998 5152 2175 5209 cultro
2208 5150 2395 5206 Getico
2413 5148 2700 5219 jugulavit,
2730 5144 3049 5214 hostemque
3076 5157 3136 5199 se
3160 5142 3447 5198 Anastasio
3468 5140 3585 5199 Cte-

1999 5244 2104 5299 sari
2132 5243 2304 5311 palam
2336 5252 2629 5311 aperteque
2659 5236 2920 5293 exhibuit.

2072 5357 2161 5427 (λ.
2190 5355 2249 5411 C.
2283 5354 2436 5423 512i.)
2465 5352 2584 5407 Ind.
2619 5366 2733 5417 vtn,
2760 5348 3032 5404 Anthemio
3052 5358 3101 5405 et
3128 5346 3397 5404 Florentio
3415 5365 3545 5406 coss.

272 5185 387 5241 alii
422 5184 605 5240 claves
644 5192 925 5255 portarum
954 5184 1263 5256 omniaque
1291 5184 1446 5256 signa
1494 5187 1781 5252 militaria,
1825 5187 1893 5242 ad

274 5280 479 5333 forum
507 5292 614 5348 quo
634 5276 916 5347 religionis
934 5286 1113 5331 castra
1142 5278 1327 5332 metati
1351 5278 1586 5344 fuerant,
1610 5279 1890 5336 delerunt:

272 5369 490 5438 ibique
534 5368 821 5424 Anastasio
865 5368 1085 5425 Ctesare
1132 5369 1187 5424 in
1236 5373 1585 5439 processibus
1636 5372 1892 5443 degente,

273 5461 669 5520 Areuhindam
699 5462 801 5517 sibi
828 5463 1215 5534 imperatorem
1249 5464 1367 5520 ﬁeri
1397 5466 1696 5522 clamitant.
1754 5468 1893 5524 lma-

268 5553 517 5627 ginibus
542 5553 742 5609 deinde
770 5556 1068 5626 statuisque
1101 5557 1371 5613 Anastasii
1417 5557 1471 5613 in
1506 5567 1709 5615 terram
1741 5560 1891 5629 deje-

270 5652 425 5714 ctts,
461 5644 703 5702 Celerem
733 5655 789 5701 et
820 5646 1110 5704 Patricium
1143 5660 1422 5706 senatores
1447 5692 1462 5715 ,
1501 5651 1569 5705 ad
1597 5666 1657 5706 se
1685 5653 1891 5722 suppli-
2000 5656 2129 5724 imp.
2159 5651 2445 5708 immanior
2472 5650 2639 5704 factus
2669 5657 2751 5704 est
2780 5648 3027 5705 inimicus
3058 5666 3071 5703 :
3103 5650 3394 5720 praemissis
3428 5650 3584 5719 quip-

268 5735 462 5795 candi
491 5737 590 5792 sibi
618 5739 706 5793 vel
734 5736 1102 5793 satisfaciendi
1126 5742 1299 5809 gratia
1330 5742 1549 5808 missos,
1575 5742 1736 5812 jactis
1770 5744 1890 5812 plu-
1996 5762 2065 5817 pe
2112 5762 2330 5800 suorum
2374 5743 2661 5813 equitibus,
2694 5743 3023 5814 armatisque
3064 5743 3321 5798 naviculis
3360 5741 3585 5798 sinistro

267 5831 399 5889 via:
438 5827 608 5887 instar
634 5829 898 5899 lapidibus
932 5830 1267 5900 repulerunt.
1324 5831 1585 5892 Domibus
1610 5833 1805 5892 Marini
1836 5848 1891 5893 et
1998 5840 2096 5897 sibi
2128 5840 2310 5894 littore
2337 5835 2766 5904 decurrentibus,
2797 5840 2911 5910 ipse
2943 5838 3179 5911 peditum
3220 5835 3386 5894 armis
3409 5837 3585 5910 stipa-

584 5923 861 5988 Ριτιοι..
905 5922 1008 5986 ιι.
3103 5932 3180 5993 30

2069 5469 2328 5525 Romanae
2352 5464 2602 5523 Ecclesia:
2619 5463 2957 5520 Lllormisda
2982 5465 3265 5535 episcopus
3284 5465 3581 5533 ordinatus,

2000 5563 2130 5617 visit
2178 5576 2348 5615 annos
2396 5574 2471 5613 ιι.
2520 5556 2669 5613 ldem
2719 5556 3020 5612 Vitalianus
3075 5557 3249 5613 eidem
3298 5558 3583 5613 Anastasio
