4052 6338
429 313 536 378 ωδ

1708 310 2126 372 MARCELLINI
2164 311 2433 371 COMlTlS

3606 306 3712 368 9“

429 431 676 508 superior
718 428 1005 487 invenitur.
1038 427 1372 499 Epiphanius
1413 426 1697 496 episcopus
1730 428 1891 499 regis:
1923 442 2014 482 ur-
2040 428 2093 489 Α
2118 442 2216 484 nes
2264 428 2519 500 magister
2563 422 2794 480 militum
2840 438 2962 481 cum
3015 422 3196 489 Batza,
3242 421 3482 489 Conone,
3543 423 3709 483 Paulo

431 521 516 586 bis
542 534 667 580 ante
696 523 987 579 adventurm
1016 521 1247 579 Romani
1276 521 1527 593 praesulis
1568 522 1795 577 moritur
1824 538 1837 575 :
1868 522 2022 591 cujus

433 615 796 687 episcopatum
846 626 1034 673 contra
1084 630 1326 672 canones
1374 613 1661 670 Anthimus
1708 613 2020 686 Trapezun-

432 716 555 765 tena
587 707 829 765 Ecclesia
859 707 1045 764 relicta
1079 707 1304 763 invadit.

498 822 591 894 (A.
614 822 674 879 C.
708 822 863 892 536.)
892 820 1017 877 Ind.
1052 838 1174 889 xrv,
1206 830 1320 892 post
1345 820 1671 877 consulatum
1700 819 1962 876 Belisarii.

505 933 781 989 Ebremud
824 933 1087 989 Theodati
1124 948 1325 1004 genere
1362 933 1555 989 relicto
1595 932 1836 987 exercitu
1876 931 2024 1001 regio

432 1029 487 1084 in
519 1027 755 1095 Brutiis,
785 1027 852 1082 ad
879 1026 1199 1082 Belisarium
1232 1026 1285 1081 in
1326 1025 1569 1083 Siciliam
1608 1024 1933 1080 convolavit.
1966 1022 2022 1079 In

432 1119 617 1176 Africa
658 1132 824 1186 vero,
866 1117 1160 1175 Solomone
1201 1118 1381 1172 itidem
1421 1134 1544 1173 cum
1587 1116 1827 1172 exercitu
1867 1114 2027 1170 dissi-

431 1212 629 1277 dente,
660 1208 962 1267 Germanus
988 1212 1230 1266 succedit
1258 1209 1605 1266 Solomonem
1648 1210 1928 1265 remittens
1956 1206 2025 1263 ad

432 1303 756 1375 principem.
788 1303 1078 1360 Belisarius
1115 1302 1465 1373 Campaniam
1512 1303 1778 1358 transiens
1816 1301 2027 1371 Neapo-

431 1392 529 1449 lim
562 1404 756 1451 vastat.
775 1394 1078 1450 Gothorum
1102 1396 1377 1451 exercitus
1400 1394 1818 1450 Theodahadnm
1843 1408 2024 1465 regem

433 1484 643 1542 habens
668 1497 977 1556 suspectum
999 1528 1014 1551 ,
1043 1485 1277 1557 Vitigem
1307 1488 1359 1541 in
1388 1501 1611 1557 regnum
1642 1485 1862 1541 asciscit
1889 1502 1901 1538 :
1934 1484 2024 1554 qui

433 1591 562 1632 mox
591 1578 646 1634 in
675 1592 869 1647 campo
895 1578 1177 1633 barbarico
1217 1593 1442 1648 regnum
1485 1578 1744 1649 pervasit.
1792 1576 2026 1645 Expedi-

434 1668 585 1725 tione
632 1671 802 1725 soluta
849 1669 1078 1726 Romam
1129 1671 1445 1741 ingreditur,
1497 1671 1588 1726 ubi
1632 1670 1745 1740 jam
1798 1670 2025 1740 Agapito

433 1756 900 1858 Constantinopoli
947 1762 1239 1830 defuncto,
1279 1762 1676 1819 Theodahadus
1717 1778 1810 1819 rex
1854 1763 2025 1819 Silve—
2055 1797 2102 1858 Β

435 1850 578 1907 rium
605 1854 936 1923 episcopatui
969 1856 1327 1926 subrogarat,
1360 1855 1540 1923 ibique
1567 1855 1813 1911 residens
1842 1856 2026 1926 dirigit

434 1941 753 2001 Ravennam
773 1986 790 2012 ,
821 1945 1156 2003 Theodotum
1187 1947 1418 2013 occidit,
1453 1949 1505 2001 in
1536 1948 1656 2003 loco
1696 1948 1787 2016 qui
1826 1947 2025 2003 dicitur

434 2034 667 2103 Quintus
688 2081 704 2106 ,
732 2039 884 2108 juxta
912 2039 1135 2095 lluvium
1179 2040 1508 2097 Santernum
1540 2059 1551 2094 :
1583 2050 1639 2096 et
1681 2042 1797 2110 ipse
1835 2041 2025 2098 subse-

434 2131 622 2201 quitur
645 2147 745 2202 per
767 2133 1056 2200 Tusciam,
1082 2150 1273 2189 omnes
1297 2150 1431 2204 opes
1451 2133 1713 2189 Theodoti
1740 2134 2024 2205 diripiens,

434 2237 570 2294 quas
598 2224 651 2278 in
683 2224 855 2279 Insula
879 2266 896 2292 ,
927 2226 1012 2281 vel
1044 2226 1095 2280 in
1122 2225 1427 2281 Urbevetus
1449 2238 1890 2298 congregaverat.
1918 2226 2024 2282 Ra-

436 2330 776 2389 vennaniqne
817 2320 1089 2388 ingressus
1128 2318 1555 2375 Matesuentbam
1600 2306 1816 2389 nepiem
1848 2320 2026 2376 Theo-

438 2406 615 2463 dorici
656 2407 759 2463 sibi
802 2410 1002 2464 sociam
1048 2410 1103 2465 in
1141 2426 1308 2481 regno
1347 2411 1469 2480 plus
1500 2412 1550 2465 vi
1588 2411 1824 2477 c0pulat,
1859 2428 2025 2482 quam

433 2511 644 2554 amore.
679 2499 974 2555 Belisarius
1005 2500 1222 2557 favente
1268 2502 1497 2557 Domino
1538 2503 1861 2574 ingreditur.
1894 2504 2027 2561 Ger-

435 2606 629 2648 manus
658 2592 712 2648 in
735 2593 916 2650 Africa
946 2595 1177 2650 feliciter
1204 2596 1566 2652 administrat.
1605 2600 1861 2669 Agapitus
1888 2600 2029 2656 Con-

432 2686 874 2756 stantinopulim,
908 2697 965 2743 ut
991 2687 1261 2757 diximus,
1296 2689 1583 2761 episcopus
1612 2690 1681 2746 dc
1722 2690 1889 2745 Roma
1931 2691 2029 2747 ad-

433 2774 661 2833 veniens
680 2817 696 2841 ,
721 2776 1032 2833 Authimum
1061 2795 1181 2835 mox
1213 2780 1450 2836 Ecclesia
1483 2782 1629 2849 pellit
1649 2821 1664 2845 ,
1694 2781 1880 2838 dicens
1903 2798 2027 2838 eum

433 2866 589 2936 juxta
634 2867 1060 2925 ecclesiasticam
1106 2870 1351 2941 regulam
1399 2869 1744 2939 adulterum,
1792 2876 1882 2942 qui
1929 2888 2028 2928 sua

438 2960 687 3017 Ecclesia
714 2962 933 3018 dimissa
976 2964 1239 3020 ambierat
1278 2965 1511 3019 alienam
1540 2981 1554 3018 :
1579 2966 1632 3020 in
1656 2965 1809 3034 cujus
1848 2967 2027 3021 lorum

436 3054 687 3111 Mennam
727 3058 1100 3129 presbyterum
1144 3059 1456 3129 episcopum
1496 3058 1802 3117 ordinavit:
1834 3060 2028 3130 etipre

2126 520 2402 591 Remaque
2446 518 2765 587 illustribus,
2816 533 3113 588 magnoque
3144 519 3384 573 exercitu
3425 526 3710 589 apparate,

2124 610 2191 665 ad
2211 610 2412 665 Italiam
2442 619 2754 681 properant,
2779 620 3063 679 castraque
3087 608 3154 663 ad
3178 618 3389 677 portum
3407 594 3713 666 Romanum

2123 704 2422 769 collocant,
2490 702 2756 757 laboranti
2815 700 3003 755 Romae
3059 698 3406 755 subveniunt.
3466 700 3711 768 Quorum

2123 794 2411 850 adventum
2447 793 2649 863 Vitiges
2677 808 2927 859 cernens,
2960 791 3121 847 trium
3151 792 3417 847 mensium
3450 792 3717 862 temporis

2124 902 2250 943 cum
2292 886 2555 941 Belisario
2596 893 2748 956 pacta
2778 883 3091 954 confirmat,
3135 898 3371 952 suosque
3402 884 3612 953 legatos
3644 882 3714 939 ad

2125 978 2510 1047 imperatorem
2570 977 2908 1033 transmittit.
2964 976 3020 1032 In
3082 992 3185 1047 qua
3240 992 3372 1046 pace
3420 975 3720 1032 Belisarius

2125 1070 2472 1141 Campaniam
2510 1070 2672 1141 redit,
2705 1084 2933 1125 annonae
2961 1069 3173 1139 copiam
3200 1066 3386 1123 Romae
3415 1066 3666 1121 illaturus
3696 1084 3714 1122 :

2125 1176 2483 1232 reversusque
2526 1160 2821 1229 Campania
2878 1160 3211 1217 contrarium
3255 1159 3359 1215 sibi
3404 1159 3472 1214 de
3525 1157 3711 1215 medio

2125 1253 2301 1309 aufert
2345 1254 2762 1309 Constantinum
2810 1252 3118 1324 patricium.
3174 1250 3411 1308 Joannes
3472 1266 3608 1308 vero
3662 1251 3723 1307 in

2126 1356 2282 1420 portu
2310 1365 2431 1420 qua:
2461 1360 2713 1420 posuerat
2739 1358 2915 1404 castra
2948 1348 3229 1411 deserens,
3270 1345 3575 1404 Samnitum
3626 1361 3721 1401 re-

2127 1441 2341 1511 gionem
2367 1440 2645 1512 ingressus
2664 1449 2782 1507 est,
2817 1442 3132 1511 Aternoque
3165 1438 3365 1509 oppido
3385 1446 3720 1509 expugnato,

2127 1532 2449 1590 Tremoneiu
2495 1532 2796 1591 Gothorum
2840 1534 3034 1588 ducem
3084 1546 3207 1587 cum
3238 1532 3353 1587 suis
3396 1531 3718 1602 promeruit.

2128 1625 2387 1681 Ortonam
2422 1641 2638 1696 quoque
2664 1624 2917 1681 similiter
2939 1624 3143 1679 invadit
3177 1642 3190 1678 :
3224 1624 3483 1680 Picenum
3507 1623 3724 1693 deprae-

2130 1716 2287 1780 dans.
2337 1718 2637 1772 Ariminum
2695 1726 2944 1785 occupat.
2998 1717 3118 1785 Quo
3161 1715 3346 1772 audito
3398 1715 3607 1787 Vitiges
3651 1715 3722 1772 ab

2131 1808 2413 1863 obsidione
2445 1807 2603 1863 Urbis
2641 1806 2697 1862 in
2725 1823 2829 1878 qua
2857 1807 3033 1862 adhuc
3074 1816 3193 1877 post
3228 1808 3498 1863 turbatam
3528 1821 3723 1876 pacem

2126 1900 2479 1965 consistebat,
2534 1900 2719 1956 relicta
2765 1900 2960 1967 Roma,
2996 1914 3092 1969 per
3127 1898 3333 1955 Clodia:
3376 1914 3633 1971 aggerem
3662 1908 3721 1955 et

2129 1993 2482 2049 annonariam
2513 1992 2762 2048 Tusciam
2795 1992 2987 2047 transit
3016 1992 3383 2061 Apenninum,
3410 2000 3465 2047 et
3507 1994 3560 2046 in
3606 1991 3725 2046 Ru-

2130 2086 2339 2141 bic0nis
2397 2083 2636 2139 ﬂuminis
2681 2086 2799 2155 ripa
2854 2094 3031 2141 castra
3089 2092 3341 2151 metatus,
3412 2082 3725 2139 Ariminum

2127 2177 2363 2233 obsidet.
2396 2176 2552 2233 Unde
2584 2175 2939 2245 proturbatus
2969 2190 2998 2230 a
3031 2174 3255 2231 Narscte
3294 2175 3362 2231 de
3400 2173 3722 2232 Coiistanti-

2130 2272 2338 2341 nopoli,
2371 2281 2426 2325 et
2478 2285 2507 2324 a
2555 2269 2820 2326 Belisario
2840 2269 2909 2325 de
2958 2269 3123 2325 Roma
3157 2268 3522 2336 venientibus,
3582 2267 3725 2340 fugit

2128 2364 2469 2419 Ravennam.
2504 2362 2673 2432 Cujus
2728 2377 2897 2432 nepos
2938 2362 3103 2417 Oraio
3145 2360 3511 2417 Mediolanum
3562 2360 3723 2432 longa

2129 2458 2306 2513 inedia
2335 2457 2569 2525 deterit,
2608 2456 2898 2511 Mundilam
2932 2456 3266 2527 Paulumque
3295 2454 3467 2509 duces
3512 2454 3588 2508 ibi
3621 2469 3723 2525 po-

2130 2552 2264 2607 sitos
2289 2567 2410 2606 cum
2444 2566 2545 2605 suo
2566 2550 2741 2606 milite
2764 2550 3040 2605 obsidens.
3070 2550 3294 2606 Narsetc
3322 2563 3453 2604 vero
3478 2547 3726 2603 Arimino

2132 2642 2428 2706 residente,
2456 2640 2747 2697 Belisarius
2764 2642 3029 2697 accedens
3057 2640 3284 2696 Romam
3313 2638 3381 2694 ad
3402 2638 3723 2695 exhieman—

2129 2735 2282 2799 dum,
2311 2734 2586 2790 deditione
2614 2735 2839 2804 suscipit
2881 2733 3175 2798 Urbinum,
3227 2743 3283 2789 et
3331 2730 3723 2801 Urbemvetus,

2131 2837 2187 2884 ct
2216 2829 2446 2885 insulam
2472 2828 2573 2884 laci
2609 2827 2966 2883 Bulsiuensis.

2332 2943 2420 3012 (A.
2464 2939 2527 2996 C.
2555 2939 2708 3011 559.)
2739 2910 2863 2996 Ind.
2896 2956 2968 3008 tt,
3011 2943 3253 3010 Appiano
3279 2952 3391 2997 solo
3420 2960 3524 2999 cos.

2204 3053 2405 3109 Narses
2462 3054 2756 3109 revertitur
2810 3052 3367 3127 Constantinopolim.
3433 3054 3726 3113 Belisarius

436 3157 744 3202 extremum
775 3147 918 3202 diem
947 3148 1083 3203 obiit
1120 3149 1174 3203 in
1215 3150 1484 3204 Domino:
1517 3150 1571 3205 in
1614 3152 1762 3205 nullo
1809 3161 1987 3205 tamen
2007 3190 2025 3218 ,
2056 3172 2104 3236 ο
2133 3145 2390 3203 obsidens
2418 3146 2706 3202 Auximum
2741 3150 2975 3217 septimo
3002 3164 3187 3204 mense
3219 3150 3541 3222 ingreditur,
3571 3150 3725 3205 simi-

436 3237 578 3291 sicut
598 3237 650 3293 ei
669 3252 700 3291 a
724 3239 963 3307 principe
982 3238 1357 3308 objiciebatur,
1374 3241 1612 3296 sentiens
1631 3249 1818 3295 contra
1843 3242 2026 3299 ﬁdem.

438 3327 563 3396 lpso
595 3344 827 3400 namque
860 3344 1003 3385 anno
1048 3330 1118 3385 ob
1152 3330 1373 3387 nimiam
1412 3332 1706 3387 siccitatem
1734 3344 1948 3403 pastura
1975 3334 2029 3390 in

437 3416 664 3477 Perside
690 3422 954 3493 denegata
974 3464 989 3487 ,
1020 3423 1243 3479 circiter
1270 3424 1581 3495 quindecim
1611 3426 1775 3480 millia
1806 3426 2031 3482 Sarace-

437 3529 630 3569 norum
662 3514 730 3570 ab
757 3514 1124 3572 Alamundaro
1162 3532 1284 3572 cum
1326 3517 1512 3573 Cbabo
1556 3528 1609 3573 et
1650 3518 1855 3574 Hezitlo
1896 3519 2030 3591 phy-

436 3605 636 3661 larchis
662 3606 868 3663 limites
900 3607 1272 3674 Euphratesire
1302 3611 1538 3680 ingressa
1577 3618 1723 3666 sunt.
1763 3610 1865 3666 Ubi
1904 3611 2029 3664 Bzit-

435 3711 528 3751 zas
567 3698 673 3752 dux
718 3712 811 3753 eos
852 3699 1049 3768 partim
1092 3699 1399 3767 blanditiis,
1446 3706 1641 3771 partim
1683 3703 2029 3758 distractione

444 3786 569 3860 [Vel
619 3788 975 3862 districtione]
1005 3791 1228 3861 paciﬁca
1256 3791 1484 3861 fovit,et
1522 3792 1791 3849 inhiantes
1827 3794 2029 3852 bellare

436 3884 714 3952 repressit.

442 3992 533 4064 (Α.
565 3994 629 4052 C.
670 3994 826 4067 557.)
867 3994 994 4052 Iud.
1029 4013 1117 4063 xv,
1151 3998 1360 4070 iterum
1400 4008 1515 4070 post
1552 4001 1878 4055 consulatum
1926 4001 2028 4057 Be-

1140 4068 1325 4125 lisarit'.

510 4175 716 4249 Vitiges
757 4187 1018 4250 tyrannus
1059 4182 1300 4236 exercitu
1339 4194 1627 4254 aggregato
1660 4185 1887 4242 Romam
1921 4188 2022 4244 ob-

442 4267 615 4338 s.dct,
648 4269 735 4325 cui
772 4280 902 4325 tunc
947 4270 1216 4328 faventem
1256 4290 1448 4346 papam
1491 4275 1777 4333 Silverium
1823 4280 2027 4335 Belisa-

438 4362 554 4416 rius
582 4362 650 4417 ab
694 4364 1002 4435 episcopatu
1044 4365 1354 4433 submovit,
1382 4378 1437 4423 et
1463 4368 1582 4424 loco
1626 4370 1743 4439 ejus
1768 4371 2026 4441 Vigilium

441 4455 725 4512 diaconum
787 4457 1078 4514 ordinavit.
1132 4460 1507 4532 Temporeque
1567 4465 1728 4534 longo
1796 4464 2023 4521 Romam

440 4548 723 4604 obsidente
748 4548 924 4620 Vitige
943 4591 959 4613 ,
1010 4550 1311 4607 Belisarius
1348 4555 1489 4610 intus
1516 4555 1693 4610 inedia
1721 4557 2024 4628 vigiliisque
2049 4548 2106 4613 D

436 4641 723 4710 laborans,
757 4643 1012 4699 auxilium
1041 4645 1108 4700 ab
1137 4646 1465 4715 imperatore
1501 4650 1771 4719 deposcit.
1805 4650 1902 4706 Cui
1944 4653 2026 4709 di-

440 4735 574 4789 recti
603 4743 726 4789 sunt
753 4734 1018 4792 Martinus
1044 4745 1099 4791 et
1136 4736 1473 4807 Valerianus,
1510 4751 1738 4812 uterque
1769 4744 2028 4814 magister

440 4826 648 4883 militize
681 4846 693 4882 :
728 4844 827 4885 nec
851 4830 933 4887 sic
963 4840 1140 4886 tamen
1175 4831 1380 4903 Vitiges
1410 4834 1748 4891 obsidionem
1778 4838 2017 4908 reliquit.

438 4915 498 4972 ln
528 4918 706 4975 Africa
735 4920 1037 4977 Germanus
1073 4923 1394 4980 rebelliones
1426 4927 1629 4983 milites
1668 4946 1790 4985 cum
1837 4932 2024 4987 Stotza

437 5020 668 5085 tyranno
710 5015 851 5071 inter
894 5016 1203 5072 Maurorum
1243 5020 1455 5075 deserta
1506 5021 1758 5078 bellando
1789 5024 2015 5095 elfngat.

438 5103 496 5159 ln
522 5103 741 5162 Oriente
766 5122 978 5178 quoque
999 5108 1231 5164 Joannes
1253 5111 1498 5167 C0ttistis
1524 5114 1788 5184 arripiens
1821 5126 1974 5185 tyran
1992 5148 2019 5161 -

440 5196 656 5266 nidem,
709 5208 835 5254 ante
868 5215 1025 5270 quam
1073 5200 1283 5257 adversi
1324 5204 1525 5275 aliquid
1562 5214 1815 5272 tentaret,
1857 5209 2023 5264 Daras

441 5293 741 5348 exstinctus
791 5303 891 5348 est.
949 5294 1191 5351 Ecclesia
1239 5296 1412 5367 major
1456 5295 1918 5367 Constantinmioli
1952 5303 2020 5357 ab

440 5383 767 5454 imperatore
817 5383 1124 5455 Iustiniano
1161 5388 1510 5459 singulariter
1552 5391 1603 5444 in
1654 5390 1851 5445 mundo
1887 5408 2022 5448 con-

439 5482 645 5531 structa
670 5474 951 5533 dedicatur
977 5478 1067 5535 die
1095 5495 1145 5534 vt
1181 5477 1290 5534 kal.
1323 5482 1629 5538 Ianuarias.

437 5584 532 5657 (Α.
576 5585 639 5642 C.
683 5583 835 5659 558.)
876 5585 1000 5643 Ind.
1031 5606 1091 5667 I,_
1114 5588 1319 5667 Joanne
1362 5595 1474 5649 solo
1507 5594 1625 5667 [Vel
1662 5595 1945 5655 Volusiano
1975 5612 2027 5657 et

1058 5660 1091 5714 1
1102 5661 1287 5736 annue]
1309 5681 1411 5720 ros.

510 5765 704 5828 Adhuc
731 5769 904 5843 Vitige
929 5770 1293 5832 inﬁbsidione
1325 5776 1510 5836 Roma:
1556 5789 1827 5851 morante,
1857 5780 2029 5842 Joanv

2136 3239 2366 3309 literque
2412 3248 2468 3295 et
2525 3239 2801 3294 Fesulam.
2851 3240 3011 3296 Gothi
3068 3241 3428 3299 Mediolanum
3486 3241 3726 3313 ingressi

2134 3346 2318 3386 muros
2346 3333 2586 3399 diruunt,
2621 3336 2969 3405 praedamque
2999 3335 3179 3404 potiti,
3214 3351 3393 3392 omnes
3433 3335 3726 3392 Romanos

2136 3423 2483 3479 interﬁciunt.
2536 3423 2829 3479 Mundilam
2878 3426 3216 3497 Paulumque
3256 3427 3417 3483 duces
3441 3427 3727 3484 abducunt

2133 3516 2473 3573 Ravennam.
2512 3517 2907 3573 Theudibertns
2949 3517 3281 3575 Francorum
3323 3535 3423 3576 rex
3453 3536 3573 3575 cum
3610 3538 3725 3576 nia-

2132 3626 2241 3681 gno
2268 3612 2515 3667 exercitu
2554 3612 2869 3680 adveniens,
2906 3614 3182 3685 Liguriam
3213 3626 3491 3687 totamque
3518 3616 3725 3686 deprae-

2134 3703 2226 3757 dat
2270 3703 2570 3759 Arimiliam.
2603 3703 2844 3760 Genuam
2877 3707 3135 3776 Oppidum
3189 3708 3241 3762 in
3276 3709 3456 3763 littore
3494 3707 3725 3780 Tyrreni

2135 3796 2299 3851 maris
2335 3796 2496 3852 situm
2522 3798 2719 3853 evertit
2747 3813 2809 3853 ac
2850 3799 3075 3867 prmdat.
3109 3800 3361 3855 Exercitu
3394 3801 3589 3856 dehinc
3625 3814 3723 3855 suo

2134 3888 2328 3944 morbo
2362 3889 2676 3954 laborante,
2709 3899 2767 3944 ut
2805 3890 3091 3945 subveniat
3123 3893 3400 3960 paciscens
3430 3908 3550 3947 cum
3581 3892 3723 3945 Beli-

2134 3982 2303 4047 sario,
2348 3981 2416 4036 ad
2460 3980 2665 4038 Gallias
2711 3983 3025 4039 revertitur.
3075 3983 3379 4040 Germanus
3428 3982 3496 4039 de
3540 3981 3719 4037 Africa

2134 4075 2659 4143 Constantinopolim
2729 4085 3004 4132 evocatur.
3081 4078 3336 4133 Solomon
3392 4078 3467 4132 ibi
3535 4090 3724 4131 rursus

2134 4167 2405 4238 dirigitur.
2443 4168 2629 4224 Callnc
2656 4169 2913 4239 magister
2940 4170 3169 4226 militum
3197 4187 3318 4225 cum
3348 4170 3568 4241 Gepidis
3606 4170 3719 4240 pri-

2135 4276 2286 4316 mum
2315 4260 2549 4316 feliciter
2579 4261 2867 4327 dimicans,
2898 4262 3137 4318 secundo
3165 4262 3453 4318 infeliciter
3478 4263 3605 4318 ruit.

2278 4378 2368 4449 (A.
2399 4376 2461 4433 C.
2493 4376 2644 4447 5&0.)
2676 4375 2803 4432 Ind.
2834 4392 2912 4444 tn,
2944 4375 3153 4431 Iustino
3174 4378 3288 4444 iun.
3316 4378 3427 4431 solo
3472 4394 3577 4432 cos.

2204 4488 2388 4543 Parthi
2430 4488 2485 4543 in
2528 4487 2740 4558 Syriam
2780 4489 3012 4557 ingressi
3062 4488 3259 4543 multas
3294 4487 3458 4543 urbes
3500 4485 3723 4542 subver-

2133 4590 2254 4634 tunt
2284 4597 2298 4633 :
2333 4588 2521 4634 contra
2552 4593 2689 4649 quos
2715 4579 3021 4634 Germanus
3042 4594 3191 4633 arma
3221 4579 3488 4649 arripiens
3510 4620 3524 4640 .
3554 4576 3723 4632 ειυςιί-

2135 4687 2262 4728 num
2299 4671 2490 4737 lilium,
2519 4670 2882 4742 eamdemque
2907 4673 3205 4738 consulem,
3239 4673 3290 4725 in
3324 4673 3454 4739 ipsis
3481 4670 3723 4725 fascibus

2135 4778 2317 4821 secum
2358 4764 2524 4818 ducit.
2560 4763 2844 4819 Antiochia
2876 4778 3069 4834 magna
3094 4764 3401 4833 depraedata
3429 4761 3725 4818 demolitur

2135 4858 2396 4914 aPersis.
2445 4858 2738 4913 Belisarius
2795 4857 3105 4911 Ravennam
3158 4855 3477 4925 ingreditur,
3537 4869 3727 4925 regem

2138 4952 2371 5021 Vitigem
2420 4962 2473 5006 et
2517 4952 2798 5018 reginam,
2851 4961 3180 5017 cunctasque
3226 4963 3357 5019 opes
3402 4947 3726 5017 GothoSque

2136 5044 2435 5102 nobiliores
2454 5043 2651 5097 tollens
2676 5058 2883 5107 secum,
2907 5043 2973 5098 ad
2995 5044 3376 5112 imperatorem
3397 5041 3724 5108 revertitur,

2136 5148 2399 5195 evocante
2440 5153 2500 5193 se
2547 5137 2804 5192 Marcello
2854 5139 3072 5193 comite.
3119 5138 3376 5198 Solomon
3434 5136 3488 5190 in
3541 5135 3729 5191 Africa

2134 5231 2363 5286 feliciter
2392 5228 2656 5284 dimicans
2685 5230 3018 5285 rebelliones
3041 5230 3344 5300 proturbat.
3373 5227 3539 5283 Gothi
3569 5236 3727 5282 trans

2136 5323 2339 5378 Padum
2363 5322 2685 5386 residentes,
2705 5321 2866 5377 Ora’io
2897 5322 3084 5391 Vitigis
3117 5330 3313 5390 nepote
3334 5330 3389 5376 et
3412 5318 3731 5375 Heldebado

2139 5414 2507 5483 ductantibus,
2556 5412 2787 5483 Vitigcm
2818 5429 2999 5482 regem
3045 5428 3166 5467 cum
3213 5415 3396 5483 regina
3425 5411 3731 5482 opibusque

2138 5506 2347 5577 palatii,
2376 5520 2476 5560 nec
2506 5520 2612 5560 non
2643 5516 2695 5560 et
2717 5504 2926 5561 Gothos
2946 5503 3228 5559 audientes
3253 5504 3471 5559 sedibus
3490 5502 3731 5573 propriis

2139 5599 2347 5670 pulsos,
2394 5599 2781 5670 Orientemque
2824 5614 2919 5668 per
2960 5598 3286 5655 Belisarium
3323 5597 3608 5660 abductos,
3641 5609 3731 5650 re-

2138 5693 2346 5749 bellare
2374 5692 2694 5761 disponunt,
2742 5707 2924 5761 regem
2972 5692 3075 5747 sibi
3112 5699 3413 5747 statuentes
3449 5685 3733 5744 Heldeba-

2139 5783 2270 5841 dum
2317 5801 2329 5838 :
2380 5795 2564 5842 centra
2610 5798 2768 5855 quem
2826 5783 3199 5843 debellaturus
3248 5780 3416 5841 Besae
3468 5779 3737 5853 patriam
