4052 6338
337 322 521 425 ω’

1763 367 2169 429 CHRONICON.

3496 375 3607 431 σω

337 470 660 532 Placentiam
698 488 725 527 a
758 472 1013 529 Ravenna
1041 474 1374 542 conscendit,
1425 473 1782 532 Constantino
1805 478 1913 533 Ra-
1942 483 1996 543 Α
2020 492 2303 548 evocatur,
2328 490 2383 538 et
2411 483 2770 549 Areobindas,
2797 493 2959 555 nepte
2985 483 3327 556 imperatoris
3355 494 3602 559 accepta,

338 582 561 622 vonnam
604 565 675 622 de
724 566 1031 634 Dalmatiis,
1087 578 1145 622 ut
1190 579 1452 639 prtecsset
1498 571 1794 636 exercitui,
1847 572 1915 626 ab

339 660 659 730 lmperatore
688 659 919 714 directo.

549 774 638 843 (A.
669 774 733 829 C.
758 773 911 844 5H.)
945 773 1068 830 Ind.
1108 790 1180 838 Iv,
1214 776 1410 831 Basilio
1440 778 1551 831 solo
1578 793 1707 831 cos;

404 865 615 921 Parthis
638 868 1052 937 persistentibus
1076 868 1331 935 inimicis,
1361 869 1659 926 Belisarius
1682 869 1916 926 Orientis

336 959 567 1028 Suscepit
590 959 1013 1029 expeditionem,
1043 959 1316 1016 Germano
1344 976 1598 1031 regresso
1623 962 1688 1015 ad
1726 963 1914 1017 urbem

336 1048 557 1120 regiam.
606 1049 769 1105 Gothi
810 1051 1111 1105 Ileldibado
1139 1053 1318 1107 occiso
1352 1052 1599 1108 Erarium
1629 1053 1733 1107 sibi
1761 1054 1914 1107 ordi-

335 1153 461 1198 nant
485 1158 688 1211 regem.
713 1142 971 1199 Solomon
1004 1145 1057 1197 iu
1090 1143 1271 1199 Africa
1298 1145 1626 1200 interticitur
1658 1163 1671 1199 :
1698 1146 1917 1216 Sergius

335 1233 451 1292 loco
493 1234 613 1305 ejus
653 1234 759 1290 dux
810 1237 1071 1292 successit
1120 1236 1281 1304 belli,
1326 1237 1742 1309 moderatorquc
1793 1252 1918 1309 pro-

335 1343 543 1384 VlllCIil.

438 1443 527 1509 (Α.
566 1439 629 1494 C.
660 1438 811 1511 542.)
840 1438 966 1497 Ind.
999 1455 1053 1508 ν,
1085 1451 1203 1513 post
1234 1441 1563 1498 consulatum
1593 1442 1807 1499 Basilii.

401 1551 598 1608 Milites
632 1552 770 1608 clam
801 1552 1074 1609 Veronam
1124 1554 1375 1626 ingressi,
1422 1556 1546 1610 dum
1577 1559 1799 1611 avaritia
1834 1557 1918 1612 in-

332 1644 518 1699 itiante
546 1645 613 1700 de
636 1646 815 1716 prn'da
852 1658 1194 1717 concertant,
1219 1664 1249 1701 a
1288 1649 1481 1705 Gothis
1506 1650 1913 1721 egredientibus

331 1736 395 1793 de
444 1738 668 1794 latebris
712 1754 833 1795 eum
884 1755 983 1795 suo
1030 1742 1301 1797 dedecore
1345 1742 1564 1797 civitate
1617 1744 1911 1811 pelluntur.

330 1829 493 1885 Gothi
530 1831 719 1885 Erario
765 1846 889 1901 rege
916 1832 1102 1887 occiso
1144 1832 1375 1887 'I‘utilam
1405 1833 1459 1888 in
1503 1849 1728 1902 regnum
1762 1850 1914 1889 man-

331 1923 605 1993 ciparuut.
633 1924 735 1992 Qui
768 1924 911 1979 malo
933 1923 1103 1979 Italiae
1136 1941 1255 1980 mox
1290 1926 1494 1982 Padum
1523 1928 1739 1991 transit,
1770 1936 1826 1983 et
1846 1929 1913 1983 ad

329 2013 641 2072 Faventiam
666 2014 901 2070 Emilize
928 2017 1199 2071 civitatem
1225 2016 1593 2073 Romanorum
1616 2020 1914 2075 exercitum

327 2116 571 2177 superat,
597 2108 763 2164 duces
791 2109 1011 2180 el'l'ugat,
1045 2108 1323 2164 Caesenam
1357 2123 1411 2164 et
1442 2112 1729 2171 Urbinum.
1761 2113 1915 2168 Mon-

330 2199 663 2255 teml‘eretris
703 2212 757 2256 et
796 2200 1178 2270 Petrapcrtusa
1217 2210 1468 2272 occupat,
1519 2204 1624 2259 huc
1680 2204 1917 2276 illucque

328 2292 641 2348 discurrens
688 2292 936 2349 devastat
986 2294 1213 2349 Italiam.
1262 2295 1468 2350 liursus
1512 2297 1563 2351 in
1615 2298 1915 2353 annonaria

327 2383 524 2439 Tuscia
549 2386 613 2437 ad
639 2384 895 2440 Mucellos
924 2401 1020 2454 per
1046 2386 1290 2452 Ilutlerit,
1317 2397 1374 2441 et
1394 2388 1640 2453 Viliarid,
1666 2389 1708 2443 Β
1731 2390 1918 2445 edam-

326 2490 431 2546 qne
478 2475 646 2530 duces
675 2492 804 2531 suos
845 2476 1147 2531 Romanum
1178 2479 1473 2534 exercitum
1522 2488 1765 2546 superat.
1795 2480 1917 2549 Quo

323 2569 515 2637 praelia
557 2568 720 2623 Bessa
774 2568 1031 2637 patricius
1075 2570 1392 2624 vulneratus
1442 2570 1625 2626 evadit
1675 2589 1690 2627 :
1733 2573 1916 2629 ceteri

333 2672 465 2715 vero
496 2658 761 2730 fugientes
788 2676 889 2731 per
920 2676 1130 2732 quaqua
1156 2660 1347 2715 salvati
1374 2670 1519 2717 sunt.

324 2776 408 2847 (Α.
436 2774 502 2829 C.
537 2772 688 2845 545.)
720 2772 847 2830 Ind.
874 2790 948 2839 Vl,
975 2783 1086 2842 post
1111 2774 1433 2829 consulatum
1470 2772 1655 2829 Basilii
1689 2791 1827 2831 anno
1855 2791 1917 2833 tt.

389 2872 570 2928 Totila
614 2873 862 2928 devastat
911 2874 1298 2939 Campaniam,
1346 2875 1619 2944 urbesque
1672 2882 1912 2927 muratas

325 2976 603 3027 evertens,
639 2980 734 3033 per
766 2978 898 3019 suos
919 2965 1163 3020 Tiburim
1195 2964 1431 3021 obsidet.
1466 2964 1770 3020 Mortalitas
1803 2978 1919 3018 ma-

321 3068 422 3125 gna
470 3054 635 3109 Italia:
672 3056 849 3109 solum
894 3056 1167 3125 devastat,
1217 3057 1438 3111 Oriente
1469 3056 1582 3125 jam
1617 3065 1672 3113 et
1707 3055 1916 3127 Illyrico

320 3160 577 3219 peraeque
607 3149 828 3205 attritis.
861 3147 915 3202 In
946 3150 1168 3204 Oriente
1195 3149 1375 3204 Persis
1395 3148 1573 3204 adhuc
1597 3149 1911 3205 tenentibus

2021 575 2094 630 ibi
2122 577 2287 644 judex
2322 578 2592 647 dirigitur.
2640 578 2699 633 In
2745 579 2971 635 Oriente
2999 595 3119 636 cum
3164 580 3380 635 Parthis
3428 581 3607 638 foedus

2022 664 2192 720 initur
2233 683 2332 736 per
2388 667 2833 724 Constantianum
2891 670 3207 739 magistrum
3258 670 3496 737 militite,
3549 678 3607 727 et

2026 758 2300 812 exercitus
2329 759 2627 814 revertitur
2657 759 3209 831 ConstantinOpolim.

2092 870 2183 942 (Α.
2225 871 2284 927 C.
2316 872 2468 942 547.)
2502 873 2624 931 Ind.
2658 891 2712 942 x,
2746 885 2861 945 post
2889 877 3215 931 consulatum
3245 875 3425 932 Basilii
3456 893 3532 933 Vt.

2092 984 2253 1041 Gothi
2305 986 2626 1055 legationem
2679 989 2898 1044 mittunt
2949 990 3015 1043 ad
3067 989 3453 1058 imperatorem
3509 1005 3606 1061 per

2020 1077 2333 1145 episcopum
2361 1077 2596 1134 civitatis
2638 1081 3012 1149 Asisinatium,
3042 1082 3261 1138 nomine
3293 1082 3605 1137 Aventinum.

2019 1166 2258 1223 Joannes
2290 1169 2552 1239 magister
2593 1172 2825 1226 militum
2864 1174 2932 1227 ad
2963 1172 3165 1228 italiam
3196 1181 3471 1245 properat.
3506 1174 3609 1229 Be-

2021 1259 2239 1314 lisarius
2266 1275 2297 1314 a
2341 1258 2598 1314 Ravenna
2628 1275 2880 1329 egressus
2912 1264 3062 1318 venit
3093 1263 3448 1335 Dyrrachium
3474 1281 3490 1318 :
3526 1265 3609 1317 in-

2020 1350 2200 1419 deque
2242 1350 2451 1405 directo
2485 1351 2696 1406 Joanne
2741 1350 3008 1417 Calabria,
3067 1353 3183 1421 ipse
3225 1369 3320 1423 per
3363 1354 3606 1410 Siciliam

2024 1444 2245 1498 Romam
2280 1447 2536 1512 perrexit.
2582 1445 2725 1515 Papa
2770 1443 3001 1513 Vigilius
3037 1446 3313 1515 ingressus
3351 1460 3434 1502 est
3459 1446 3607 1501 Con-

2022 1535 2433 1603 stantinopolim
2469 1550 2563 1589 vm
2607 1534 2717 1590 Ital.
2748 1536 2910 1591 Febr.
2941 1536 3122 1591 Totila
3150 1538 3276 1591 dolo
3301 1536 3608 1593 Isaurorum

2023 1627 2327 1698 ingreditur
2351 1627 2575 1681 Romam
2598 1627 2686 1682 die
2724 1643 2815 1682 xvt
2848 1627 2961 1682 kal.
2989 1627 3301 1695 Januaiias,
3324 1645 3388 1685 ac
3413 1632 3612 1686 evertit

2022 1734 2228 1783 muros,
2260 1720 2452 1775 domos
2481 1720 2782 1789 aliquantas
2823 1722 2929 1791 igni
2960 1722 3309 1787 comburens,
3337 1738 3399 1777 ac
3419 1736 3612 1778 omnes

2025 1809 2388 1866 Romanorum
2428 1825 2519 1865 res
2550 1810 2604 1865 in
2636 1812 2873 1881 praedam
2900 1813 3145 1879 accepit;
3184 1812 3284 1867 hos
3317 1812 3462 1884 ip~os
3500 1815 3611 1866 llo-

2021 1920 2211 1959 monos
2241 1905 2293 1959 in
2324 1904 2673 1975 Campaniam
2712 1906 2955 1975 captivos
3004 1905 3247 1960 abduxit.
3292 1906 3421 1961 Post
3445 1919 3608 1972 quam

2020 1994 2475 2059 devastationem,
2523 2011 2591 2051 st.
2643 2006 2737 2050 aut
2775 1997 3008 2067 amplius
3047 1997 3164 2052 dies
3192 1996 3367 2051 Roma
3401 1995 3505 2051 fuit
3535 1997 3609 2051 ita

2021 2086 2284 2152 desolata,
2310 2097 2368 2141 ut
2399 2102 2557 2142 nemo
2582 2087 2655 2142 ibi
2685 2087 2965 2143 hominum
2990 2090 3091 2144 nisi
3117 2088 3304 2144 bestiae
3329 2102 3615 2144 moraren-

2023 2186 2131 2233 tur.
2170 2178 2301 2232 llinc
2333 2178 2555 2232 veniens
2601 2178 2893 2235 Belisarius
2935 2196 3209 2234 murorum
3255 2188 3463 2252 partem
3519 2196 3614 2236 re-

2020 2280 2247 2339 staurat,
2281 2272 2641 2339 vcnienteque
2674 2271 2846 2327 Tutila
2877 2273 2944 2327 ad
2975 2288 3207 2343 pugnam
3237 2272 3465 2329 resistit.
3506 2274 3613 2328 Eo-

2020 2363 2251 2433 demque
2279 2380 2420 2419 anno
2449 2367 2515 2419 de
2540 2363 2716 2419 Ali-ica
2741 2366 2916 2433 neptis
2947 2365 3289 2435 imperatoris
3309 2373 3607 2421 revertitur

2020 2455 2201 2523 vidua,
2250 2456 2431 2511 occiso
2475 2455 2784 2512 Areobinda
2812 2464 2841 2510 a
2872 2455 3174 2513 Gunthario
3202 2466 3463 2527 tyranno,
3503 2456 3598 2525 qui

2021 2563 2142 2603 cum
2168 2548 2353 2603 Stotzu
2379 2550 2593 2619 juniore
2623 2557 2859 2606 tractans
2886 2564 3010 2605 eum
3035 2549 3327 2605 occiderat.
3359 2548 3466 2604 Sed
3494 2549 3605 2605 Ar-

2021 2640 2248 2696 tabanes
2288 2652 2548 2712 utrosque
2582 2643 3007 2713 comprehensos
3051 2642 3412 2700 Guntharium
3460 2643 3606 2699 occi-

2022 2731 2121 2799 dit,
2153 2732 2417 2790 Joannem
2440 2734 2580 2790 idem
2608 2734 2847 2792 Stotzsm
2878 2734 3145 2803 iuniorem
3170 2735 3409 2792 vinctum
3440 2744 3611 2791 trans-

2022 2826 2193 2882 mittit
2248 2828 2315 2882 ad
2357 2826 2684 2899 principem.
2717 2828 2849 2883 Post
2875 2828 3180 2899 aliquantos
3215 2828 3335 2884 dies
3372 2827 3608 2883 mittitur

2025 2919 2080 2973 in
2108 2917 2347 2974 Africam
2374 2919 2632 2986 Joannes,
2664 2928 2720 2975 et
2748 2919 3051 2977 Artabanes
3082 2929 3339 2977 evocatus
3366 2934 3608 2991 praesen-

2026 3010 2137 3067 tale
2165 3012 2376 3079 accepit
2401 3012 2794 3083 magisterium.

2023 3124 2113 3195 (A.
2155 3126 2217 3182 (Ξ.
2250 3126 2405 3197 588.)
2434 3125 2561 3182 Ind.
2607 3142 2697 3193 xt,
2757 3136 2876 3198 post
2916 3128 3243 3183 consulatum
3286 3127 3469 3185 Basilii
3510 3144 3610 3186 vtt.

321 3238 634 3294 conﬂictum
656 3254 777 3293 cum
808 3240 1031 3307 nosuris,
1059 3241 1278 3310 Sergius
1300 3242 1351 3295 in
1379 3239 1559 3297 Africa
1583 3241 1915 3310 inquietatur
1941 3249 1991 3314 ρ
2091 3244 2330 3300 Joannes
2359 3244 2621 3313 magister
2668 3243 2898 3299 militum
2934 3242 2989 3298 in
3028 3242 3325 3315 Campania
3358 3244 3610 3314 prmdans

320 3345 350 3384 a
384 3330 777 3385 rebellionibus
810 3346 932 3386 eum
961 3331 1149 3387 Stotza
1179 3342 1234 3386 et
1257 3331 1477 3385 Mauris.

321 3444 414 3515 (Α.
444 3445 504 3499 C.
534 3444 684 3513 5M.)
708 3442 831 3496 Ind.
855 3460 947 3510 vn,
974 3454 1087 3514 post
1115 3446 1436 3499 consulatum
1459 3446 1643 3499 Basilii
1675 3463 1810 3501 anno
1834 3463 1913 3503 ttt.

394 3537 569 3591 Totila
616 3536 826 3592 obsidet
866 3537 1102 3593 Firmum
1142 3548 1197 3593 et
1241 3540 1531 3603 Asculum,
1566 3539 1917 3611 invasamque

320 3630 597 3697 Neapotim
645 3631 852 3685 desolat
880 3641 934 3685 et
956 3630 1143 3685 Tibur.
1188 3630 1353 3686 Roma
1396 3647 1529 3687 vero
1567 3631 1849 3687 obsidetur
1884 3648 1915 3688 a

319 3723 501 3792 longe,
535 3722 586 3775 in
619 3738 720 3790 qua
764 3733 996 3792 preci-at
1020 3723 1254 3779 Joannes
1295 3723 1550 3793 magister
1574 3724 1820 3779 militum.
1856 3724 1913 3780 ιη

320 3814 539 3869 Oriente
584 3812 848 3868 Belisario
887 3814 1182 3870 constituto
1205 3859 1220 3880 ,
1262 3816 1538 3870 exsulatur
1574 3814 1810 3870 Joannes
1848 3831 1915 3871 ex

321 3907 543 3962 consule
564 3906 834 3962 ordinario
867 3907 1119 3975 patricius
1146 3917 1305 3977 atque
1327 3907 1614 3977 praefectus
1639 3909 1912 3977 praetorio,

321 4010 374 4057 et
397 4002 589 4054 domus
619 4000 735 4069 ejus
763 4000 921 4055 datur
957 4001 1237 4058 Belisario.

320 4114 468 4185 (A.C
510 4112 663 4185 545.)
695 4112 813 4167 Ind.
842 4129 957 4181 \‘lll,
988 4123 1100 4175 post
1125 4113 1447 4167 consulatum
1475 4112 1657 4168 Basilii
1678 4129 1814 4167 anno
1836 4128 1910 4168 tv.

425 4206 603 4260 Totila
669 4205 907 4260 Firmum
954 4216 1007 4261 et
1059 4207 1309 4260 Asculum
1349 4207 1449 4260 sub
1489 4206 1909 4276 juratnentoino

318 4312 541 4365 gressus
569 4307 653 4352 est
678 4315 690 4350 :
718 4298 884 4353 milite
912 4299 1158 4352 Romano
1182 4314 1305 4352 eum
1332 4299 1493 4353 rebus
1518 4299 1632 4351 suis
1658 4297 1908 4364 dimisso,

315 4388 699 4443 crudelitatem
749 4405 902 4443 suam
950 4390 1000 4443 itt
1051 4390 1326 4445 Romanos
1371 4390 1643 4453 exercuit,
1692 4404 1898 4458 eosque

316 4494 513 4533 omnes
557 4480 725 4534 nudat
772 4490 825 4534 et
852 4490 1027 4535 necat.
1078 4481 1133 4535 In
1182 4479 1363 4536 Africa
1396 4479 1642 4533 Joannes
1691 4480 1904 4535 irruens

315 4589 481 4642 super
514 4582 801 4642 tyrannum
833 4578 1071 4629 Stotzam
1094 4614 1109 4641 ,
1143 4574 1408 4628 interimit
1432 4588 1575 4637 eum,
1613 4583 1668 4628 et
1696 4574 1812 4641 ipse
1840 4573 1909 4627 ab

316 4667 433 4735 ejus
478 4668 741 4723 occiditur
783 4667 1077 4735 armigero.
1114 4666 1168 4721 In
1193 4681 1296 4737 qua
1340 4664 1628 4737 tyrannide
1664 4665 1903 4721 Joannes

317 4758 534 4829 quidam
579 4760 780 4814 electus
815 4758 1033 4814 Stotzus
1058 4758 1245 4827 junior
1283 4761 1573 4814 Vocitatur.
1606 4759 1904 4813 Belisarius

318 4849 390 4905 de
417 4849 639 4904 Oriente
668 4860 946 4915 evocatus,
993 4851 1043 4903 in
1074 4849 1333 4904 oll'ensam
1375 4851 1787 4920 periculumque
1817 4848 1901 4904 in-

319 4956 547 4997 currens
576 4956 761 5011 grave,
807 4952 862 4996 et
887 4940 1101 4995 invidize
1144 4941 1453 5009 subjaeens,
1489 4956 1679 4996 rursus
1713 4940 1905 4995 remit-

319 5033 450 5087 titur
471 5032 535 5086 ad
563 5030 790 5086 italiam.
816 5031 918 5099 Qui
937 5032 1185 5094 veniens,
1213 5032 1436 5085 Romam
1456 5032 1637 5101 dirigit
1660 5033 1903 5099 Bessam,

319 5124 583 5182 Joannem
642 5126 807 5180 mittit
867 5125 934 5180 ad
1000 5126 1405 5195 imperatorem.
1463 5125 1639 5180 'I‘o'ila
1697 5135 1909 5181 vastato

320 5219 538 5285 Piceno,
591 5235 942 5291 pugnansque
990 5220 1057 5275 ad
1106 5220 1395 5275 Auximum
1438 5222 1624 5276 vincit.
1668 5222 1906 5294 Indeque

319 5312 635 5367 discurrens
666 5328 763 5383 per
791 5313 1065 5379 Tusciam,
1095 5313 1396 5383 Spoletium
1426 5313 1679 5380 destruit,
1705 5325 1761 5370 et
1789 5315 1905 5370 Asi-

319 5404 456 5459 sium
478 5400 835 5474 Ciusiumque
854 5404 1045 5475 oppida
1074 5406 1269 5469 tenuit,
1295 5416 1349 5460 et
1368 5406 1578 5462 obsidet
1604 5407 1906 5462 Perusiam.

320 5512 411 5584 (Α.
444 5514 507 5569 C.
539 5512 693 5585 546.)
718 5511 845 5569 Ind.
869 5531 944 5581 tx,
983 5524 1101 5589 pos!-
1125 5517 1449 5573 consulatum
1478 5516 1662 5573 Basilii
1690 5534 1827 5574 anno
1854 5534 1911 5575 v.

390 5604 620 5676 Vigilius
661 5620 795 5676 papa
845 5621 929 5661 ιιι
971 5606 1156 5680 [Forte
1200 5607 1290 5681 ιι]
1322 5610 1389 5665 ab
1433 5610 1679 5680 apostolo
1723 5610 1907 5679 Petro,

324 5710 586 5755 evocatus
615 5699 684 5754 ab
706 5699 1038 5767 imperatore
1072 5700 1246 5756 Roma
1275 5702 1573 5773 egreditur,
1607 5704 1737 5758 etin
1769 5703 1909 5760 Sici-

321 5790 447 5845 liztttt
475 5793 642 5848 venit.
683 5792 857 5846 Totila
890 5801 1150 5861 occupata
1180 5793 1419 5849 Lucania
1455 5808 1508 5849 et
1544 5797 1745 5850 lirtttiis
1771 5796 1909 5849 Nea-

323 5881 486 5939 uolitn
508 5883 795 5943 subvertit.
825 5882 1050 5941 Romam
1080 5884 1312 5942 obsidet.
1355 5886 1430 5942 De
1459 5885 1645 5944 Alt-ica
1681 5886 1903 5960 Sergius

2023 3336 2261 3404 Gothos,
2309 3338 2605 3391 nonnullos
2648 3336 2846 3392 liberat
2891 3346 3176 3392 senatores
3224 3355 3237 3389 :
3289 3337 3382 3407 qui
3419 3347 3610 3405 postea

2023 3425 2225 3494 patitur
2271 3436 2591 3481 nocturnum
2639 3426 2830 3483 'I‘otila'.
2872 3436 3263 3497 superventum
3316 3428 3609 3499 Bulgarum

2021 3530 2242 3571 suorum
2280 3518 2753 3585 proditione.......

2020 3608 2110 3678 (Α.
2152 3608 2212 3663 C.
2260 3607 2414 3679 549.)
2461 3607 2582 3663 Ind.
2618 3624 2708 3675 xu,
2756 3594 2869 3681 post
2911 3609 3235 3665 consulatum
3276 3609 3464 3666 Basilii
3491 3627 3607 3667 vttt.

2019 3697 2111 3769 (Α.
2150 3696 2211 3754 C.
2258 3698 2411 3771 550.)
2462 3698 2583 3753 Ind.
2617 3715 2733 3765 xttt,
2772 3710 2885 3771 post
2927 3702 3258 3755 consulatum
3285 3698 3471 3756 Basilii
3502 3717 3578 3758 Ix.

2018 3790 2106 3862 (A.
2146 3792 2208 3845 C.
2251 3792 2404 3862 551.)
2447 3790 2572 3844 Ind.
2620 3807 2732 3858 xiv,
2779 3801 2891 3858 post
2928 3793 3253 3847 consulatum
3306 3790 3493 3846 Basilii
3542 3808 3603 3848 ι.

2092 3884 2186 3938 liis
2215 3884 2551 3953 temporibus
2581 3884 2634 3937 in
2660 3884 2840 3939 Africa
2884 3882 3059 3939 Mauri
3087 3898 3187 3956 per
3210 3883 3477 3941 Joannem
3510 3900 3604 3955 pa.

2019 3978 2235 4031 triclum
2263 3976 2451 4030 domiti
2485 3986 2630 4030 sunt.

2018 4091 2108 4162 (A.
2150 4091 2208 4144 C.
2253 4089 2406 4159 5.52.)
2455 4087 2580 4143 Ind.
2626 4104 2719 4158 xv,
2760 4098 2875 4159 post
2919 4089 3247 4144 consulatum
3292 4086 3479 4144 Basilii
3526 4105 3601 4146 ιι.

2086 4184 2200 4239 Iloc
2232 4193 2472 4253 tempore
2500 4182 2839 4239 Justinianus
2867 4187 3143 4253 Augustus
3171 4184 3395 4239 Narsem
3422 4199 3597 4241 eunu-

2014 4273 2174 4330 chum
2202 4275 2593 4329 ehartularium
2619 4285 2673 4329 et
2703 4275 3092 4329 cubicularium
3122 4289 3276 4330 suum
3307 4275 3604 4346 principem

2014 4368 2218 4422 militi-.e
2274 4367 2421 4433 fecit,
2474 4375 2530 4421 et
2582 4368 2633 4422 in
2691 4365 2901 4420 Italiam
2959 4366 3125 4421 misit.
3172 4364 3274 4436 Qui
3312 4369 3604 4422 commissa

2016 4475 2192 4530 pugna
2221 4449 2318 4512 Tiei
2342 4458 2513 4528 gratia
2556 4458 2731 4511 victor
2760 4456 2992 4512 Tetilam
3029 4458 3253 4523 occidit,
3295 4467 3350 4513 et
3379 4468 3600 4530 gentem

2017 4553 2348 4619 Gothorum,
2406 4550 2794 4605 auxiliantibus
2850 4552 3013 4606 etiam
3079 4550 3494 4622 Longobardis,
3549 4551 3603 4608 in

2014 4646 2163 4702 Italia
2213 4643 2609 4698 exterminavit.
2658 4643 2764 4699 Per
2817 4643 2930 4697 hate
2974 4653 3243 4713 tempora,
3296 4657 3417 4698 cum
3464 4642 3603 4697 Buc~

2016 4737 2222 4791 celinus
2248 4750 2432 4790 comes
2460 4749 2584 4789 cum
2612 4735 2778 4791 sociis
2807 4752 2836 4790 a
2865 4734 3240 4791 Tbeodeberto
3268 4749 3397 4805 rege
3428 4733 3599 4790 Fran-

2015 4843 2200 4883 corum
2246 4828 2447 4882 dudum
2502 4829 2722 4895 missus,
2777 4844 2871 4897 per
2905 4840 3076 4881 annos
3128 4825 3337 4897 aliquot
3390 4826 3595 4883 Italiam

2016 4920 2364 4991 Siciliamque
2386 4920 2689 4987 infestaret,
2711 4930 2768 4975 et
2794 4920 3097 4975 Romanum
3129 4934 3275 4989 stupe
3302 4921 3600 4976 exercitum

2016 5023 2319 5083 superaret,
2369 5014 2584 5069 tandem
2632 5014 2904 5068 exercitus
2933 5012 3051 5082 ejus
3080 5012 3349 5083 proﬂuvio
3385 5014 3598 5069 ventris

2014 5106 2249 5170 attritus,
2299 5120 2329 5159 a
2371 5103 2541 5160 Narsc
2577 5119 2749 5173 pugna
2779 5104 2954 5159 victus
2994 5114 3049 5159 et
3099 5104 3435 5174 proﬂigatus,
3482 5102 3601 5175 ipse

2011 5196 2117 5250 dux
2151 5196 2362 5251 occisus
2389 5204 2497 5251 est.
2528 5194 2636 5249 Nec
2681 5194 2858 5250 multo
2887 5202 3010 5263 post
3037 5195 3218 5250 socius
3259 5194 3380 5261 ejus
3409 5193 3600 5250 Omni-

2013 5304 2178 5360 rugus
2212 5288 2319 5343 dux
2343 5303 2465 5343 cum
2505 5286 2727 5356 reliquis
2752 5286 3053 5343 Gothorum
3085 5286 3280 5356 quibus
3309 5301 3373 5343 se
3397 5285 3600 5358 iunxit,

2012 5391 2323 5452 peremptus
2351 5389 2453 5436 est.

2015 5494 2106 5566 (Α.
2149 5493 2212 5549 C.
2246 5492 2398 5562 553.)
2426 5489 2550 5550 Ind.
2584 5507 2623 5558 I,
2654 5500 2764 5561 post
2796 5492 3123 5547 consulatum
3152 5490 3335 5547 Basilii
3366 5508 3411 5546 υ.
3436 5504 3599 5548 c.xn.

2086 5611 2498 5668 Theodehaldus
2528 5613 2863 5668 Francorum
2884 5627 2981 5669 rex
3012 5612 3261 5677 moritur,
3292 5620 3348 5667 et
3374 5624 3601 5681 regnum

2012 5706 2128 5773 ejus
2156 5718 2490 5775 uxoremque
2522 5703 2895 5760 Vanderadam
2934 5702 3219 5759 illotarius
3261 5716 3377 5770 rex,
3428 5700 3601 5772 patris

2013 5804 2130 5865 ejus
2156 5796 2514 5851 'I‘beodeherti
2543 5797 3030 5865 patruus,accepit,
3058 5796 3149 5866 qui
3169 5796 3279 5863 jam
3302 5810 3427 5853 λων
3443 5794 3600 5850 annis

2011 5890 2289 5956 regnabat.
2345 5888 2462 5959 Quo
2510 5890 2627 5969 ipso
2672 5905 2815 5948 anno
2860 5889 3133 5949 lllotarius
3183 5889 3301 5961 ipse
3351 5891 3603 5949 Saxones
